3192 4959
301 409 363 474 112
638 406 665 460 S.
695 405 853 460 Aurelii
880 404 1101 474 Augustini

300 615 386 672 num,
416 613 485 662 oum
517 614 569 660 eas
598 597 740 660 amarent
765 595 876 673 bonas,
904 594 937 659 id
965 599 1014 660 est
1042 595 1203 678 pulchras.
1241 596 1446 665 Consuetudo

301 704 418 788 quippo
445 702 621 786 scripturae
648 702 744 768 huius
773 705 832 778 est,
862 703 957 766 etiam
991 703 1154 786 speciosos
1187 722 1316 787 corpora
1346 706 1446 771 bonos

300 830 422 876 uocare.
458 809 519 876 Sed
544 813 575 876 et
597 814 767 894 postquam
791 810 851 875 hoc
874 810 994 875 iactum
1019 815 1078 888 est,
1102 811 1170 876 nati
1184 816 1267 894 ‘sunt
1290 812 1446 897 gigantes.

302 917 354 984 Sic
379 917 462 981 enim
490 917 550 982 ait:
585 916 768 1001 Gigantes
803 920 926 983 autem
960 921 1065 982 erant
1097 937 1210 1001 super
1242 922 1379 984 terram
1411 921 1447 984 in

301 1023 436 1089 diebus
465 1023 547 1090 illis
579 1027 615 1088 et
642 1028 729 1108 post
756 1024 865 1103 illud,
889 1045 972 1090 eum
999 1024 1187 1090 iutrarent
1210 1025 1287 1090 filii
1310 1026 1380 1092 Dei
1405 1027 1488 1092 ads

301 1131 407 1196 filias
432 1129 633 1198 hominurn.
666 1131 749 1215 Ergo
773 1133 807 1196 et
828 1134 901 1196 ants
924 1132 956 1196 in
979 1132 1045 1197 illis
1070 1131 1181 1198 diebus
1206 1137 1238 1198 ot
1259 1138 1336 1216 post
1356 1133 1448 1198 illud.

302 1233 394 1314 Quod
420 1241 526 1302 autem
550 1237 610 1302 ait:
643 1237 689 1302 ut.
717 1239 949 1321 generabant
976 1239 1060 1317 sibi,
1086 1239 1165 1304 sctis
1190 1240 1339 1319 ostendit,
1364 1239 1449 1323 qnod

300 1344 400 1426 prius,
430 1345 598 1426 antequam
628 1343 674 1409 sic
703 1343 852 1408 caderent
877 1345 936 1409 filii
964 1345 1034 1426 Dei,
1061 1345 1131 1410 Deo
1159 1348 1360 1431 generabant,
1388 1366 1448 1412 non

303 1449 374 1528 sibi,
408 1449 439 1513 id
473 1452 522 1514 est
554 1469 614 1515 non
648 1449 830 1515 dominante
860 1449 992 1515 libidine
1025 1451 1170 1528 coeundi,
1201 1452 1258 1516 sed
1290 1453 1448 1518 sentiente

303 1554 407 1620 officio
431 1555 637 1642 propagandi;
662 1575 722 1620 non
745 1556 900 1620 familiam
923 1557 1025 1622 fastus
1045 1556 1106 1634 sui,
1125 1557 1180 1620 sed
1200 1556 1288 1622 ciues
1306 1559 1448 1624 ciuitatis
1465 1579 1490 1623 ro

302 1661 372 1730 Dei.
397 1661 514 1743 quibus
538 1662 757 1728 adnuntiarent
780 1666 943 1746 tamquam
968 1663 1072 1748 angeli
1096 1663 1165 1741 Dei,
1184 1667 1223 1727 ut
1244 1666 1399 1746 ponerent
1417 1667 1448 1730 in

303 1768 370 1844 Deo
400 1787 488 1850 spem
517 1789 618 1847 suam,
643 1769 766 1834 similes
793 1770 892 1849 illius,
918 1771 973 1854 qui
997 1774 1090 1836 uatus
1114 1773 1165 1836 est
1187 1770 1226 1836 de
1250 1769 1339 1851 Seth,
1361 1767 1449 1837 filius

303 1874 552 1952 resurrectionis,
573 1877 605 1940 et
628 1875 768 1957 sperauit
790 1876 938 1942 inuocare
957 1896 1071 1943 nomen
1090 1877 1220 1942 Domini
1239 1875 1314 1954 Dei;
1337 1879 1370 1942 in
1388 1897 1451 1960 qua

305 2001 360 2064 spe
389 1987 497 2046 essent
524 2001 596 2046 cum
624 1984 692 2048 suia
716 1984 854 2066 posteris
878 1985 1049 2050 coheredes
1073 1988 1271 2051 aeternorum
1295 1985 1451 2051 bonorum

305 2092 338 2152 et
361 2087 420 2152 sub
444 2089 511 2153 Deo
535 2091 623 2170 patre
647 2089 758 2154 fratres
782 2091 931 2157 filiorum.
1469 2113 1492 2155 rs

349 2195 419 2260 Non
452 2200 557 2259 autem
591 2195 664 2262 illos
696 2197 743 2261 ita
770 2198 871 2262 iuuisse
899 2197 1027 2284 angelos
1055 2197 1126 2275 Dei,
1154 2203 1192 2264 ut
1218 2197 1361 2263 homines
1389 2217 1451 2263 non

306 2305 423 2376 esseut,
444 2301 528 2367 sicut
551 2303 679 2384 quidam
702 2307 825 2386 putant,
846 2302 902 2368 sed
924 2304 1068 2369 homines
1091 2305 1201 2387 procul
1225 2303 1320 2370 dubio
1339 2305 1452 2382 tuisse,

306 2409 463 2492 scriptura
486 2408 555 2492 ipsa
579 2410 645 2474 sine
669 2410 734 2474 ulla
758 2410 967 2495 ambiguitate
991 2410 1138 2477 declarat
1164 2410 1243 2477 Cum
1263 2411 1346 2477 enim
1364 2430 1454 2495 prae·

306 2517 442 2581 missurn
462 2521 557 2595 esset,
574 2517 658 2599 quod
677 2517 857 2584 uidentes
880 2517 1005 2603 angeli
1025 2518 1225 2583 Dei‘iilias
1249 2517 1453 2583 hominum,

307 2622 394 2706 quia
423 2623 540 2688 bonae
570 2627 667 2702 sunt,
701 2629 920 2690 sumserunt
948 2625 1021 2688 sibi
1049 2643 1184 2690 uxores
1212 2644 1252 2689 ex
1280 2625 1496 2690 omnibusne

307 2749 397 2811 quas
427 2730 635 2814 elegerunt,
664 2750 736 2796 mox
763 2731 949 2796 adiunctum
975 2735 1040 2797 est:
1073 2731 1118 2795 Et
1146 2732 1242 2797 dixit
1269 2731 1454 2796 Dominus

308 2835 426 2900 Deus:
461 2835 538 2900 Non
568 2837 804 2919 permanebit
837 2838 999 2919 spiritns
1031 2856 1135 2902 meus
1166 2837 1202 2901 in
1235 2836 1455 2902 hominibus

309 2943 369 3006 his
399 2943 435 3007 in
464 2945 666 3018 aeternum,
695 2946 850 3028 propter
877 2943 974 3026 quod
1002 2962 1086 3009 caro
1115 2946 1210 3009 sunt.
1248 2943 1369 3027 Spiritu
1393 2943 1455 3008 Dei

309 3049 425 3132 quippe
457 3050 582 3114 fuerant
611 3050 688 3114 facti
721 3051 827 3134 angeli
852 3051 913 3115 Dei
941 3053 973 3115 et
998 3050 1058 3114 filii
1085 3051 1155 3128 Dei,
1184 3050 1241 3114 sed
1267 3049 1454 3116 declinando

309 3155 347 3220 ad
375 3155 522 3220 inferiora
549 3156 698 3221 dicuntur
724 3157 868 3222 homines
901 3157 1026 3221 nomine
1058 3161 1199 3234 naturae,
1228 3176 1288 3222 non
1317 3157 1453 3240 gratiam
1472 3177 1500 3220 se
1574 3160 1575 3201 ἱ

308 3261 458 3326 dicuutur
480 3266 513 3328 et
536 3282 618 3340 caro,
643 3263 819 3328 desert-ores
847 3264 978 3344 spiritus
1003 3266 1036 3327 et
1058 3263 1229 3328 deserendo
1258 3262 1385 3326 deserti.
1414 3263 1456 3326 ut

310 3369 511 3454 septuaginta
539 3370 664 3452 quidem
694 3369 882 3453 interpretes
911 3373 944 3434 et
970 3369 1097 3454 angelos
1121 3370 1181 3434 Dei
1206 3369 1351 3434 dixerunt
1371 3368 1455 3434 istos

310 3479 342 3540 et
368 3474 452 3540 filios
476 3475 550 3552 Dei;
585 3476 667 3558 quod
696 3475 825 3558 quidem
852 3494 914 3539 non
944 3495 1052 3540 omnes
1081 3475 1207 3540 codices
1230 3473 1357 3553 habent,
1380 3493 1454 3538 nam

311 3581 438 3664 quidam
462 3581 523 3646 nisi
547 3582 628 3648 filios
652 3582 712 3646 Dei
736 3601 796 3646 nou
821 3581 948 3647 habent.
965 3581 1083 3664 Aquila
1106 3585 1224 3659 autern,
1248 3599 1342 3663 quem
1360 3579 1457 3644 inter·

309 3690 428 3769 pretem
458 3687 568 3753 Iudaei
597 3688 708 3754 ceteris
733 3690 937 3771 anteponunt,
961 3706 1022 3752 uon
1046 3687 1175 3771 angelos
1199 3686 1269 3766 Dei,
1293 3703 1349 3751 neo
1371 3685 1458 3752 filios
1477 3715 1504 3755 so

403 3930 434 3983 li
454 3929 499 3984 Pe.
520 3931 597 3997 77‚7

347 4054 363 4107 3
381 4053 433 4108 hoc
452 4071 503 4108 om.
524 4071 542 4108 a
597 4057 612 4110 6
633 4060 710 4108 erant
728 4072 791 4126 ergo
812 4061 841 4110 et
859 4060 922 4110 ante
937 4073 962 4122 c,·
981 4059 1115 4126 gygantes
1133 4057 1225 4110 autern
1243 4057 1329 4116 erant.
1348 4053 1462 4107 omissio

313 4147 341 4196 et
360 4147 431 4208 unte,
452 4161 471 4198 α
543 4143 571 4197 in
589 4143 644 4197 illis
668 4144 796 4214 Vcbep
810 4151 870 4212 fo;
888 4146 916 4197 in
934 4161 986 4202 om.
1004 4162 1071 4214 rpu
1089 4143 1188 4198 Domb.
1261 4143 1278 4196 9
1298 4141 1461 4196 dominante

312 4230 397 4285 sibie
469 4233 502 4286 17
522 4249 551 4286 se
575 4232 609 4286 V¹
687 4233 720 4287 18
739 4232 798 4302 ipsu
817 4249 868 4289 om.
892 4232 928 4286 V¹
1003 4235 1036 4287 21
1058 4233 1230 4302 elegeranto
1302 4231 1337 4283 23
1356 4229 1462 4300 quippe

312 4321 364 4375 Dei
384 4337 427 4375 uo
482 4321 730 4391 arrogatione
783 4324 818 4376 25
836 4323 960 4376 homines
980 4321 1139 4377 dicunturo
1192 4321 1227 4375 28
1247 4337 1314 4390 quos
1334 4317 1357 4374 ι*
