3192 4959
389 460 439 512 De
469 459 643 512 ciuitate
671 458 735 513 dei
762 460 827 514 lib.
855 459 927 514 XXI.
956 477 1032 530 eop.
1062 462 1086 513 7.
1248 465 1312 528 529

152 659 363 734 eontrarium,
388 661 425 722 ut
448 657 486 721 de
509 657 606 742 lignis
629 656 851 741 pulcherrimis
875 657 980 734 taetri,
1005 657 1133 740 fragiles
1155 656 1193 722 de
1213 657 1311 736 duris,

152 765 362 849 inputribiles
395 765 434 828 de
466 765 672 847 putribilibus
705 763 791 828 fiant.
825 763 913 827 Haeo
944 763 1011 847 ipse
1045 763 1199 846 quaedam
1240 784 1311 829 eum

153 872 283 950 multis,
318 871 471 954 quaedam
501 890 575 935 eum
604 871 750 936 omnibus
780 871 865 944 noui,
900 873 932 934 et
958 871 1020 934 alia
1051 871 1197 954 plurimo,
1232 890 1312 953 quae

152 979 234 1043 huic
266 979 348 1043 libro
379 980 516 1043 inserere
543 978 676 1061 longum
703 978 775 1042 fnit.
809 977 855 1042 De
884 977 935 1042 his
964 981 1082 1055 autem,
1116 997 1195 1059 quae
1218 978 1312 1059 posui

117 1104 220 1149 enon
245 1089 382 1167 experta,
408 1085 464 1149 sed
483 1087 577 1162 lecta,
602 1088 726 1168 praeter
750 1085 788 1147 de
812 1085 899 1148 fonte
922 1085 990 1160 illo,
1015 1083 1070 1147 irbi
1093 1085 1178 1149 laces
1198 1085 1312 1149 eustin-

152 1193 302 1274 gunntur
325 1191 469 1254 ardentes
488 1194 523 1254 et
541 1190 757 1255 accenduntur
776 1189 959 1266 exstinctae,
980 1192 1012 1253 et
1032 1189 1069 1254 de
1089 1190 1192 1271 pomis
1211 1193 1312 1255 terrae

151 1297 371 1364 Sodomorum
394 1297 571 1362 forinsecus
596 1297 687 1378 qnasi
709 1295 854 1370 maturis,
884 1297 1074 1360 intrinsecus
1100 1297 1225 1374 fumeis,
1255 1316 1312 1362 nee

150 1407 260 1468 testes
289 1403 413 1486 aliquos
440 1401 582 1480 idoneae,
612 1402 770 1484 aquibus
793 1409 901 1465 utrum
929 1421 1005 1466 uera
1028 1405 1135 1467 essent
1158 1403 1311 1482 audirem,

149 1510 250 1593 potui
282 1509 430 1592 reperire.
463 1510 505 1572 Et
536 1508 628 1573 illum
663 1509 791 1591 quidem
823 1508 942 1574 sontem
971 1528 1032 1574 non
1060 1509 1168 1574 inueni
1197 1510 1250 1592 qui
1279 1511 1311 1572 in

103 1645 129 1682 ιο
149 1617 252 1698 Epiro
283 1616 404 1680 uidisse
434 1635 467 1680 se
492 1615 644 1693 dicerent,
674 1616 730 1679 sed
754 1615 864 1698 quiin
889 1615 994 1680 Gallia
1018 1615 1156 1681 similem
1179 1620 1313 1681 nossent

148 1741 217 1790 non
246 1721 341 1805 longe
369 1741 388 1784 a
417 1721 634 1803 Gratianopoli
663 1722 804 1785 ciuitate.
833 1722 880 1786 De
910 1722 1067 1786 fructibus
1092 1725 1199 1787 autem
1223 1723 1313 1786 arbo·

148 1849 227 1892 rurn
258 1827 495 1893 Sodomitamm
522 1847 584 1893 non
613 1832 737 1892 tantum
769 1829 895 1893 litterae
927 1829 988 1893 fide
1018 1829 1131 1914 dignae
1159 1829 1310 1908 indicant,

145 1955 272 1999 uerum
295 1935 389 1998 etiam
413 1938 478 1999 tam
502 1936 598 1999 multi
622 1955 656 1999 se
683 1935 859 2016 loquuntur
882 1939 1036 2017 expertos,
1065 1937 1197 2000 uthina
1221 1937 1311 2001 dnbi-

146 2047 223 2105 tare
251 2061 315 2105 non
343 2042 474 2123 possim.
510 2043 621 2106 Cetera
648 2060 723 2105 uero
753 2040 807 2105 sio'
827 2042 939 2120 habeo,
972 2045 1008 2105 ut
1036 2061 1135 2125 neque
1168 2043 1311 2126 neganda

97 2178 125 2217 15
146 2167 261 2229 neque
295 2146 486 2211 adfirmando
524 2147 733 2221 decreuerim;
772 2147 828 2210 sed
860 2147 931 2210 ideo
965 2147 1061 2211 etiam
1098 2148 1168 2229 ipsa
1204 2149 1309 2230 posui,

146 2253 309 2336 quoniam
333 2256 411 2336 aput
435 2272 555 2330 eornm,
580 2258 687 2319 eontra
710 2273 791 2335 quos
815 2253 952 2337 agimus,
980 2252 1150 2319 historicos
1173 2254 1249 2339 legi,
1274 2261 1311 2320 ut

145 2359 356 2426 ostenderem
378 2360 484 2441 qualia
503 2359 604 2423 multa
622 2361 779 2441 multique
795 2360 922 2424 illorum
942 2361 1030 2425 nulla
1047 2361 1171 2425 reddita
1190 2362 1310 2426 ratione

144 2469 181 2531 in
224 2485 358 2530 snorum
395 2466 608 2531 litteratorum
646 2467 764 2549 scripta
801 2467 917 2531 litteris
955 2467 1094 2545 credant,
1132 2469 1185 2550 qui
1218 2469 1309 2532 nobis

144 2573 296 2648 credere,
316 2573 502 2655 quandoid,
523 2571 607 2654 quod
626 2591 735 2638 eorum
754 2573 976 2655 experientiam
997 2593 1190 2657 sensumque
1210 2580 1310 2639 trans-

92 2714 122 2750 ao
143 2680 311 2765 graditur,
345 2680 592 2761 omnipotentem
624 2681 727 2743 Deum
765 2679 901 2744 dicimus
940 2699 1010 2744 esse
1047 2681 1217 2759 fauturum,
1251 2701 1309 2746 neo

141 2787 283 2852 reddita
310 2787 431 2850 ratione
460 2785 638 2869 dignantur.
663 2787 744 2851 Nam
772 2807 853 2867 quiae
878 2787 988 2851 melior
1012 2790 1044 2851 et
1067 2787 1204 2853 ualidior
1226 2790 1307 2854 ratio

142 2895 187 2958 de
224 2893 324 2956 rebus
351 2892 471 2956 talibus
498 2892 653 2970 redditur,
686 2913 781 2975 quam
810 2913 881 2957 eum
912 2891 1120 2975 Omnipotens
1149 2913 1185 2958 ea
1213 2914 1309 2976 posse

140 3003 257 3065 faeere
288 2998 471 3081 perhibetur
499 3003 530 3061 et
558 2999 701 3063 fecturus
731 3000 856 3076 dieitur,
886 3019 966 3082 quae
994 3001 1234 3081 praenuntiasse
1262 3001 1309 3065 ibi

137 3109 284 3193 legitur,
308 3105 364 3168 ubi
387 3107 449 3169 alia
473 3107 575 3169 multa
592 3106 838 3188 praenuntianit,
859 3125 938 3188 qliae
956 3106 1072 3171 fecisse
1091 3109 1308 3172 monstratur?

87 3245 118 3284 25
138 3218 224 3298 lpse
261 3213 381 3294 quippe
412 3213 518 3289 faciet,
557 3213 631 3295 quia
663 3233 697 3277 se
729 3213 888 3277 facturum
922 3231 991 3276 esse
1025 3213 1187 3296 praedixit,
1227 3233 1308 3296 quae

135 3317 356 3405 inpossibilia
381 3322 545 3400 putantur,
579 3320 632 3401 qui
661 3319 810 3401 promisit
838 3322 869 3384 et
896 3317 973 3383 fecit
1000 3327 1037 3382 ut
1064 3319 1102 3384 ab
1135 3320 1307 3385 incredulis

137 3426 305 3514 gentibus
328 3425 526 3489 incredibilia
550 3426 761 3490 crederentur.

179 3632 366 3701 lflagilese
424 3636 489 3687 5et
507 3635 701 3702 extinguuntur
720 3651 758 3702 ep
818 3632 1013 3687 ‘lfnmineisb
1081 3633 1305 3688 1111111111-

133 3727 249 3780 borum
267 3738 285 3775 o
323 3723 356 3776 13
374 3722 455 3776 multi
474 3722 671 3791 eloquunturb
710 3724 743 3775 14
761 3723 899 3790 possintb
939 3723 970 3774 14
983 3737 1021 3789 sq.
1039 3738 1126 3790 neque
1146 3721 1306 3774 affirmanda

133 3829 241 3882 neque
260 3809 391 3879 neganda
408 3827 424 3863 o
488 3812 523 3863 211
541 3827 591 3864 nec
610 3811 644 3864 ad
663 3809 798 3864 redditam
818 3810 950 3864 rationem
970 3811 985 3864 b
1049 3813 1083 3863 23
1103 3809 1261 3880 prehibetur
1276 3807 1307 3878 9¹

133 3907 175 3958 24
196 3899 625 3972 praenuntiauit..monstratur
643 3917 694 3952 orn.
714 3900 729 3953 b
791 3901 826 3952 25
846 3899 946 3952 iseitb
1011 3900 1044 3952 26
1063 3899 1194 3968 inpossib.
1214 3914 1272 3951 esse
1292 3915 1306 3950 e

163 4494 263 4539 xm
276 4493 336 4543 Aug.
352 4501 423 4541 opera
436 4491 512 4533 sectio
527 4491 547 4532 V
560 4503 612 4543 pars
627 4491 658 4534 11.
