3192 4959
257 418 300 479 24
602 415 628 468 S.
655 412 814 469 Aurelii
840 415 1058 485 Augustini

255 608 443 691 patientiam
467 608 660 693 peruenitur.
698 610 748 673 Ita
772 610 908 674 fortasse
932 610 1028 675 timor
1051 614 1160 677 castus
1183 612 1215 676 in
1239 614 1404 679 saeculum

255 715 377 780 saeculi
406 715 510 780 dictus
539 720 590 780 est
617 734 810 798 permanere,
835 717 909 798 quia
937 717 969 781 id
992 719 1198 799 permanebit,
1223 739 1285 802 quo
1309 721 1405 785 timor

256 822 325 904 ipse
348 822 503 905 perducit.

302 926 390 1006 Quae
419 948 490 993 curn
519 928 565 992 ita
593 928 666 1005 sint,
697 929 846 1011 quoniam
873 933 959 993 recta
987 930 1055 993 uita
1083 930 1228 995 ducenda
1254 935 1316 1007 est„
1342 952 1405 1015 qna

256 1036 502 1125 perueniendum
532 1038 575 1101 sit
602 1037 641 1100 ad
664 1036 801 1115 beatam,
825 1055 935 1101 omnes
958 1036 1102 1103 adfectus
1125 1038 1206 1103 istos
1229 1038 1297 1103 uita
1320 1044 1406 1104 recta
1434 1064 1448 1102 1

255 1146 359 1209 111111
379 1143 484 1221 habet,
502 1162 654 1225 peruersa
672 1160 850 1226 peruersos.
873 1144 973 1207 Beata
990 1163 1067 1208 uero
1088 1144 1261 1225 eademque
1279 1149 1406 1210 aeterna

257 1266 395 1313 amorem
419 1249 549 1314 habebit
573 1253 605 1313 et
629 1248 781 1332 gaudium
806 1268 867 1315 non
892 1250 997 1314 solum
1020 1252 1153 1325 rectum,
1176 1269 1289 1315 uerum
1308 1252 1404 1317 etiam

254 1358 393 1429 certum;
413 1356 561 1419 timorem
583 1360 688 1419 autem
709 1374 744 1419 ao
764 1355 905 1429 dolorem
924 1356 1059 1421 nullum.
1083 1356 1175 1421 Unde
1191 1357 1256 1421 iam
1276 1362 1405 1440 apparet

257 1465 441 1542 utcumque,
470 1464 581 1543 quales
614 1481 685 1527 esse
719 1462 854 1527 debeant
886 1464 918 1527 in
950 1463 1010 1527 hac
1036 1464 1289 1548 peregrinatione
1316 1464 1404 1528 ciues

257 1568 397 1632 ciuitatis
431 1568 501 1645 Dei,
535 1569 682 1634 uiuentes
721 1570 896 1635 secuudum
932 1570 1092 1654 spiritum,
1128 1588 1189 1635 nou
1227 1570 1404 1635 secundum
1425 1598 1453 1637 ιο

256 1694 393 1752 caruem,
421 1675 482 1740 hoc
514 1679 565 1739 ost
595 1676 772 1740 secundum
801 1677 913 1755 Deum,
938 1696 999 1741 non
1029 1676 1204 1741 secundum
1232 1675 1404 1754 hominem,

257 1785 290 1846 et
317 1782 428 1864 qualos
456 1782 488 1845 in
515 1781 582 1861 illa,
607 1801 668 1865 quo
697 1782 842 1860 tendunt,
866 1782 1093 1847 inmortalitate
1120 1782 1219 1847 futuri
1243 1783 1316 1848 siut.
1354 1780 1404 1846 oi-

256 1888 341 1953 uitas
369 1907 472 1971 porro,
495 1888 530 1952 id
558 1894 607 1953 est
635 1890 782 1966 societas,
814 1889 974 1972 inpiorum
1002 1909 1064 1954 uon
1091 1889 1268 1954 secundum
1290 1888 1404 1966 Deum,

257 1995 314 2059 sod
345 1994 521 2060 secuudum
553 1996 713 2060 hominem
745 1996 925 2061 uiuentium
957 1999 990 2060 et
1016 1996 1052 2059 iu
1084 1996 1154 2079 ipso
1184 1994 1273 2059 cultu
1304 1993 1404 2058 falsae

256 2105 481 2183 contemtuque
501 2122 594 2167 uerae
613 2103 791 2167 diuinitatis
811 2103 970 2168 doctrinas
988 2103 1153 2168 hominum
1173 2103 1403 2166 daemonumue
1422 2130 1452 2171 15

255 2208 447 2273 sectantium
475 2209 526 2273 his
554 2209 733 2274 adfectibus
761 2210 868 2293 prauis
895 2213 1060 2291 tamquam
1086 2207 1205 2273 morbis
1229 2210 1262 2272 et
1283 2210 1404 2290 pertur-

256 2315 438 2381 bationibus
470 2316 623 2398 quatitur.
661 2316 703 2381 111
735 2316 763 2381 si
796 2335 876 2398 quoa
909 2317 996 2379 ciues
1028 2314 1135 2391 habet,
1163 2314 1216 2397 qui
1248 2312 1405 2377 moderari

256 2422 376 2487 talibus
405 2424 547 2489 motibus
577 2422 1204 2505 1111111111111111111111111111111,
1233 2420 1280 2484 sic
1308 2419 1406 2500 inpie·

257 2533 322 2594 tate
356 2530 484 2613 superbi
517 2532 550 2593 et
582 2530 657 2594 elati
685 2533 769 2606 sunt,
794 2533 832 2593 ut
860 2529 919 2593 hoc
947 2530 1019 2612 ipso
1047 2530 1113 2594 sint
1137 2529 1171 2593 in
1199 2528 1245 2591 eis
1267 2525 1403 2590 maiores

255 2632 409 2714 tumores,
429 2656 490 2719 quo
514 2637 651 2701 minores
676 2636 809 2701 dolores.
833 2636 875 2700 Et
898 2636 926 2700 si
949 2635 1090 2701 nonnulli
1113 2638 1201 2700 tanto
1220 2630 1403 2709 inmaniore‚
1420 2662 1451 2705 ω

255 2750 374 2825 quanto
402 2744 518 2809 rariore
549 2744 689 2809 uanitate
713 2744 828 2808 hocin
852 2744 988 2826 seipsis
1012 2742 1237 2819 adamauerint
1260 2742 1297 2803 ut
1314 2736 1402 2802 nullo

255 2870 385 2933 prorsus
415 2853 575 2936 erigantur
603 2855 635 2916 et
663 2852 848 2926 excitentur,
875 2852 962 2916 nullo
990 2851 1158 2915 flectantur
1184 2849 1288 2930 adque
1313 2843 1402 2908 incli-

257 2960 370 3022 nentur
401 2959 542 3023 adiectu:
579 2958 809 3022 humanitatem
841 2962 942 3022 totam
973 2958 1081 3041 potius
1113 2957 1273 3032 amittunt,
1307 2968 1401 3034 quam

254 3084 364 3129 ueram
397 3064 614 3147 adsequuntur
644 3064 918 3147 tranquillitatem.
956 3064 1026 3129 Non
1060 3064 1144 3129 enim
1177 3062 1251 3144 quia
1288 3060 1402 3123 durum

255 3170 388 3253 aliquid,
411 3170 483 3235 ideo
507 3174 638 3249 rectum,
664 3178 720 3235 aut
742 3171 818 3253 quia
840 3172 1006 3255 stupidum
1029 3174 1088 3250 est,
1111 3171 1182 3235 ideo
1207 3186 1328 3235 sanum.
1418 3191 1449 3235 zo

347 3363 359 3414 l
380 3360 425 3418 Ps.
446 3361 487 3425 18,
509 3361 543 3415 10

293 3529 307 3581 7
327 3528 446 3592 beatum,
465 3529 497 3583 in
514 3495 731 3599 morcinctum,
751 3546 764 3583 e
869 3528 902 3582 19
922 3528 950 3582 in
970 3528 1009 3581 eis
1027 3528 1117 3582 sintv
1220 3526 1402 3582 2111111

256 3617 291 3671 ‘24
310 3616 496 3687 adsequuntur
515 3618 572 3690 (lssf
592 3622 700 3687 quntur,
720 3617 819 3672 litteris
836 3616 901 3671 adse
919 3616 1065 3671 timiditate
1083 3616 1178 3671 doletis
1199 3616 1238 3684 V)
1257 3632 1336 3684 mss.,·
1359 3633 1401 3670 aa·

256 3711 437 3777 sequanturv
