3192 4959
343 470 394 524 De
423 471 596 526 ciuitate
625 469 687 524 dei
714 469 779 526 lib.
807 471 864 526 XV.
895 487 972 541 eap.
1000 471 1043 526 20.
1072 471 1115 525 21.
1232 475 1294 539 105

148 665 391 747 scriptumest:
424 666 469 730 Et
495 669 691 749 peceatum
719 685 839 730 meum
869 673 954 730 ante
977 685 1033 731 me
1057 669 1117 732 eet
1139 686 1295 752 semper.

148 773 319 858 Progenies
348 790 423 857 ergo
451 792 487 838 ex
514 771 617 838 Adam
644 791 701 855 per
729 771 805 838 Cain
835 773 1023 838 sceleratum
1047 775 1218 839 undenario
1241 794 1297 839 nu·

149 899 231 944 mero
267 879 387 956 finitur,
420 899 481 962 quo
518 882 685 962 peecatum
722 879 934 964 significatur:
973 884 1007 946 et
1040 880 1110 964 ipre
1146 899 1297 946 numerus

148 987 264 1053 femina
287 985 457 1064 clauditur,
481 1005 500 1050 a
524 1005 586 1069 qno
611 1005 687 1051 seru
711 985 845 1052 initium
863 988 993 1052 factum.
1012 990 1063 1054 eet
1083 989 1218 1072 peceati,
1242 1007 1298 1072 per

121 1093 232 1176 equod
258 1112 368 1158 omnes
391 1092 554 1158 morimur.
582 1091 798 1158 Commissum
823 1097 871 1158 eet
895 1095 1070 1172 autemut
1091 1098 1125 1160 et
1146 1097 1297 1178 uoluptas

149 1200 262 1276 ramiS,
287 1219 367 1282 qnae
391 1199 519 1283 spiritui
541 1199 726 1278 resisteret,
741 1204 937 1284 sequeretur.
974 1201 1057 1266 Nam
1085 1205 1119 1267 et
1139 1201 1210 1286 ipsa
1232 1202 1299 1266 filia

147 1307 286 1373 Lamech
309 1303 464 1372 Noemma
486 1305 638 1388 uoluptas
660 1307 895 1388 interpretatur.
933 1307 995 1372 Per
1017 1305 1094 1372 Seth
1122 1311 1230 1372 antem
1258 1307 1297 1370 ab

148 1413 249 1478 Adam
277 1431 382 1494 nsque
410 1411 449 1476 ad
472 1412 541 1476 Noe
569 1411 716 1477 denarius
743 1413 924 1478 insinuatur
945 1409 1111 1498 legitimae
1134 1433 1298 1479 numerus.

150 1518 206 1584 Cui
226 1518 298 1602 Noe
317 1519 383 1586 tres
401 1518 584 1584 adiciuntur
601 1517 670 1596 filii,
689 1518 772 1585 unde
791 1539 855 1584 nno
874 1521 964 1602 lapso
984 1520 1046 1585 dno
1069 1519 1299 1586 benedicuntur

112 1645 167 1692 ua
197 1629 300 1708 patre,
329 1626 366 1688 ut
396 1628 517 1694 remoto
550 1623 682 1706 reprobo
715 1629 747 1690 et
778 1625 920 1706 probatis
936 1615 1028 1690 'filiis
1061 1626 1101 1692 ad
1132 1646 1298 1692 numerum

150 1732 267 1797 additia
287 1730 387 1796 etiam,
403 1728 615 1796 duodenarius
633 1749 785 1796 numerus
804 1732 978 1810 intimetur,
995 1732 1049 1814 qui
1067 1737 1100 1797 et
1117 1734 1149 1797 in
1168 1734 1299 1817 patriar-

150 1839 282 1904 eharnm
305 1838 391 1902 etin
415 1837 632 1918 apostolorum
656 1856 787 1904 numero
811 1837 946 1922 insignis
971 1842 1030 1917 est,
1050 1844 1177 1922 propter
1196 1844 1298 1922 septe-

151 1945 230 2010 narii
253 1947 360 2026 partes
384 1943 516 2008 alteram
538 1962 595 2025 per
617 1944 748 2010 alteram
772 1943 1014 2026 multiplicatas.
1044 1945 1125 2010 Nam
1153 1951 1201 2011 ter
1224 1965 1299 2028 qna-

150 2051 232 2116 terni
258 2051 313 2116 uel
342 2053 453 2132 quater
478 2050 560 2116 terni
587 2051 693 2132 ipsum
720 2049 851 2115 fatiunt.
888 2051 949 2116 His
977 2053 1023 2116 ita
1050 2072 1085 2116 ee
1108 2053 1299 2118 habentibus

114 2158 245 2224 enideo
275 2156 536 2222 considerandum
565 2161 597 2220 at
624 2157 947 2236 commemorandum,
975 2159 1039 2222 ieta
1064 2162 1199 2241 utraque
1230 2178 1300 2242 pro·

152 2263 271 2348 geniee,
296 2283 376 2346 quae
405 2263 564 2328 distinctio
595 2263 852 2348 generationibus
876 2263 955 2329 duae
977 2265 1118 2329 insinuat
1140 2265 1299 2340 ciuitates,

152 2353 247 2434 unani
274 2371 515 2454 tenigenarum,
540 2369 669 2434 alteram
699 2372 962 2454 regeneratorum,
985 2389 1048 2453 quo
1071 2371 1165 2437 modo
1188 2375 1301 2455 postea

153 2477 199 2540 sic
226 2476 397 2541 commixta
423 2475 521 2541 fuerit
549 2475 649 2559 adque
678 2476 882 2555 emineant
907 2477 1094 2542 uniuersum
1118 2477 1301 2561 genushn-

153 2602 280 2647 manum
305 2582 444 2665 exeeptis
469 2585 541 2648 outo
566 2582 746 2648 hominibus
772 2583 895 2648 diluuio
919 2583 1020 2666 perire
1043 2585 1227 2648 mereretur.

113 2825 139 2864 „
607 2775 743 2843 curun
767 2777 851 2841 nnn.

157 2917 232 2998 Qua
256 2921 402 2985 ratione
427 2923 716 2984 commemorato
736 2919 873 2997 Enoch,
893 2919 957 3001 qui
976 2919 1052 2983 fuit
1069 2918 1179 2983 filine
1200 2917 1300 2996 Cain,

156 3027 273 3092 totius
303 3025 562 3110 generationis
591 3025 672 3090 eins
701 3045 821 3107 usqne
850 3025 893 3089 ad
922 3024 1110 3089 diluuium
1140 3025 1193 3089 sit
1220 3042 1302 3089 eon-

157 3134 301 3199 tinuata
330 3133 511 3210 narrati03
542 3136 831 3197 commemorato
860 3135 984 3196 aut-em
1007 3132 1115 3210 linos,
1140 3131 1202 3213 qni
1227 3131 1302 3195 fuit

158 3239 262 3304 filine
292 3239 393 3320 Seth,
428 3238 470 3302 ad
504 3238 737 3303 conditionis
771 3239 951 3302 humanae
984 3238 1215 3322 principium
1248 3237 1302 3301 sit

119 3373 143 3413 a
642 3345 814 3410 reditum.

198 3488 304 3553 Primo
339 3489 445 3552 antem
477 3486 664 3551 intuendum
698 3489 757 3568 eet,
787 3507 882 3570 quem
914 3487 953 3551 ad
985 3485 1126 3562 modum,
1161 3504 1232 3549 eum
1266 3504 1302 3549 en

160 3593 230 3659 Cain
258 3594 478 3679 generationes
507 3596 775 3671 enumerarentur,
805 3596 1050 3658 commemorato
1080 3596 1152 3656 ante
1179 3595 1301 3656 ceteros

244 3789 256 3840 1
278 3786 323 3842 Pe.
344 3785 387 3850 50,
408 3787 423 3840 5

194 3929 205 3981 1
222 3905 311 3997 ante],
330 3927 363 3980 r'n
380 3943 466 3998 marg.
482 3906 587 3990 eontra,
603 3943 617 3979 e
653 3928 669 3980 6
683 3927 710 3980 in
727 3927 797 3996 spui.
812 3926 973 3980 lectionibue
991 3925 1020 3978 in
1039 3926 1136 3995 spiritu
1156 3931 1181 3978 et
1194 3925 1303 3993 spiritui

158 4017 320 4084 consumme
384 4019 543 4073 inoemma
566 4015 916 4086 Veppf;noemaubu
988 4015 1151 4082 noluntasp
1216 4014 1249 4066 10
1268 4011 1302 4065 ad

159 4121 265 4159 uernum
290 4105 317 4159 V
406 4105 439 4159 13
457 4121 506 4174 per
524 4105 637 4160 alteram
655 4121 715 4173 erup.
735 4105 818 4158 lime
899 4105 933 4158 14
952 4120 980 4156 se
1000 4119 1085 4157 ome
1166 4102 1198 4157 17
1217 4119 1304 4154 unae

161 4194 192 4248 18
209 4194 257 4264 sic]
278 4195 316 4248 eit
340 4193 384 4262 1¹¹,
403 4194 427 4247 ei
445 4193 469 4248 οἱ
526 4195 559 4248 19
578 4194 665 4263 perire
683 4197 832 4248 mereretur
854 4191 955 4258 Vae²;
973 4193 1150 4261 perimeretur
1169 4191 1306 4260 be¹ppf

160 4282 242 4352 perire
260 4287 381 4338 meretur
399 4283 502 4338 diluuio
520 4298 537 4338 o
626 4284 661 4338 23
681 4299 696 4336 a
715 4286 923 4338 commemorato
944 4282 1030 4336 enoeh
1049 4282 1095 4350 qui
1114 4280 1185 4334 tibae
1204 4280 1266 4333 neth
1283 4295 1304 4348 p

161 4371 193 4423 2ss
212 4375 252 4426 ast
270 4389 322 4427 om.
343 4371 368 4427 e¹
423 4373 457 4425 27
478 4371 530 4425 VII
548 4371 772 4442 generationeeb
846 4374 1036 4425 enumerentur
1059 4370 1084 4420 V
