3192 4959
326 452 378 508 De
405 454 579 507 ciuItate
607 452 668 509 (lei
695 454 762 509 lib.
790 454 892 509 XVIII.
920 472 995 527 cap.
1023 456 1067 512 48.
1091 458 1135 511 49.
1241 460 1304 526 349

154 648 264 725 huius,
289 652 407 732 quante
429 654 506 714 tunc
534 648 708 732 apparebit,
732 649 868 732 quando,
893 650 1038 733 quisquis
1061 651 1106 717 ibi
1131 651 1200 728 erit,
1225 670 1306 717 sem-

153 774 210 837 per
233 756 305 820 erit

539 948 676 1015 CAPUT
698 949 924 1019 XXXXVIIII.

154 1092 207 1155 De
240 1089 450 1156 indiscreta
478 1091 805 1175 multiplicatione
833 1094 1033 1172 ecclesiae,
1064 1114 1135 1177 qua
1167 1095 1203 1160 in
1236 1095 1304 1161 hoo

125 1212 137 1251 ⁵
298 1198 452 1262 saeculo
476 1198 589 1262 multi
611 1198 762 1280 reprobi
785 1200 996 1265 miscentur
1019 1201 1162 1265 electis.

198 1338 237 1403 In
261 1339 322 1403 hoc
346 1357 420 1423 ergo
445 1339 573 1405 saeculo
597 1339 748 1425 maligno,
779 1339 811 1404 iu
835 1340 886 1405 hle
910 1340 1022 1407 diebus
1046 1342 1150 1419 malis,
1173 1343 1229 1409 ubi
1251 1362 1307 1425 per

152 1445 371 1509 humilitatem
389 1450 589 1527 praesentem
607 1447 747 1511 futuram
768 1452 917 1529 conparat
935 1448 1070 1514 ecclesie
1083 1448 1306 1515 celsitudinem

152 1556 186 1617 et
214 1553 367 1616 timorum
396 1551 547 1628 stimulis,
581 1552 725 1618 dolorum
752 1554 932 1633 tormentis,
965 1555 1110 1619 laborum
1137 1556 1306 1633 molestiis,

151 1659 368 1724 tentationum
408 1658 559 1741 periculis
602 1660 755 1735 eruditur,
793 1662 863 1725 sola
900 1680 955 1743 spe
991 1662 1143 1746 gaudens,
1182 1662 1305 1744 quando

111 1782 269 1831 ursanum
293 1765 420 1849 gaudet,
444 1766 540 1831 multi
561 1767 686 1850 reprobi
709 1766 885 1831 miscentur
907 1768 998 1833 bonis
1022 1770 1055 1833 et
1077 1768 1204 1851 utrique
1228 1772 1306 1832 tam-

153 1890 250 1956 quam
279 1873 311 1937 in
340 1892 487 1957 sagenam
516 1873 733 1957 euangelicam
761 1874 960 1957 colliguntur
988 1880 1019 1939 et
1042 1875 1072 1938 in
1102 1875 1304 1941 boemundo

151 1982 319 2061 tamquam
351 1977 382 2042 in
414 1978 492 2042 mari
524 1978 651 2061 utrique
683 1980 800 2045 inclusi
832 1980 954 2046 retibus
985 1980 1157 2047 indiscrete
1186 1985 1305 2061 natant,

152 2085 255 2152 donec
282 2084 485 2167 perueniatur
512 2084 551 2149 ad
573 2085 662 2159 litus,
694 2086 750 2150 ubi
774 2086 851 2150 mali
879 2091 1085 2171 segregentur
1108 2108 1126 2151 a
1147 2088 1250 2164 bonis,
1275 2091 1307 2151 et

152 2193 182 2256 in
207 2191 303 2257 bonis
327 2196 491 2274 tamquam
510 2192 541 2256 in
560 2192 682 2275 templo
707 2212 765 2259 suo
789 2193 843 2257 sit
866 2193 965 2259 Deus
990 2194 1112 2259 omnia
1134 2194 1171 2258 in
1195 2194 1306 2259 omni·

108 2314 133 2354 1⁵
151 2299 236 2365 bns.
261 2298 396 2364 Proinde
420 2317 531 2363 uocem
555 2318 636 2364 nunc
660 2298 864 2384 agnoscimus
889 2300 958 2365 eius
982 2300 1105 2382 inpleri,
1126 2300 1181 2383 qui
1198 2301 1307 2382 loque·

150 2406 249 2471 batur
280 2404 313 2469 in
345 2407 468 2487 psalmo
506 2404 609 2486 adque
643 2404 781 2470 dIcebat:
816 2405 1050 2471 Adnuntiaui
1083 2410 1119 2471 et
1151 2407 1304 2472 locutus

150 2532 247 2588 sum,
281 2512 535 2593 multiplicati
563 2516 651 2577 sunt
678 2530 792 2594 super
820 2531 1022 2579 numerum.
1051 2512 1122 2577 Hoc
1150 2512 1187 2578 fit
1210 2533 1303 2589 nunc,

150 2640 188 2684 er
212 2638 279 2702 qno
306 2619 445 2701 primum
466 2638 522 2700 per
545 2638 581 2684 os
607 2619 824 2701 praecursoris
847 2620 898 2683 sui
925 2619 1086 2695 Iohannis
1115 2619 1227 2684 deinde
1250 2640 1306 2702 per

150 2747 186 2793 os
220 2725 387 2810 proprium
415 2724 615 2790 adnuntiauit
641 2729 674 2789 et
699 2726 828 2789 locutus
859 2728 910 2789 est
937 2725 1056 2791 dicens:
1085 2724 1197 2811 Agite
1225 2746 1304 2810 pee-

106 2834 367 2911 senitentiam,
410 2832 731 2916 adpropinquauIt
772 2832 867 2897 enim
905 2852 1060 2917 reguum
1102 2831 1301 2899 caelorum.

147 2941 261 3025 Elegit
298 2938 483 3022 discipulos,
522 2958 601 3021 quos
643 2942 674 3003 et
716 2939 878 3020 apostolos
916 2938 1102 3017 nominauit,
1140 2939 1305 3005 humiliter

147 3050 258 3124 natos,
286 3045 499 3122 inhonoratos,
527 3045 730 3121 inlitteratos‚
758 3048 806 3124 ut,
835 3044 989 3127 quidquid
1017 3064 1169 3129 magnum
1197 3050 1305 3111 esseut

149 3158 183 3219 et
216 3154 369 3229 facerent,
400 3152 468 3234 ipse
500 3152 533 3215 in
565 3152 611 3216 ein
644 3154 730 3217 esset
761 3156 794 3217 et
825 3152 952 3217 faceret.
985 3151 1108 3216 Habuit
1139 3152 1221 3216 inter
1249 3172 1303 3219 eos

146 3280 263 3337 unum,
293 3278 355 3342 quo
378 3258 462 3323 malo
485 3261 579 3323 utens
602 3258 680 3324 bene
703 3262 736 3325 et
759 3278 836 3324 suae
859 3258 1017 3341 passionis
1040 3259 1176 3340 inpleret
1199 3258 1304 3341 dispo-

102 3383 129 3423 *ὓ
147 3369 252 3433 situm
291 3370 324 3430 et
359 3364 513 3430 ecclesiae
550 3384 626 3430 suae
667 3366 901 3431 tolerandorum
943 3365 1099 3429 malorum
1140 3366 1304 3447 praeberet

146 3472 344 3557 exemplum.
368 3471 539 3549 seminato,
564 3475 717 3554 quantum
740 3490 797 3554 per
820 3471 888 3536 eins
909 3471 1075 3554 oportebat
1092 3470 1301 3555 praesentiam

146 3580 360 3663 corporalem,
388 3581 498 3645 sancto
527 3578 692 3662 euangeIIo
720 3598 835 3663 passus
859 3580 918 3653 est,
947 3580 1094 3643 mortuns
1118 3580 1177 3654 est,
1201 3596 1302 3641 resur-

144 3689 240 3761 rexit,
265 3685 415 3768 passione
439 3683 608 3750 osteudens
628 3684 704 3769 quid
723 3684 880 3750 sustinere
898 3704 954 3767 pro
978 3684 1124 3763 ueritate,
1149 3701 1301 3748 resurrec-

244 3946 462 4014 11Mt13‚47
520 3942 792 4008 141.cor.1o‚28
849 3942 1044 4007 16Ps.39,6
1107 3942 1139 3996 19
1158 3940 1206 3994 Mt.
1228 3940 1252 4004 3,
1271 3940 1299 4001 2;

145 4038 230 4100 4,17
288 4036 322 4089 21
341 4034 387 4087 Le.
407 4036 433 4099 6,
454 4035 487 4088 13

182 4181 200 4235 6
219 4177 345 4246 maligno
363 4191 469 4231 saeco
545 4176 560 4227 7
580 4178 749 4243 praesentem
770 4179 795 4228 et
815 4174 929 4229 ecclesia
948 4188 1035 4241 emp
1114 4170 1147 4225 10
1167 4173 1195 4223 et
1213 4187 1263 4224 om.
1278 4186 1300 4239 p

146 4269 248 4338 utique
262 4284 287 4335 p
358 4265 393 4319 20
412 4263 676 4335 appropinquabitp
752 4266 787 4318 24
807 4264 907 4334 dispas.
927 4262 1086 4331 implereto
1158 4260 1191 4313 27
1212 4262 1240 4313 et
1257 4276 1300 4313 re-

145 4373 254 4412 curre
