3192 4959
662 473 689 527 S.
717 473 875 527 Aurelii
902 473 1117 557 Augustini

729 664 867 733 CAPUT
890 667 1052 731 XXXXII.

320 791 373 857 Do
396 792 496 857 filiis
515 792 664 874 Ioseph,
690 812 782 873 qnos
803 792 913 856 Iacob
938 793 1164 875 prophetica
1187 812 1359 856 manuum
1384 811 1457 857 sua·

565 919 647 963 rum
669 898 992 963 transmutatione
1016 898 1216 962 benedixit.

365 1022 456 1088 Siout
486 1025 592 1086 autem
621 1022 683 1086 duo
710 1022 800 1087 Isaac
824 1023 893 1089 filii.
922 1024 1004 1086 Esau
1031 1022 1189 1096 0110001),
1218 1021 1352 1105 figuram
1375 1042 1458 1104 prae·

317 1130 456 1194 buerunt
474 1130 608 1194 duorum
626 1132 816 1213 populorum
835 1130 867 1194 in
885 1129 1011 1193 Iudaeis
1032 1132 1064 1193 ot
1083 1128 1271 1193 Christianis
1292 1129 1458 1215 (quamuis,
1484 1152 1495 1192 s

320 1236 404 1319 quod
433 1236 472 1299 ad
500 1237 600 1300 carnis
629 1237 835 1320 propaginem
863 1237 1010 1318 pertinet,
1038 1255 1095 1299 nec
1117 1236 1227 1300 Iudaei
1256 1238 1402 1301 uenerint
1424 1236 1458 1299 do

320 1344 439 1407 semine
462 1344 558 1410 Esau.
583 1344 638 1407 sed
661 1344 819 1419 Idumaei;
844 1362 901 1407 nec
925 1342 1122 1407 Christianae
1152 1346 1263 1426 gentes
1293 1343 1331 1407 de
1357 1342 1458 1419 Iacob,

320 1450 376 1513 sed
404 1450 512 1532 potius
540 1450 664 1526 Iudaei;
695 1449 734 1513 ad
762 1450 822 1513 irco
852 1449 934 1513 enim
963 1451 1086 1513 tanturn
1116 1450 1218 1533 figura
1240 1450 1354 1525 ualuit,
1379 1448 1459 1531 quod

320 1555 442 1620 dictum
473 1561 535 1621 esi:
565 1557 684 1620 Maior
712 1558 856 1620 seruiet
883 1556 1046 1637 minori):
1075 1556 1121 1619 ita
1147 1556 1266 1619 factum
1296 1559 1345 1620 est
1367 1556 1460 1619 etiam

318 1663 350 1725 in
375 1662 499 1726 duobus
523 1663 598 1726 filiis
621 1664 750 1746 Ioseph3
780 1682 853 1726 nam
875 1662 976 1727 maior
1003 1664 1105 1746 gessit
1127 1666 1240 1745 typum
1262 1662 1458 1737 Iudaeomm,
1477 1684 1496 1722 n

321 1768 571 1833 Christianorum
609 1774 715 1833 autern
753 1769 864 1832 minor.
900 1766 986 1847 Quos
1020 1787 1092 1831 cum
1125 1768 1326 1832 benediceret
1356 1768 1459 1847 Iacob,

320 1895 448 1938 manum
486 1875 624 1938 dextram
661 1894 780 1958 ponens
819 1894 912 1957 super
944 1874 1097 1939 minorem
1130 1894 1223 1957 quem
1255 1874 1393 1938 habebat
1423 1874 1459 1938 ad

320 1980 491 2059 sinistram,
516 1982 677 2046 sinistram
697 2000 793 2064 super
811 1981 962 2045 maiorem
981 2001 1075 2063 quem
1094 1982 1232 2046 habebat
1250 1981 1289 2044 ad
1309 1980 1459 2045 dextram:

319 2108 416 2171 graue
453 2089 560 2152 uisum
598 2091 648 2152 est
682 2089 765 2170 patri
805 2108 923 2163 eorum,
961 2091 993 2152 ct
1025 2088 1190 2152 admonuit
1221 2092 1342 2171 patrem
1374 2090 1462 2152 uelut

319 2194 479 2278 corrigens
508 2196 577 2258 eius
606 2214 740 2259 errorem
772 2197 804 2258 et
827 2195 971 2277 quisnam
996 2212 1103 2258 corum
1129 2197 1215 2259 esset
1237 2195 1338 2257 maior
1360 2198 1461 2259 osten·
1479 2218 1500 2257 n

320 2300 405 2365 dens.
439 2302 482 2364 At
514 2301 568 2365 illc
601 2304 724 2364 mutare
757 2320 870 2365 manus
903 2301 1015 2377 noluit,
1050 2301 1105 2365 sed
1138 2300 1229 2366 dixit:
1262 2300 1362 2378 Soio,
1390 2301 1460 2370 1111.

320 2407 409 2473 scio.
438 2409 484 2472 ut
512 2408 572 2472 hic
601 2408 673 2472 erit
700 2407 735 2471 in
763 2407 954 2491 populum,
985 2412 1021 2471 et
1044 2408 1104 2472 hic
1129 2409 1373 2483 exalta-bitum
1398 2409 1462 2472 sed

319 2513 437 2578 frater
465 2516 547 2579 eius
575 2515 704 2579 iunior
731 2516 849 2579 maior
870 2514 940 2580 illo
966 2514 1047 2592 erit,
1078 2526 1114 2578 et
1138 2534 1261 2579 semen
1286 2516 1366 2580 eius
1390 2516 1464 2579 erit

318 2620 354 2683 in
387 2621 675 2685 multitudinem
708 2623 887 2705 gentium.
920 2622 1026 2686 Etiam
1059 2621 1110 2686 hic
1139 2621 1201 2686 duo
1230 2622 1285 2685 illa
1308 2623 1464 2705 promissa

320 2726 524 2791 demonstrat.
553 2728 637 2791 Nam
664 2729 717 2792 iile
746 2729 782 2791 in
811 2727 1003 2810 populum,
1032 2729 1092 2793 iste
1115 2729 1151 2792 in
1175 2728 1463 2793 multitudinem
1480 2750 1504 2789 ro

320 2836 498 2916 gentium.
527 2835 611 2915 Quid
640 2836 819 2899 euidentius
845 2854 939 2915 quam
967 2834 1016 2899 his
1047 2836 1169 2899 dnobus
1199 2835 1463 2918 promissionibus

319 2941 472 3005 contineri
495 2941 649 3023 populum
672 2942 888 3006 Israelitarum
913 2940 1083 3023 orbemque
1111 2944 1265 3005 terrarum
1288 2940 1321 3004 in
1346 2940 1464 3004 semine

318 3048 473 3125 Abrahae,
497 3048 588 3111 illum
614 3048 788 3112 secundum
813 3067 948 3126 carnem,
972 3050 1071 3111 istum
1096 3048 1270 3112 secundum
1295 3047 1412 3111 iidem?

725 3241 862 3306 CAPUT
884 3240 1061 3305 XXXXIII.

319 3365 371 3429 De
396 3366 632 3447 temporibus
655 3366 779 3449 Moysi
804 3370 839 3429 et
862 3367 949 3429 Iesu
968 3364 1071 3429 Naue
1092 3384 1131 3428 ao
1155 3365 1324 3428 iudicum
1344 3366 1464 3447 adque
1482 3386 1506 3425 se

318 3472 404 3535 inde
437 3491 580 3554 regum,
614 3491 770 3553 quorum
809 3472 956 3553 quidem
996 3472 1085 3536 Saul
1121 3472 1265 3554 primus
1298 3476 1370 3549 est,
1398 3471 1466 3535 sed

319 3579 444 3642 Dauid
471 3579 700 3661 praecipuus
730 3582 767 3642 et
799 3582 1032 3644 sacramento
1063 3578 1224 3642 habetur
1252 3582 1288 3641 et
1316 3578 1464 3642 merito.

362 3702 520 3766 Defuncto
544 3702 650 3779 Iacob,
675 3701 822 3766 defuncto
848 3701 942 3766 etiam
966 3702 1082 3785 Ioseph
1101 3722 1156 3784 per·
1173 3702 1316 3784 reliquos
1335 3706 1467 3766 centum

319 3809 526 3892 quadraginta
555 3813 706 3890 quattuor
728 3828 835 3887 annos,
860 3809 958 3873 donec
987 3808 1124 3873 exiretur
1147 3808 1184 3871 de
1208 3810 1292 3872 terra
1315 3807 1466 3893 Aegypti,

407 3985 423 4037 9
443 3982 509 4037 Gen.
529 3984 573 4048 25,
592 3984 627 4036 23
684 3985 716 4037 16
736 3983 803 4039 Gen.
823 3984 867 4049 48,
888 3984 920 4037 19

354 4107 501 4176 2100099
559 4105 788 4175 3benedicitfp
851 4106 1028 4175 bquodom.
1053 4106 1079 4159 V
1158 4107 1298 4175 pertinent
1321 4106 1348 4157 V
1433 4106 1468 4160 de

324 4194 777 4264 VabeppofDomb.;expo
850 4194 1159 4249 aadexaocorrc
1227 4194 1472 4249 9etiarnom.i¹'

319 4282 352 4338 16
372 4284 426 4336 scio
446 4282 683 4339 cascitcorr.V
752 4285 784 4336 21
806 4284 947 4338 bisonas
1029 4286 1062 4339 25
1081 4284 1123 4337 De
1142 4283 1226 4352 ihup
1335 4282 1413 4336 hiesu
1428 4285 1470 4353 sy

319 4371 353 4424 26
371 4370 435 4423 inde
452 4374 471 4439 f
474 4389 492 4440 9
504 4376 539 4439 f;
557 4371 651 4425 exinde
665 4388 739 4441 pqo
793 4374 828 4426 27
848 4388 1014 4442 praecepuus
1033 4372 1051 4440 f
1054 4390 1072 4441 9
