3192 4959
309 463 374 526 484
652 456 678 509 S.
706 454 864 508 Aurelii
891 455 1108 524 Augustini

309 657 441 739 psalmis
473 657 504 721 in
541 656 634 721 domo
668 655 747 733 eius,
782 655 867 738 quod
899 653 1017 737 ubique
1046 655 1109 718 iem
1138 655 1216 720 facit
1244 657 1390 722 ecclesia:
1421 661 1449 722 et

308 765 455 848 promisit
482 764 520 828 ab
548 763 629 844 ipsis
659 782 693 827 se
721 764 926 844 accepturum
956 761 1017 825 sibi
1045 761 1225 827 sacerdotes
1254 765 1287 827 et
1313 764 1448 834 Leuitas:

309 871 394 953 quod
422 870 519 934 nihilo
547 870 653 934 minus
681 869 750 932 fieri
777 887 861 932 nuuc
888 867 1047 932 uidemus.
1075 866 1145 934 Non
1174 869 1258 933 enim
1286 889 1448 954 exgenere

309 978 410 1040 carnis
442 976 474 1040 et
507 975 683 1059 sanguinis,
721 974 807 1038 sicut
839 977 906 1037 erat
936 974 1075 1054 primum
1111 974 1285 1039 secundum
1319 976 1448 1040 ordinem

307 1083 426 1158 Aaron3
451 1082 517 1158 sed,
542 1081 627 1146 sicut
646 1081 812 1164 oportebat
830 1080 861 1143 in
880 1083 1071 1144 testamento
1090 1099 1184 1159 nouo,
1208 1081 1265 1145 ubi
1284 1082 1448 1146 secundum
1473 1101 1483 1138 ε

309 1189 449 1253 ordinem
481 1187 718 1252 Melchisedech
755 1204 901 1250 summus
940 1186 1086 1252 sacerdos
1124 1190 1173 1251 est
1205 1187 1365 1265 Christus,
1399 1208 1448 1272 pro

309 1295 463 1376 cuiusque
487 1294 612 1370 merito,
637 1291 721 1376 qnod
745 1292 776 1356 in
802 1312 876 1356 eum
896 1293 998 1376 gratia
1021 1292 1130 1357 diuina
1153 1294 1333 1371 contulerit,
1358 1313 1449 1359 sacer·

309 1401 400 1465 dotes
433 1403 466 1464 et
492 1398 622 1463 Leuitas
652 1397 729 1481 eligi
756 1415 841 1461 nunc
868 1396 1032 1472 uidemus;
1068 1399 1122 1480 qui
1150 1418 1211 1462 non
1233 1400 1297 1465 isto
1322 1401 1448 1476 nomine,

308 1505 393 1588 quod
421 1524 515 1588 saepe
543 1503 762 1585 adsequuntur
783 1502 917 1586 indigni,
947 1503 1003 1567 sed
1027 1523 1073 1582 ea,
1104 1523 1184 1586 quae
1208 1525 1270 1570 non
1295 1511 1344 1570 est
1366 1507 1446 1570 bonis

307 1613 464 1694 malisque
489 1610 677 1686 eommunis,
701 1609 870 1673 sanctitate
894 1609 1046 1691 pensandi
1070 1613 1153 1674 sunt.
1464 1631 1482 1668 a

352 1719 440 1782 Haec
463 1735 535 1780 carm
560 1716 598 1781 de
621 1715 694 1793 ista,
719 1733 799 1798 quae
818 1733 902 1779 nunc
921 1714 1091 1797 inpertitur
1109 1717 1273 1794 ecelesiae,
1293 1717 1446 1801 perspicua

307 1825 463 1905 nobisque
486 1821 653 1886 notissima
677 1821 737 1885 Dei
760 1821 964 1886 miseratione
989 1821 1129 1900 dixisset,
1153 1824 1302 1906 promisit
1320 1829 1350 1888 et
1369 1825 1445 1891 fines.

308 1931 348 1993 ad
380 1948 459 2010 quos
490 1947 547 2011 per
580 1927 729 1991 ultimum
760 1927 915 1991 iudicium
948 1927 1032 1994 facta
1059 1929 1211 1994 bonorum
1240 1933 1446 2013 malorumque

307 2036 496 2100 discretione
527 2034 685 2110 ascietur,
719 2033 827 2098 dicens
855 2053 912 2115 per
938 2034 1136 2117 prophetam,
1170 2037 1222 2100 uel
1253 2036 1292 2100 de
1326 2036 1445 2100 Domino

308 2143 414 2207 dicens
446 2141 516 2222 ipse
547 2140 716 2222 propheta:
739 2138 832 2221 ,Quo
870 2142 977 2206 modo
1012 2142 1107 2205 enim
1141 2142 1288 2207 eaelum
1320 2155 1479 2207 nouumu
1549 2103 1550 2190 i

307 2253 345 2314 et
370 2254 470 2312 terra
497 2265 595 2310 noua
622 2247 790 2311 manebit
813 2266 937 2312 coram
965 2267 1032 2325 me,
1062 2249 1159 2314 dicit
1181 2249 1373 2324 Dominus,
1398 2249 1444 2312 sie

308 2352 428 2417 stabit
470 2371 595 2417 semen
636 2356 808 2417 uestrum
851 2356 888 2417 et
923 2373 1053 2418 nomen
1092 2359 1274 2433 uestrum,
1313 2363 1348 2419 et
1382 2353 1444 2418 erit

308 2458 447 2524 mensis
473 2478 513 2522 ex
536 2477 662 2523 mense
686 2463 722 2523 et
745 2459 945 2524 sabbatum
969 2479 1009 2524 ex
1039 2461 1204 2528 sabbato.
1229 2462 1364 2526 Veniet
1385 2479 1442 2524 orn·

307 2567 364 2630 nis
403 2585 486 2630 caro
526 2565 562 2628 in
597 2570 804 2648 conspectu
836 2585 915 2631 meo
949 2567 1104 2632 adorare
1137 2569 1173 2632 in
1205 2568 1443 2633 Hierusalem,

307 2672 403 2736 dixit
435 2671 632 2746 Dominum
666 2677 703 2736 et
734 2673 980 2756 egredientur
1013 2678 1049 2738 et
1080 2675 1267 2740 uidebant
1295 2675 1480 2740 membran

306 2779 507 2854 hominum,
532 2779 595 2860 qui
619 2779 876 2861 praeuaricati
902 2783 989 2845 sunt
1011 2781 1046 2844 in
1070 2801 1136 2846 me.
1161 2781 1307 2846 Vermis
1331 2799 1441 2846 eorum

306 2903 377 2948 non
413 2885 605 2963 morietur,
644 2889 681 2949 et
712 2885 813 2968 ignis
848 2905 972 2951 eorum
1006 2905 1077 2952 non
1111 2891 1382 2973 exstinguetur.
1411 2898 1442 2950 et

307 2993 417 3053 eruut
443 2989 548 3052 uisui
575 2990 673 3054 omni
702 2992 813 3057 carni.
842 2993 892 3056 Ad
920 2993 979 3057 hoc
1007 2993 1069 3058 ists
1096 2995 1251 3078 propheta
1274 2994 1443 3060 terminauit

306 3097 433 3172 librum,
466 3095 506 3158 ad
539 3097 623 3178 quod
655 3099 877 3163 terminabitur
910 3099 1083 3165 saeculum.
1118 3100 1256 3180 Quidam
1289 3121 1359 3168 saue
1388 3118 1442 3164 roa

307 3201 504 3284 interpretati
534 3205 622 3266 sunt:
651 3203 817 3268 Membra
840 3205 1042 3286 hominum,
1072 3207 1127 3271 sed
1151 3207 1334 3274 cadauera
1356 3207 1441 3271 uiro·
1458 3211 1479 3250 ss

307 3327 399 3384 rum,
422 3327 477 3389 per
500 3307 654 3372 cadauera
677 3309 892 3392 significantes
918 3312 1096 3378 euidentem
1122 3333 1288 3397 corporum
1307 3331 1442 3399 poenamz

308 3415 453 3497 quamuis
486 3414 620 3479 cadauer
652 3415 714 3480 nisi
746 3435 817 3480 caro
856 3419 1007 3484 exanimis
1045 3439 1105 3484 non
1139 3423 1242 3487 soleat
1273 3417 1443 3502 nuncupari,

308 3520 365 3584 illa
391 3539 466 3584 uero
491 3521 628 3586 animata
652 3526 744 3586 erunt
772 3542 913 3606 corpora,
942 3525 1081 3608 alioquin
1105 3527 1193 3591 nulla
1216 3532 1360 3611 poterunt
1378 3545 1443 3589 sen-

398 3765 414 3817 6
432 3765 477 3819 Ps.
498 3765 558 3832 109,
577 3767 595 3819 4
652 3767 684 3820 15
702 3767 775 3820 Esai.
795 3768 840 3830 66,
860 3769 894 3821 22
914 3785 973 3839 sqq.

344 3890 356 3941 l
377 3889 474 3957 palmis
491 3905 509 3958 9
580 3887 648 3942 fecit
665 3907 679 3944 e
686 3907 705 3960 9
758 3893 774 3944 5
794 3892 884 3946 Aaron
903 3909 989 3962 aeque
1008 3895 1046 3948 od
1064 3894 1211 3950 secundum
1231 3897 1343 3950 ordinem
1362 3893 1441 3947 ciart

307 4007 324 4058 6
342 4003 524 4057 melchisedec
543 4023 557 4074 ρ
577 4004 701 4072 ‘itemque
718 4008 839 4075 saepius*
859 4008 975 4077 Domt.;
993 4009 1209 4066 melchisedhaec
1229 4012 1245 4065 b
1330 3973 1442 4072 summit

307 4109 338 4146 ao
357 4092 482 4146 sacerdos
502 4097 530 4146 et
545 4110 564 4161 9
632 4093 761 4148 idiuins
780 4097 902 4164 matisc
970 4099 1112 4169 Selegip
1185 4101 1283 4170 quiet
1343 4099 1440 4164 anon]

306 4198 377 4234 nnnc
396 4197 410 4235 c
492 4181 524 4233 12
544 4182 570 4234 in
590 4182 656 4235 fines
676 4183 691 4236 b
776 4184 809 4238 15
828 4187 941 4255 nonum]
959 4186 1086 4257 inquiunt
1103 4205 1121 4258 9
1204 4192 1237 4245 16
1257 4189 1319 4244 dicit
1336 4187 1442 4254 αὸρρς

306 4270 376 4322 dixit
395 4285 459 4339 ο9ο
543 4273 573 4324 17
594 4277 622 4325 et
640 4289 738 4327 nomen
757 4281 877 4329 uestrum
897 4293 946 4331 ono.
967 4277 983 4330 d
1062 4279 1096 4332 25
1117 4277 1234 4332 uirorum
1253 4297 1299 4350 per
1315 4275 1440 4330 cadauera

306 4374 358 4410 om.
378 4357 394 4410 b
