3192 4959
332 458 382 510 De
410 460 583 512 ciuitate
611 458 673 512 dei
701 459 764 512 lib.
794 459 879 513 xxu.
909 478 983 528 cap.
1013 464 1037 514 Γ).
1066 464 1091 514 u.
1218 469 1281 529 591¹

128 656 269 717 aetatem
303 653 408 718 minus
440 654 491 718 his
525 654 679 718 sescentis
716 656 806 718 annis
843 656 906 719 iarn
945 657 1130 721 inueteratis
1167 658 1283 722 litteris

128 761 236 841 adque
261 760 412 825 doctrinis
437 761 584 843 omnique
608 761 663 825 illo
687 762 819 843 antiqno
839 781 874 826 en
893 763 1015 827 inculta
1033 763 1196 828 hominurn
1216 765 1284 828 uita

129 885 238 930 errore
262 867 388 932 sublato
411 868 513 932 finisse
537 867 718 931 cemimus)
744 869 785 932 Et
808 869 903 951 paulo
929 875 1002 952 post
1026 869 1064 932 de
1089 869 1197 934 eodem
1223 871 1286 933 Ro-

128 976 219 1038 mulo
249 975 295 1039 ita
322 974 475 1056 loquitur,
500 975 585 1056 quod
614 974 652 1037 ad
681 976 765 1039 hunc
793 976 929 1056 pertinet
959 995 1102 1038 sensam:
1142 977 1196 1039 ‘Ex
1220 995 1289 1058 qno·

93 1101 106 1140 ε
127 1081 277 1164 intellegi
302 1086 417 1165 potest,
440 1081 554 1162 inquit,
578 1081 745 1164 permultis
771 1081 860 1145 anuis
885 1091 956 1145 annte
979 1082 1153 1146 Homerum
1183 1083 1282 1147 fnisse

126 1205 227 1268 quam
247 1188 431 1254 Romulum.
450 1189 569 1252 utiam
594 1187 696 1251 doctis
720 1187 903 1252 hominibus
927 1207 963 1252 ac
986 1189 1183 1270 temporibus
1202 1190 1282 1273 ipsis

126 1293 267 1358 eruditis
300 1293 339 1357 ud
372 1293 554 1378 fingendum
585 1293 636 1357 nix
669 1295 838 1376 quicquam
874 1298 959 1358 esset
990 1295 1062 1359 loci.
1099 1297 1282 1379 Antiquitas

126 1401 216 1463 eninr
256 1400 370 1480 recipit
405 1400 541 1475 tabulas,
574 1399 664 1463 fictas
703 1401 800 1464 etiam
838 1420 1074 1484 nonnumquam
1106 1403 1284 1471 incondite:

124 1507 210 1570 haec
234 1511 321 1570 aetas
345 1507 537 1570 antemium
563 1507 697 1584 exculta,
717 1509 903 1588 praesertim
927 1507 1057 1572 eludens
1081 1528 1173 1572 omne
1198 1510 1286 1590 quod

79 1635 104 1671 ro
125 1613 198 1676 lieri
221 1631 284 1676 non
307 1618 424 1694 potest,
447 1613 591 1696 respuit'
629 1613 717 1677 Unus
742 1633 758 1677 e
782 1633 914 1679 numero
944 1615 1202 1680 doctissimorum
1228 1617 1280 1680 ho-

123 1722 255 1784 minum
282 1720 429 1803 idemque
458 1721 739 1802 eloquentissimus
765 1722 907 1785 omnium
930 1722 1056 1786 tianeus
1081 1723 1206 1788 Tullius
1232 1723 1284 1787 Ci-

124 1847 201 1891 eero
232 1831 398 1909 propterea
425 1828 503 1891 dicit
528 1825 728 1890 diuinitatem
752 1828 883 1892 Romuli
906 1827 1094 1892 mirabiliter
1118 1829 1279 1896 creditam.

123 1932 216 2015 quod
246 1932 370 1996 erudite
396 1933 458 1996 iarn
488 1937 630 2015 tempora
653 1933 792 2010 suerunt,
818 1953 898 2016 quae
922 1935 1096 1998 salsitatem
1120 1955 1181 1998 non
1205 1936 1280 1999 reci·

121 2043 243 2122 pereat
274 2039 462 2104 fabularum.
503 2038 582 2117 Quis
617 2042 724 2102 entem
756 2041 932 2106 Romulum
964 2041 1058 2104 deum
1085 2041 1147 2104 nisi
1180 2041 1280 2105 Roma

76 2165 101 2203 1⁵
122 2145 278 2224 credidit,
306 2146 408 2228 adqne
435 2147 467 2209 id
495 2165 594 2227 parua
622 2151 654 2209 et
680 2147 856 2229 incipiens?
894 2147 974 2210 Tum
1004 2148 1115 2211 deinde
1143 2149 1279 2230 posteris

122 2271 259 2317 seruare
286 2254 390 2317 fuerat
415 2272 546 2318 necesse
575 2253 660 2334 quod
688 2261 874 2337 acceperant
898 2275 916 2318 a
939 2255 1123 2332 maioribus,
1147 2259 1183 2318 ut
1207 2275 1278 2320 cnm

119 2363 192 2426 ista
221 2359 448 2442 superstitione
476 2361 508 2423 in
536 2361 620 2424 laete
648 2360 786 2441 quodam
817 2361 911 2425 modo
936 2361 1046 2425 matris
1072 2361 1191 2426 ebibita
1216 2381 1280 2426 cre·

120 2472 234 2533 sceret
267 2467 381 2532 ciuitas
413 2467 515 2550 adque
548 2467 588 2531 ad
615 2471 680 2530 tarn
708 2487 861 2551 magnum
888 2469 1067 2550 perueniret
1098 2469 1283 2550 imperium.

119 2579 161 2638 ut
188 2593 227 2638 ex
252 2574 320 2638 eins
340 2574 480 2660 fastigio,
500 2574 593 2639 uelut
612 2593 647 2638 ex
666 2574 777 2638 altiore
797 2575 933 2656 quodam
954 2577 1033 2651 loco,
1054 2575 1132 2639 alias
1153 2594 1278 2658 quoque

73 2701 98 2734 20
120 2683 254 2764 gentes
280 2680 395 2761 quibus
420 2679 643 2755 dominaretur,
668 2681 726 2744 hac
751 2699 810 2744 sue
834 2681 979 2762 opinione
1002 2681 1216 2762 perfunderet,
1242 2687 1278 2747 nt

119 2808 188 2852 non
220 2786 349 2867 quidem
379 2787 553 2864 crederent,
582 2787 638 2851 sed
666 2791 772 2854 tamen
802 2787 941 2851 dicerent
973 2788 1066 2852 deum
1094 2789 1277 2864 Romulum,

119 2916 160 2959 ne
198 2893 376 2970 ciuitatem,
405 2894 456 2957 cui
490 2893 680 2970 seruiebant,
710 2893 747 2956 de
776 2895 938 2957 conditore
972 2895 1040 2958 eius
1073 2895 1276 2960 offenderent.

118 3003 222 3066 aliter·
247 3019 319 3063 eum
338 3000 526 3064 nominando
548 3019 642 3081 quam
661 3001 773 3075 Roma,
794 3019 873 3082 quae
893 3001 925 3064 id
946 3021 1004 3065 non
1026 3021 1129 3066 amore
1150 3002 1274 3083 quidem

14 3088 15 3091 Ἴ
116 3109 225 3173 huius
255 3108 377 3185 erroris,
407 3107 463 3171 sed
490 3111 596 3171 tamen
626 3107 743 3172 amoris
774 3126 876 3171 errore
910 3107 1090 3173 crediderat.
1129 3106 1280 3173 Christus·

68 3233 95 3268 ²⁵
115 3220 235 3280 antem
264 3233 458 3295 quamquam
486 3215 529 3278 sit
559 3214 705 3278 caelestis
736 3218 768 3277 et
796 3214 1005 3296 sempiternae
1033 3215 1177 3278 conditor·
1200 3215 1275 3279 cini-

115 3323 214 3398 tatis‚
244 3340 306 3384 non
334 3325 440 3385 tamen
468 3340 552 3397 eum,
581 3320 730 3402 quoniam
763 3320 802 3383 ab
836 3320 891 3382 illo
926 3319 1052 3386 condita
1085 3325 1143 3399 est,
1173 3321 1273 3385 Denrn

114 3426 273 3504 credidit,
302 3427 357 3491 sed
384 3427 456 3491 ideo
484 3427 593 3508 potius
623 3431 673 3490 est
701 3426 872 3502 condenda,
897 3428 972 3508 quia
996 3427 1137 3491 credidit.
1175 3429 1274 3492 Roma

157 3697 254 3764 liris]
274 3695 355 3748 bisc
401 3697 692 3765 domuiumqnemes.
738 3661 910 3766 tadhdcp
956 3697 1275 3765 5pernrnltosube²a

111 3794 129 3844 6
153 3793 189 3842 ut
211 3785 338 3854 aldoctis
358 3786 374 3838 d
389 3803 466 3852 erce,
482 3785 497 3837 b
535 3788 552 3839 s
567 3787 665 3855 recipit
679 3803 787 3855 acpp,·
806 3787 909 3856 recepit
923 3787 938 3839 b
950 3805 963 3855 ρ
975 3804 988 3839 o
1002 3785 1100 3840 Domo.
1158 3785 1244 3839 factas
1257 3805 1275 3855 p

111 3883 130 3932 9
152 3883 189 3931 ut
211 3875 304 3929 editur
327 3893 401 3941 nroa.,·
421 3891 524 3943 porum
542 3876 637 3944 placet
654 3875 801 3944 Maduipii
824 3875 978 3930 emerendo
1001 3879 1057 3928 tam
1083 3875 1174 3928 exulta
1197 3892 1273 3944 pree-

111 3967 220 4020 sertim
239 3963 404 4032 etprudene
444 3965 475 4016 15
495 3970 556 4033 atq,·
577 3963 714 4034 adparuu
733 3963 938 4032 etinsipiensb
994 3968 1058 4017 tunc
1076 3981 1094 4031 p
1133 3965 1164 4018 17
1180 3981 1275 4033 super-

112 4089 284 4154 Jstiticione,
303 4089 313 4141 i
333 4105 456 4158 eruam]
508 4090 539 4142 19
560 4089 675 4157 quodam
689 4067 783 4154 Ιιιιᾳᾴφ,
803 4089 835 4141 in
854 4105 938 4156 ruurp.
957 4088 1026 4150 loco,
1046 4104 1059 4141 e
1108 4089 1143 4141 23
1163 4104 1272 4156 amares.

110 4192 271 4247 terne..p
326 4179 361 4231 24
381 4177 479 4230 amoris
498 4193 641 4247 eernerep
694 4179 728 4230 25
749 4194 829 4246 quam
849 4177 919 4230 sitb
997 4177 1176 4245 sempiternae
1195 4177 1272 4230 cedda

105 4273 232 4341 praeter
251 4285 273 4336 ρ,
291 4282 322 4332 o,·
341 4268 496 4334 aeternaep
514 4265 613 4319 Domb.
664 4266 698 4318 26
718 4282 771 4318 non
790 4270 880 4318 tannen
900 4281 986 4334 usque
1005 4263 1044 4318 ad
1062 4263 1177 4319 credidit
1196 4281 1245 4319 our.
1262 4284 1274 4316 e

109 4362 148 4413 27
173 4360 221 4412 eet
239 4371 292 4409 om.
308 4371 327 4423 p
399 4355 464 4422 quio
482 4353 598 4408 credidit
617 4355 754 4424 abppu3
772 4353 860 4408 credit
878 4370 891 4408 e
913 4353 1008 4408 Domb.
