3192 4959
356 421 407 474 De
436 421 610 475 ciuitate
638 421 700 474 dci
727 420 792 475 lib.
822 421 892 476 XXI.
922 437 996 490 cap.
1025 422 1068 474 ⁶26.

135 619 289 700 perpetua
322 613 522 677 damnatione
554 613 733 690 mittentur,
770 613 832 677 iste
865 617 972 676 autem
1005 613 1129 678 dextros
1167 614 1289 695 probat.

137 723 201 788 Sed
229 723 308 787 alios
338 740 447 786 eorum
479 720 523 784 sic
546 721 670 802 probat,
694 723 732 784 ut
754 719 945 798 aedilicium,
974 719 1058 801 quod
1084 739 1178 802 super
1202 719 1288 786 Chri-

137 835 224 895 stum
256 827 498 893 fnndamentum
532 827 570 890 ab
599 825 645 889 eis
672 825 831 890 inuenerit
860 847 930 890 esse
963 831 1193 904 constructum,
1227 845 1288 890 non

136 940 247 1002 exurat
274 935 376 1015 adque
404 935 588 1006 consumat;
622 933 701 996 alios
729 936 836 996 autern
865 933 965 1003 aliter,
994 933 1027 996 id
1057 936 1115 1009 est,
1144 939 1181 996 nt
1204 934 1289 1016 quod

106 1041 482 1127 ssuperaedificauerunt
514 1039 622 1103 ardeat
655 1040 869 1120 damnumque
902 1040 973 1104 inde
1002 1041 1172 1123 patiantur,
1207 1041 1289 1104 salui

135 1151 214 1214 fiant
238 1154 356 1224 autem,
381 1145 529 1229 quoniam
555 1145 719 1212 Christum
743 1147 773 1208 in
798 1145 1003 1211 fundamento
1028 1147 1187 1210 stabiliter
1205 1149 1288 1228 posi-

135 1261 206 1320 tum
230 1252 435 1338 praecellenti
459 1251 589 1315 caritate
614 1254 793 1314 tenuerunt,
820 1251 852 1316 Si
877 1257 984 1315 autem
1009 1253 1090 1316 salui
1113 1251 1198 1330 tient,
1220 1272 1289 1334 pro-

134 1363 220 1426 fecto
245 1365 278 1425 et
300 1361 339 1424 ad
359 1358 517 1423 dexteram
538 1359 670 1422 stabunt
688 1361 720 1421 et
738 1377 809 1421 cnm
832 1359 946 1422 ceteris
966 1358 1108 1422 audient:
1130 1359 1286 1438 Venite,

134 1465 347 1533 benedicti
389 1465 522 1547 patris
564 1465 650 1541 mci,
694 1464 906 1547 possidete
944 1469 1128 1548 paratum
1165 1466 1287 1531 nobis

94 1594 313 1660 roregnum,
346 1592 407 1637 non
440 1572 479 1636 ad
512 1572 683 1643 sinistram,
716 1571 771 1636 ubi
805 1571 852 1635 illi
886 1575 988 1648 erunt,
1022 1573 1076 1654 qui
1108 1573 1188 1637 salui
1227 1592 1288 1638 non

135 1685 229 1745 erunt
257 1685 289 1744 et
317 1680 388 1744 ideo
412 1679 554 1743 audient:
588 1679 805 1743 Discedite
839 1699 857 1742 a
888 1699 955 1757 me,
991 1679 1215 1759 maledicti,
1249 1680 1286 1743 in

133 1790 267 1872 ignem
300 1790 517 1850 aeternum.
550 1785 651 1850 Nemo
685 1785 801 1869 quippe
833 1786 871 1849 ab
904 1785 959 1849 illo
993 1787 1065 1869 igne
1099 1787 1286 1858 saluabitur,

135 1895 212 1976 quia
242 1894 275 1957 in
308 1893 502 1976 supplicium
535 1898 696 1956 aeternum
728 1892 821 1956 ibunt
853 1893 902 1956 illi
930 1911 1049 1966 omnes,
1082 1893 1137 1956 ubi
1167 1893 1286 1958 uermis

133 2021 243 2064 eorum
264 2020 325 2064 non
344 2000 479 2063 moritur
497 2002 529 2062 et
548 1999 632 2082 ignis
653 2019 712 2063 non
733 1999 954 2082 exstinguitur,
979 2019 1039 2080 quo
1061 2000 1288 2064 cruciabuntur

90 2135 115 2173 15
134 2109 185 2173 die
210 2127 246 2171 ac
269 2112 362 2171 nocte
385 2107 417 2200 in
442 2106 571 2170 saecula
594 2107 804 2171 saeculorum.

177 2217 259 2279 Post
280 2214 376 2278 istius
401 2233 476 2277 sane
501 2212 640 2294 corporis
664 2215 810 2286 mortem,
836 2212 934 2276 donec
959 2213 997 2276 ad
1016 2213 1108 2277 illum
1128 2213 1284 2286 ueniatnr,

133 2323 189 2405 qni
213 2326 288 2403 post
310 2319 573 2384 resurrectionem
599 2336 767 2400 corporum
790 2317 918 2383 futurus
945 2323 993 2382 est
1018 2319 1229 2384 damnationis
1254 2325 1287 2383 et

131 2425 397 2492 remunerationis
421 2426 557 2489 ultimus
582 2425 660 2502 dieS,
690 2425 718 2490 si
741 2425 802 2489 hoc
825 2425 977 2507 temporis
1002 2426 1170 2490 interuallo
1196 2427 1285 2509 spiri-

131 2538 186 2598 tus
222 2533 443 2597 defunctorum
476 2531 544 2595 eins
579 2532 665 2594 modi
697 2531 803 2615 ignem
841 2531 990 2596 dicuntur
1026 2533 1156 2614 perpeti,
1191 2552 1285 2615 quem

86 2667 112 2707 ao
131 2661 194 2706 non
224 2641 362 2704 sentiant
388 2638 446 2713 illi,
480 2638 535 2720 qni
562 2657 622 2702 non
652 2638 831 2703 habuerunt
860 2641 940 2704 tales
968 2657 1072 2704 mores
1102 2642 1134 2702 et
1163 2657 1285 2702 amores

130 2749 162 2812 in
194 2747 292 2810 huius
321 2746 460 2828 corporis
488 2745 566 2821 nita,
596 2748 633 2808 ut
661 2764 768 2808 eornm
797 2745 895 2828 ligna,
924 2746 1042 2822 fenum,
1072 2745 1191 2828 stipula
1215 2764 1285 2808 con-

130 2857 293 2926 sumatum
327 2852 379 2916 alii
412 2871 487 2916 uero
517 2852 665 2928 sentiant,
700 2853 753 2933 qui
782 2853 851 2916 eius
885 2852 972 2917 modi
1001 2871 1108 2916 secum
1143 2852 1286 2916 aedificia

129 2963 349 3043 portauerant,
373 2959 443 3023 siue
466 2957 512 3022 ibi
535 2961 670 3029 tantum,
695 2959 765 3022 siue
789 2961 822 3022 et
844 2959 896 3023 hic
916 2959 1022 3036 stibi,
1047 2960 1115 3022 siue
1138 2958 1209 3021 ideo
1234 2957 1286 3022 hic

129 3071 168 3133 ut
191 3087 254 3130 non
277 3066 323 3130 ibi
346 3064 531 3141 saecularia,
555 3065 703 3146 quamuis
728 3083 745 3127 a
770 3065 969 3130 damnatione
989 3064 1135 3129 ueniaiia.
1160 3082 1285 3130 concre-

83 3199 110 3238 as
128 3177 271 3239 mantem
294 3173 402 3256 ignem
428 3173 628 3236 transitoriae
652 3171 869 3234 tribulationis
893 3171 1072 3235 inueniant:
1097 3190 1158 3235 non
1182 3172 1284 3236 redar-

129 3299 206 3366 guo,
237 3280 312 3360 quia
338 3279 470 3344 forsitan
501 3298 612 3342 uerum
639 3285 696 3341 est.
726 3279 839 3342 Potest
863 3279 979 3361 quippe
1004 3277 1042 3342 ad
1067 3279 1160 3342 istam
1185 3279 1285 3342 tribu-

127 3388 284 3452 lationem
316 3387 471 3468 pertinere
505 3386 600 3449 etiam
633 3405 719 3448 mors
751 3385 822 3467 ipsa
856 3386 969 3460 caruis,
1003 3405 1082 3468 quae
1120 3384 1157 3448 de
1191 3383 1284 3467 primi

126 3494 254 3577 peccati
293 3493 525 3575 perpetratione
559 3497 710 3574 concepta
743 3495 803 3568 cst,
841 3494 878 3554 nt
916 3492 1091 3555 secundum
1130 3492 1284 3572 cuiusque

126 3599 312 3666 aedilicium
335 3605 464 3681 tempus
488 3597 573 3679 quod
593 3617 662 3661 eam
684 3598 829 3678 sequitur
848 3598 886 3660 ab
906 3617 1098 3679 unoquoque
1119 3599 1283 3662 sentiatur.

83 3735 109 3771 :n
127 3707 371 3771 Persecutioncs
397 3724 533 3786 quoqne,
564 3704 680 3785 qrribus
703 3708 859 3785 mart-pres
884 3703 1023 3768 coronati
1052 3708 1181 3767 suntet
1206 3723 1283 3785 quas

223 3915 255 3968 13
275 3915 325 3968 Mn.
345 3915 371 3978 9,
390 3913 425 3968 45
485 3917 516 3968 15
535 3913 619 3983 Apoc.
639 3913 683 3976 20,
705 3913 738 3966 10

165 4041 183 4092 3
203 4038 383 4092 constrictum
403 4039 427 4092 e¹
485 4040 518 4091 14
537 4038 666 4090 moritur.
679 4079 685 4090 .
698 4081 703 4093 .
716 4037 885 4099 extinguitur
904 4053 944 4102 ep
955 4054 983 4104 ρ,-
1002 4035 1146 4088 morietur.
1160 4078 1165 4087 .
1177 4077 1183 4088 .
1196 4037 1279 4088 extin-

1119 4111 1126 4140 t

127 4119 660 4223 guitummorietur...extingnetur
681 4154 750 4205 aba
839 4155 870 4204 lit
890 4153 961 4214 sice
1047 4153 1078 4204 21
1103 4118 1166 4218 dtp
1254 4157 1283 4204 ct

126 4243 220 4295 fenum
245 4245 274 4296 et
297 4241 400 4311 stipula
419 4259 460 4310 ep
552 4245 585 4296 ‘25
610 4242 752 4294 inueniant
773 4259 791 4310 p
882 4241 915 4292 26
941 4239 1013 4308 quod
1039 4258 1070 4292 nr.
1097 4244 1116 4292 2
1139 4241 1170 4291 irc
1192 4255 1281 4294 rosc

126 4333 162 4384 27
180 4347 255 4384 mors
274 4330 335 4400 ipsa
354 4330 461 4399 bepp5
478 4331 539 4401 ipss
557 4348 629 4384 rnors
647 4347 663 4383 o
682 4330 781 4384 Donat.
855 4329 961 4398 peccati
980 4329 1058 4398 prirni
1078 4345 1093 4382 v
