3192 4959
254 425 318 488 106
608 421 634 475 S.
662 420 820 475 Aurelii
846 420 1064 490 Augustini

254 619 400 697 posteros
425 615 493 682 eius
517 617 583 694 illo,
607 617 638 680 in
664 615 755 680 cuius
780 617 906 680 nomine
929 615 1056 680 condite
1079 618 1130 680 ost
1152 615 1279 692 ciuitas,
1297 614 1332 678 id
1355 618 1407 680 ost

254 722 373 798 Enoch,
402 723 541 787 contexti
572 725 649 788 sunt
680 721 777 787 ceteri
807 741 912 803 usque
940 721 980 786 ad
1010 722 1102 787 illum
1135 721 1241 799 linem,
1269 721 1308 786 de
1341 740 1405 803 quo

254 831 382 894 locutus
398 847 479 906 sum,
495 828 594 894 donec
612 829 693 894 illud
713 848 813 913 genus
833 829 936 910 adque
954 830 1105 893 uniuersa
1121 847 1262 914 propago
1281 828 1406 892 diluuio

256 934 427 1010 deleretur;
457 955 529 1000 cum
557 954 632 1000 uero
661 935 747 1000 filius
776 934 854 1001 Seth
882 953 965 1000 uuus
993 939 1260 1002 commemoratus
1289 935 1408 999 fuisset

255 1042 350 1119 Eros,
383 1042 523 1108 nondum
554 1061 658 1126 usque
690 1043 730 1108 ad
763 1042 920 1108 diluuium
954 1041 1071 1106 additis
1104 1043 1218 1107 ceteris
1250 1042 1407 1106 articulus
1436 1063 1454 1102 s

256 1147 384 1229 quidam
407 1148 617 1232 interponitur
645 1152 678 1213 et
704 1149 836 1215 dicitur:
868 1149 943 1213 Hic
970 1149 1069 1213 liber
1096 1149 1318 1213 natiuitatis
1347 1149 1407 1213 ho·

256 1255 404 1334 minum,
435 1275 504 1338 qua
532 1257 592 1320 die
619 1256 713 1322 iecit
739 1256 842 1321 Deus
869 1253 997 1332 Adam,
1026 1255 1071 1320 sd
1101 1255 1307 1340 imaginem
1337 1255 1407 1320 Dei

255 1361 351 1426 fecit
373 1362 493 1426 illum.
517 1361 727 1428 Masculum
751 1367 787 1427 et
810 1362 989 1427 seminam
1007 1361 1104 1426 fecit
1122 1361 1224 1440 illos,
1243 1363 1281 1425 et
1298 1361 1408 1426 bene·

257 1467 355 1532 dixit
376 1467 480 1546 illos,
505 1475 542 1534 et
564 1459 855 1553 cognominauit
877 1487 1008 1534 nomen
1037 1486 1163 1533 eorum
1186 1467 1312 1545 Adam,
1336 1487 1408 1550 qua

258 1573 316 1638 die
340 1575 436 1640 fecit
457 1575 560 1642 illos.
594 1573 686 1654 Quod
710 1575 790 1641 mihi
813 1576 943 1641 uidetur
965 1574 1005 1639 ad
1027 1575 1089 1640 hoc
1110 1575 1347 1659 interpositum,
1370 1579 1409 1638 ut
1425 1595 1457 1638 ιο

256 1680 330 1745 hinc
357 1701 469 1746 rursus
497 1683 652 1765 inciperet
679 1682 718 1747 ab
745 1683 817 1765 ipso
845 1683 948 1747 Adam
977 1682 1186 1747 dinumeratio
1215 1687 1407 1766 temporum,

258 1807 352 1870 quem
386 1788 489 1854 noluit
519 1790 631 1867 iacere,
666 1789 721 1872 qui
753 1790 832 1855 haec
864 1790 1002 1873 scripsit,
1034 1790 1066 1854 iu
1103 1790 1234 1856 ciuitate
1269 1793 1407 1862 terreum

258 1899 419 1976 tamquam
444 1915 516 1962 eum
540 1896 628 1961 Deus
653 1897 700 1962 sic
723 1902 948 1976 commoneret,
970 1902 1010 1962 ut
1032 1915 1092 1962 nou
1117 1899 1314 1981 conputaret
1344 1894 1409 1961 Sed

259 2020 354 2082 quare
386 2002 459 2067 hinc
487 2003 609 2068 reditur
636 2003 675 2068 ad
703 2004 798 2068 istem
832 2004 1139 2086 recapitulationem,
1168 2007 1279 2087 postea
1312 2019 1408 2085 quam

259 2113 525 2176 commemoratus
558 2114 608 2176 est
639 2111 723 2174 lilius
757 2110 845 2188 Seth,
873 2112 968 2176 homo
1001 2112 1056 2195 qui
1088 2110 1230 2194 sperauit
1259 2109 1409 2174 inuocare
1427 2129 1458 2169 rs

259 2233 372 2279 nomen
399 2216 528 2282 Domini
555 2217 626 2295 Dei,
654 2217 716 2281 nisi
749 2218 825 2300 quia
852 2218 899 2282 sic
928 2218 1093 2301 oportebat
1119 2217 1200 2282 istas
1228 2216 1308 2280 duas
1337 2233 1409 2297 pro-

257 2327 373 2401 ponere
403 2321 561 2402 ciuitates,
589 2341 686 2388 uuam
713 2341 770 2404 par
796 2322 990 2387 homicidam
1017 2329 1121 2405 u‘sque
1149 2323 1188 2386 ed
1214 2321 1408 2388 homicidam

260 2425 346 2509 (nam
374 2432 407 2494 et
429 2408 566 2494 Lamech
596 2429 718 2494 duabus
747 2429 898 2494 uxoribus
926 2430 995 2494 suis
1023 2447 1059 2494 sc
1084 2433 1284 2513 perpetrasse
1307 2428 1409 2492 homi·

260 2532 379 2598 sidium
412 2535 601 2617 confitetur),
633 2535 764 2600 alteram
797 2555 853 2620 per
884 2555 969 2611 cum,
1002 2535 1057 2618 qui
1089 2536 1231 2618 sperauit
1260 2534 1408 2599 inuocare

259 2660 372 2706 nomeu
396 2641 526 2706 Domini
548 2642 630 2707 Dei?
667 2643 737 2708 Hoc
766 2645 817 2708 est
844 2642 962 2726 quippe
989 2643 1022 2707 in
1046 2641 1106 2707 hoc
1129 2642 1248 2706 mundo
1271 2641 1409 2724 peregri·
1427 2664 1460 2704 ss

260 2749 363 2813 nantis
389 2748 530 2813 ciuitatis
554 2749 614 2812 Dei
636 2752 741 2812 totum
765 2748 867 2830 adque
891 2768 1051 2813 summum
1077 2749 1108 2812 iu
1131 2749 1191 2812 hac
1213 2747 1410 2812 mortalitate

260 2856 435 2942 negotium,
460 2855 545 2938 quod
568 2873 745 2940 perunum
769 2857 940 2933 hominem,
965 2876 1060 2938 quem
1083 2874 1158 2921 ssue
1183 2853 1282 2920 occisi
1306 2871 1409 2918 resur-

260 2963 358 3028 rectio
387 2963 508 3047 genuit,
537 2963 818 3028 commendandum
848 2963 920 3027 tuit.
958 2963 1062 3028 Homo
1091 2963 1209 3046 quippe
1238 2961 1293 3025 ille
1325 2979 1410 3025 unus

259 3071 361 3136 totius
385 3089 539 3152 supernae
564 3070 705 3135 ciuitatis
730 3073 779 3134 eet
801 3070 918 3146 unitas,
938 3070 1079 3134 noudum
1100 3070 1228 3153 quidem
1252 3068 1410 3149 conpleta,

261 3178 317 3243 sed
335 3175 511 3260 praemissa
528 3175 592 3240 ista
609 3175 794 3259 prophetica
812 3176 1077 3259 praefiguratione
1096 3175 1281 3258 conplenda.
1305 3174 1411 3238 Filius
1429 3199 1463 3240 ss

262 3301 335 3367 ergo
366 3281 452 3361 Cain,
481 3283 540 3347 hoc
570 3288 619 3346 est
645 3283 731 3346 filius
759 3283 984 3364 possessionis,
1008 3283 1115 3366 (cuius
1142 3282 1205 3346 uisi
1231 3281 1411 3365 terrenaei)

261 3391 377 3454 habeat
403 3408 517 3454 noman
546 3390 577 3453 in
607 3390 738 3456 ciuitate
767 3393 898 3470 terrena,
924 3390 999 3472 quia
1024 3390 1056 3454 in
1086 3390 1154 3454 eius
1183 3389 1310 3454 nomine
1338 3407 1412 3452 con-

262 3496 328 3562 dita
356 3501 414 3561 est.
452 3497 500 3561 De
530 3497 579 3562 his
608 3501 658 3562 est
686 3498 779 3574 enim,
810 3497 847 3562 de
880 3497 996 3580 quibus
1030 3500 1175 3561 cantatur
1205 3497 1238 3561 iu
1270 3494 1411 3578 psalmo:

351 3775 500 3845 6Gen.5,
521 3779 534 3830 l
556 3795 595 3846 sq.
653 3777 685 3831 16
705 3776 772 3832 Gen.
791 3779 817 3840 4,
837 3777 872 3830 26
928 3775 962 3830 18
981 3773 1048 3830 Gen.
1067 3776 1093 3840 4,
1113 3775 1147 3830 23
1221 3813 1224 3822 .

299 3971 469 4024 linsamo
511 3973 773 4024 4commemoretur
790 3969 876 4022 fuisse
899 3969 925 4022 V
968 3968 1113 4038 liquidem
1137 3965 1174 4020 1⁷1
1218 3967 1252 4022 13
1270 3971 1413 4034 tamquam

263 4075 324 4112 eum
344 4060 410 4113 deus
430 4060 469 4112 sic
488 4063 671 4113 commoneret
687 4076 721 4126 p;
738 4062 878 4127 tamquam
897 4074 956 4121 eam
980 4063 1024 4123 (aa
1047 4057 1081 4124 V)
1106 4057 1172 4111 deus
1191 4057 1231 4110 sic
1248 4070 1412 4109 commemo·

263 4151 335 4202 naret
357 4148 385 4202 V
399 4149 459 4202 rell.
478 4165 494 4202 v
512 4147 610 4202 Domb.
650 4147 682 4200 18
702 4147 758 4199 suis
778 4147 819 4215 se]
839 4147 923 4201 fuisse
946 4146 981 4200 V¹
1023 4147 1057 4200 23
1077 4147 1157 4199 unius
1181 4145 1208 4199 V
1245 4143 1415 4199 coeuntes

264 4238 334 4291 filins
353 4239 452 4291 omisso
471 4240 545 4290 este
598 4236 632 4290 27
653 4235 717 4305 quia
735 4235 940 4306 Voteprpa
958 4236 1071 4302 Domt.;
1090 4235 1137 4304 qui
1154 4237 1189 4302 ᾗ·
1207 4249 1310 4303 quaec
1383 4233 1414 4287 in

263 4341 352 4394 ornp
406 4325 441 4379 28
461 4325 560 4378 etenim
579 4328 653 4378 estc
