3192 4959
308 452 359 505 De
387 452 561 505 ciuitate
589 451 651 505 dei
677 450 743 505 lib.
771 451 861 506 XIIII.
891 466 965 520 cap.
990 452 1031 505 19.
1055 450 1099 504 20.
1234 453 1277 514 43

136 664 183 710 seo
206 650 266 726 est,
291 647 353 711 nisi
379 646 452 730 quia
475 646 507 710 in
533 646 645 711 ceteris
669 646 812 710 membra
835 646 974 729 corporis
998 664 1059 708 non
1082 644 1169 725 ipsae
1193 643 1277 708 adf-

135 753 259 829 otiones,
294 754 361 829 sed,
394 772 466 818 cum
496 752 541 817 cis
572 753 776 833 consenserit,
810 752 960 817 uoluntas
987 754 1107 824 mouet,
1140 769 1221 832 quae
1244 750 1276 813 in

134 878 189 923 usu
212 878 325 923 eorum
349 860 474 925 omuino
500 859 701 924 dominatur?
724 859 807 923 Nam
831 858 977 941 quisquis
1000 857 1136 921 uerbum
1159 856 1278 921 emittit

132 964 227 1028 iratus
256 965 310 1029 uel
338 965 433 1029 etiam
462 983 654 1047 quemquam
681 964 830 1047 percutit,
858 982 919 1027 non
947 966 1058 1045 posset
1080 963 1140 1026 hoo
1163 963 1276 1039 facero,

109 1070 190 1133 onisi
216 1071 330 1154 lingua
358 1076 391 1136 et
412 1090 525 1135 manus
550 1071 679 1137 iubente
703 1071 840 1154 quodam
863 1070 957 1135 modo
981 1070 1145 1133 uoluntate
1168 1088 1277 1132 moue-

133 1183 249 1253 rentur·;
285 1196 365 1260 quae
397 1177 548 1254 membra,
583 1178 677 1257 etiarn
712 1196 784 1242 cum
816 1178 864 1241 ira
895 1176 983 1241 nulla
1015 1177 1074 1254 est,
1107 1178 1278 1240 mouentur

133 1283 237 1347 eodem
261 1285 439 1348 uoluntate.
467 1284 512 1349 At
534 1303 609 1348 uero
634 1283 791 1367 genitales
815 1283 956 1366 eorporis
970 1285 1086 1364 partes
1108 1284 1156 1347 ita
1176 1282 1276 1346 libido

133 1408 186 1453 suo
217 1390 281 1454 iuri
315 1390 452 1472 quodam
485 1391 578 1455 modo
611 1392 816 1473 manciparit,
851 1394 887 1454 ut
910 1390 1033 1453 moueri
1055 1408 1115 1453 non
1140 1389 1275 1463 ualeant,

132 1497 158 1559 si
182 1496 254 1578 ipse
278 1497 415 1562 defuerit
439 1504 471 1562 et
498 1497 560 1561 nisi
583 1498 654 1579 ipsa
680 1498 733 1561 uel
757 1498 841 1562 ultro
864 1496 918 1561 uel
942 1497 1077 1560 excitata
1100 1494 1277 1560 surrexerit.

95 1626 117 1665 u
132 1601 196 1665 Hoc
226 1604 277 1668 est
304 1603 388 1686 quod
417 1603 526 1686 pudet,
550 1604 611 1668 boo
635 1607 685 1669 est
708 1604 793 1687 quod
816 1603 1010 1668 intuentium
1033 1604 1143 1667 oculos
1168 1602 1277 1665 erube-

133 1709 242 1774 scendo
263 1708 398 1784 deuitat3
418 1710 585 1794 magisque
604 1710 666 1775 fert
684 1709 778 1775 bomo
799 1710 1011 1792 spectantium
1026 1709 1275 1785 multitudinem,

133 1816 253 1895 quando
287 1817 404 1881 iniuste
436 1817 585 1883 irascitur
613 1815 744 1894 homini,
778 1836 874 1898 quum
902 1818 956 1879 uel
983 1817 1078 1880 unius
1104 1820 1276 1901 ¹aspectum

134 1928 161 1984 et
182 1922 309 2004 quando
333 1922 417 1987 iusto
441 1921 595 1987 miscetur
617 1922 716 1987 uxori.

588 2114 725 2181 CAPUT
748 2116 818 2181 XX.

97 2279 119 2319 u
267 2257 322 2321 De
346 2257 574 2321 breuissima
596 2258 859 2339 turpitudine
885 2256 1135 2340 Cynicorum.

172 2400 242 2464 Hoc
269 2399 318 2462 illi
346 2399 450 2463 canini
479 2398 671 2482 philosophi,
700 2399 761 2464 hoc
790 2402 840 2464 est
874 2398 993 2481 Cynici,
1022 2417 1083 2462 non
1115 2397 1274 2473 uiderunt,

132 2507 321 2587 proferentes
356 2508 463 2571 eontra
495 2506 666 2570 humanam
699 2506 922 2570 uerecundiam
955 2505 1036 2592 quid·
1063 2504 1151 2568 aliud
1181 2524 1274 2586 quam

134 2613 282 2689 cuninam,
314 2613 375 2677 boc
404 2616 453 2677 est
479 2612 663 2676 inmundam
696 2612 966 2694 inpudentemquo
995 2611 1207 2676 senteutiam?
1240 2614 1276 2673 ut

134 2720 262 2797 seilicet,
293 2720 440 2803 quoniam
473 2720 595 2783 iustum
630 2722 679 2783 est
712 2718 797 2801 quod
824 2719 861 2783 fit
888 2718 920 2781 in
949 2737 1052 2795 uxore,
1086 2718 1189 2800 palam
1214 2736 1275 2781 uon

96 2825 249 2906 oopudeot
274 2825 307 2890 id
335 2844 428 2909 agere
456 2844 514 2889 uec
542 2824 573 2888 in
602 2825 673 2889 uino
703 2828 759 2889 aut
781 2825 887 2905 platea
911 2824 1053 2914 qualibet
1076 2821 1274 2905 coniugalem

134 2931 333 2995 concubitum
362 2930 513 2995 deuitare.
542 2930 629 2994 Vicit
655 2934 760 2995 tamen
788 2929 891 3011 pudor
918 2930 1071 2993 naturalis
1096 2929 1273 3011 opinionem

133 3036 224 3103 huius
244 3038 366 3102 erroris.
386 3037 468 3101 Nem
489 3036 549 3101 etsi
569 3036 746 3119 perhibent,
765 3037 826 3101 hoc
846 3036 1014 3118 aliquando
1030 3035 1275 3119 gloriabundum

134 3143 243 3209 lenisse
279 3144 465 3229 Diogenem,
507 3144 552 3207 ita
593 3145 758 3226 putantem
801 3146 921 3207 sectam
959 3162 1050 3207 suem
1087 3142 1274 3205 nobiliorem

132 3247 277 3327 futurem,
311 3251 339 3315 si
371 3251 402 3313 in
435 3250 600 3315 hominum
628 3248 782 3315 memoria
809 3249 965 3332 insignior
993 3250 1061 3313 eius
1090 3248 1275 3331 inpudentia

95 3376 119 3415 u
134 3354 286 3438 figeretur,
315 3362 428 3440 postea
450 3362 555 3421 tamen
582 3377 599 3421 a
623 3356 749 3439 Cynicis
773 3354 841 3420 fieri
865 3360 1026 3420 cessatum
1050 3359 1109 3432 ost,
1137 3357 1274 3438 plusque

135 3462 233 3527 ualuit
252 3463 363 3545 pudor,
387 3466 425 3528 ut
443 3463 665 3528 erubescerent
681 3464 826 3527 homines
846 3461 1039 3537 bominibus,
1065 3481 1158 3544 quam
1179 3480 1273 3537 error,

135 3570 172 3632 nt
197 3568 336 3635 homines
365 3570 498 3635 cunibus
527 3588 598 3635 esso
627 3570 748 3634 similes
777 3569 980 3633 adfectarent.
1016 3568 1104 3633 Unde
1128 3568 1275 3633 stillum

137 3675 187 3737 uel
210 3676 291 3745 illos,
321 3677 377 3760 qui
399 3677 458 3741 hoo
482 3676 598 3741 fecisse
621 3676 810 3754 referuntur,
838 3676 946 3758 potius
970 3675 1105 3739 arbitror
1128 3692 1275 3739 concum-

137 3778 269 3846 bentium
291 3792 399 3849 motus
424 3782 549 3847 dedisse
574 3782 676 3847 oculis
700 3782 864 3847 hominum
888 3781 1099 3846 nescientium
1118 3780 1194 3863 quid
1214 3781 1273 3845 sub

99 3908 122 3947 oo
139 3887 226 3967 pallio
254 3894 425 3974 gereretur,
454 3909 549 3973 quam
577 3889 715 3953 humano
743 3892 905 3969 premente
934 3891 1105 3971 conspeetu
1129 3888 1274 3969 potuisse

176 4149 357 4205 lmembrise
408 4152 505 4204 3uum
532 4149 566 4203 V²
616 4148 769 4219 4possitl
820 4149 991 4203 lituum]
1042 4148 1073 4201 11
1096 4146 1273 4219 expectanti

142 4262 212 4317 auin
230 4266 350 4335 plateae
423 4232 546 4335 qua‘lioec
569 4264 595 4318 V
661 4267 695 4319 22
713 4282 776 4319 num
796 4265 852 4318 sie
923 4264 1050 4335 perbibet
1073 4261 1109 4316 V¹
1162 4264 1197 4315 24
1216 4278 1271 4315 me·

143 4354 240 4409 moriam
263 4357 304 4410 Vl
377 4355 537 4423 insignitior
560 4354 613 4409 V¹z
