3192 4959
362 436 413 489 De
441 433 617 488 ciuitate
647 434 709 488 dei
737 435 803 489 lib.
832 436 918 490 XVII.
947 454 1022 507 eup.
1051 438 1094 491 20.
1237 441 1301 505 259

145 633 314 698 sciamus
345 630 599 695 reuerentiam
631 629 740 695 illius
772 633 809 695 et
837 631 1035 715 probemus
1070 633 1298 715 patientiam

146 739 281 821 ipsius.
320 738 441 803 Morte
479 735 704 818 turpissima
741 736 1029 803 condemnemus
1062 739 1189 815 illum;
1229 741 1301 805 erit

146 845 242 909 enim
272 844 305 908 ei
334 847 532 925 respectus
557 862 597 906 er
622 842 857 907 sermonibus
884 843 1003 909 illius.
1033 846 1134 910 Haeo
1159 848 1299 930 eogita-

147 954 287 1016 uerunt
320 954 359 1014 et
391 953 627 1025 errauerunt3
662 950 880 1015 exoaeeauit
908 951 1004 1015 enim
1033 950 1122 1017 illos
1152 954 1301 1017 malitia

118 1060 326 1139 ripsorum.
360 1057 395 1120 In
424 1056 640 1121 eeclesiastico
669 1058 776 1120 eutem
805 1056 883 1121 tides
912 1058 1055 1141 gentium
1086 1058 1192 1123 futura
1215 1080 1300 1141 proe-

148 1164 266 1229 dioitur
302 1164 365 1227 isto
402 1162 513 1227 modo:
556 1162 742 1227 Miserere
780 1161 913 1240 nostri,
953 1163 1162 1229 dominator
1200 1165 1300 1231 Deus

148 1270 323 1347 omnium,
341 1273 378 1334 et
395 1269 548 1333 inmitte
566 1269 739 1332 timorem
759 1270 863 1333 tuum
880 1288 993 1350 super
1007 1289 1135 1335 omnes
1151 1275 1299 1355 gentem

148 1378 291 1443 extolle
318 1396 463 1441 menum
493 1381 595 1442 tuam
623 1394 736 1457 super
763 1379 895 1459 gentes
920 1376 1063 1441 alienas
1089 1378 1300 1443 etuideaot

147 1486 360 1570 potentiam
392 1487 503 1548 tuam.
543 1482 652 1547 Siout
684 1502 806 1547 eorem
839 1483 920 1547 illis
956 1485 1227 1550 sanctificatus
1262 1506 1299 1551 es

108 1614 131 1651 ιο
148 1596 184 1659 in
218 1593 338 1668 nobis,
375 1591 430 1655 ita
462 1609 582 1655 eoram
615 1590 723 1655 nohis
758 1590 1019 1673 magnificeris
1063 1590 1098 1653 in
1131 1590 1224 1669 illis,
1261 1598 1298 1657 et

150 1701 357 1785 agnoscant
388 1701 424 1761 te
456 1696 662 1761 seeundum
696 1695 793 1778 quod
827 1700 863 1761 et
896 1715 963 1759 nos
993 1698 1220 1780 agnouimus
1252 1703 1299 1775 te,

150 1806 329 1888 quianon
355 1806 413 1868 est
435 1802 535 1867 Dens
559 1806 708 1883 praeter
731 1806 777 1880 te,
802 1801 968 1865 Domine.
1000 1803 1090 1867 Hane
1114 1805 1244 1887 optandi
1268 1812 1300 1871 et

150 1910 299 1995 precandi
336 1909 443 1990 specie
480 1907 677 1991 prophetiam
713 1927 770 1990 per
807 1909 911 1971 hesum
951 1908 1114 1973 Christum
1151 1910 1298 1977 uidemus

150 2019 313 2101 inpletam.
356 2015 417 2081 Sed
454 2016 608 2080 aduersus
646 2014 892 2079 contradictores
929 2035 989 2080 non
1028 2019 1114 2081 tenta
1150 2017 1300 2083 firmitate

111 2126 364 2207 repeterentur,
388 2140 467 2204 quae
490 2122 609 2204 scripta
631 2140 692 2185 non
717 2123 791 2184 sunt
814 2121 844 2185 in
869 2140 987 2186 esnone
1009 2122 1209 2191 Iudaeorum.

195 2230 231 2296 In
255 2230 358 2295 tribus
382 2248 457 2293 uero
480 2227 556 2303 iliis,
585 2246 665 2310 quos
689 2227 867 2293 Salomonis
892 2248 962 2293 esse
987 2233 1111 2295 constat
1135 2234 1167 2294 st
1189 2230 1298 2295 Iudaei

153 2338 321 2403 canonicos
352 2336 477 2412 babent,
514 2337 552 2399 ut
583 2333 768 2399 ostendatur
801 2334 839 2398 ad
873 2333 1035 2401 Christum
1068 2338 1100 2399 et
1131 2336 1297 2401 eeclesiam

149 2444 306 2527 pertinere
334 2442 418 2527 quod
441 2443 473 2505 in
497 2442 543 2505 eis
568 2439 747 2505 eiusmodi
775 2440 939 2523 reperitur,
968 2460 1100 2522 operose
1125 2442 1298 2525 disputatio

149 2550 327 2617 necessaria
358 2553 417 2628 est,
451 2568 530 2631 quae
558 2567 617 2613 nos
644 2548 728 2611 ultra
756 2566 851 2628 quam
880 2552 1014 2629 oportet,
1048 2548 1076 2613 si
1105 2568 1187 2612 nuno
1212 2548 1298 2613 adhi-

107 2682 130 2718 eo
147 2660 251 2735 betur,
276 2657 424 2722 extendit.
447 2655 565 2719 Tamen
589 2654 673 2738 quod
691 2657 723 2719 in
743 2655 921 2736 prouerbiis
941 2656 1068 2739 legitur,
1089 2656 1175 2720 uiros
1193 2655 1298 2738 inpios

148 2766 265 2829 dicere:
299 2762 584 2829 Abscondamus
617 2762 653 2826 in
687 2765 787 2827 terra
819 2762 941 2825 uirum
971 2763 1114 2827 iustum
1142 2762 1296 2841 iniuste,

147 2872 419 2937 absorbeamus
452 2889 539 2935 uero
573 2890 653 2933 eum
684 2872 874 2952 tamquam
903 2870 1074 2933 internus
1103 2870 1297 2934 uiuentem

147 2983 185 3043 et
214 2979 429 3043 auferamus
459 2977 540 3041 eius
564 2976 782 3041 memoriam
809 2976 851 3039 de
876 2978 985 3049 terre,
1013 2976 1297 3058 possessiouem

147 3086 231 3151 eius
263 3083 470 3168 pretiosam
502 3082 835 3165 adprehendam,
870 3102 930 3147 non
963 3084 1008 3147 ite
1038 3083 1208 3147 obscurum
1237 3086 1296 3159 est,

104 3215 129 3255 a
147 3195 184 3257 ut
221 3191 259 3255 de
299 3190 425 3256 Christo
462 3193 495 3254 et
530 3190 733 3273 possessione
770 3190 839 3253 eins
873 3188 1007 3253 ecelesia
1040 3188 1106 3253 sine
1140 3188 1298 3255 laboriosa

135 3297 343 3381 'expositione
376 3316 437 3361 non
470 3296 573 3379 possit
604 3296 759 3379 intellegi.
791 3296 868 3359 Tale
902 3296 1017 3379 qnippe
1052 3295 1173 3377 aliquid
1200 3296 1297 3361 etiam

145 3405 304 3469 Dominus
344 3404 414 3486 ipse
454 3404 546 3468 Iesus
587 3423 643 3487 per
680 3402 896 3486 euangelicam
939 3402 1120 3484 parabolem
1158 3402 1297 3467 ostendit

145 3511 263 3575 dixisse
292 3511 393 3575 melos
422 3509 565 3575 colonos:
596 3510 666 3574 Hie
691 3509 892 3588 esthemo,
917 3508 1054 3587 uenite,
1080 3508 1295 3573 occidemus

146 3637 239 3697 eum,
273 3621 311 3681 et
342 3620 472 3682 nostre
505 3616 577 3680 erit
605 3615 808 3680 hereditas.
842 3615 987 3697 Itemque
1015 3614 1155 3678 illudio
1184 3614 1295 3679 eodem

102 3750 127 3790 eo
143 3724 236 3800 libro,
268 3723 353 3806 quod
376 3725 440 3788 iam
464 3726 535 3788 ante
558 3722 809 3806 perstrinximus,
834 3742 905 3786 oum
931 3740 1096 3805 ageremus
1122 3720 1159 3784 de
1184 3720 1295 3798 sterili,

237 3947 417 4003 ducenae.
438 3948 450 4000 l
472 3963 530 4016 sqq.
577 3947 609 3999 21
630 3946 710 4002 Pron.
731 3948 755 4009 1,
776 3947 806 3999 ll
828 3962 886 4015 sqq.
933 3946 966 3999 28
985 3945 1034 4001 Mt.
1053 3947 1096 4013 21,
1116 3944 1150 3999 38
1192 3946 1295 4000 3004

180 4074 197 4127 2
217 4072 304 4141 ipsius
322 4087 427 4140 eppo;
444 4070 518 4124 illius
538 4088 571 4137 a,·
590 4070 648 4123 eins
668 4069 708 4140 bp
727 4068 826 4125 Domb.
918 4070 934 4123 3
954 4070 979 4123 ei
998 4084 1084 4139 orep
1171 4069 1210 4139 ex]
1232 4071 1258 4123 iu
1276 4086 1295 4139 y

146 4164 526 4231 isuper....tuamom.p
583 4161 615 4214 10
634 4160 674 4212 ite
693 4175 782 4212 coram
801 4157 879 4211 nobis
899 4175 950 4211 om.
970 4157 994 4211 e¹
1046 4160 1077 4211 11
1099 4162 1127 4211 et
1146 4176 1194 4212 nos
1214 4174 1295 4229 emp

147 4252 306 4318 lhtoeup.
326 4250 375 4303 lim
393 4267 412 4319 9
484 4250 516 4302 17
536 4248 571 4302 ad
591 4247 719 4305 ecclesa
797 4248 830 4301 18
849 4246 1042 4301 huiusmodib
1115 4248 1294 4317 20uerosp¹

145 4340 181 4393 30
200 4342 264 4393 ante
282 4355 370 4408 emp
660 4324 664 4331 ’

1206 4439 1253 4492 17*
