3192 4959
327 518 379 572 De
408 519 583 573 ciuitate
612 519 672 573 dei
700 517 765 572 lib.
793 517 851 572 XV.
880 535 954 589 cap.
983 519 1107 574 ac-at.
1232 524 1293 586 115

142 713 331 799 transgredi,
352 733 424 779 curn
449 715 481 779 et
503 717 577 798 post
599 713 757 779 diluuium
782 713 879 780 etiam
903 714 1093 799 quingentos
1118 714 1293 781 excessisse

141 821 357 899 inueniamus;
391 819 447 886 sed
478 819 729 906 intellegendum
762 824 813 886 est
840 822 901 885 hoc
928 821 1031 886 Deum
1064 822 1191 901 dixisse,
1220 842 1293 888 cum

142 929 226 994 circa
248 927 342 992 finem
368 928 614 1012 quingentorum
638 946 789 992 annorum
814 930 901 994 esset
918 927 997 1010 Noe,
1016 927 1050 994 id
1074 932 1124 994 est
1146 931 1293 1012 quadrin-

142 1039 256 1120 gentos
281 1035 443 1118 octoginta
466 1034 551 1099 uitae
575 1053 673 1100 annos
698 1037 817 1120 ageret,
839 1054 919 1117 quos
942 1054 1030 1100 more
1054 1055 1112 1100 suo
1137 1037 1295 1119 scriptura

115 1143 333 1226 oquingoncos
356 1143 461 1220 uocat,
487 1141 612 1206 nomine
636 1141 737 1207 totius
761 1141 930 1206 marimum
955 1143 1077 1224 partem
1106 1143 1293 1226 plerumque

143 1249 340 1334 significans;
375 1248 623 1314 sescentensimo
657 1249 774 1332 quippe
807 1267 887 1313 anno
920 1249 1008 1313 uitae
1039 1248 1119 1329 Noe,
1153 1250 1291 1314 secundo

142 1375 249 1420 mense
274 1355 394 1421 factum
419 1358 470 1420 est
493 1354 666 1431 diluuium
691 1375 727 1420 ac
747 1355 798 1420 sic
823 1359 950 1420 centum
974 1355 1091 1440 uiginti
1113 1356 1186 1422 anni
1204 1375 1292 1439 prae·

143 1461 219 1526 dieti
249 1465 324 1525 sunt
351 1461 451 1525 futuri
480 1461 565 1526 uitae
594 1460 756 1527 hominum
789 1461 1014 1543 periturorum,
1043 1462 1160 1544 quibua
1193 1465 1293 1527 trans-

143 1571 222 1633 actis
247 1568 370 1632 diluuio
396 1567 582 1635 delerentur.
612 1565 678 1632 Nec
701 1567 821 1632 frustra
844 1568 984 1634 creditur
1007 1569 1054 1634 sic
1078 1569 1197 1634 iactum
1222 1589 1292 1634 esse

107 1689 127 1726 ¹0
144 1675 316 1752 diluuium,
339 1675 403 1738 iam
430 1693 491 1739 non
518 1673 658 1738 inuentis
687 1674 718 1738 in
742 1679 826 1740 terra
850 1676 904 1758 qui
928 1695 988 1740 non
1013 1679 1102 1741 arant
1124 1675 1211 1760 digni
1234 1676 1293 1740 tali

144 1785 244 1847 morte
269 1779 411 1866 defungi,
435 1801 497 1864 qua
518 1781 550 1846 in
578 1781 683 1863 inpios
706 1783 904 1847 uindicatum
929 1789 991 1857 est3
1024 1801 1085 1847 non
1114 1802 1176 1866 quo
1206 1783 1293 1866 quic-

112 1933 116 1946 ·
145 1909 237 1972 quarn
271 1889 364 1954 bouis
398 1888 585 1971 quandoque
617 1888 780 1953 morituris
814 1890 878 1953 tale
911 1907 1011 1973 genus
1047 1890 1159 1955 mortis
1196 1890 1294 1954 faciat

146 1995 275 2078 aliquid,
305 1995 390 2077 quod
418 1995 463 2059 eis
491 1995 596 2077 possit
624 1994 736 2058 obesse
765 2000 838 2078 post
865 1997 1014 2072 mo1tem;
1048 2015 1159 2060 uerum
1186 2001 1292 2062 tamen

147 2103 252 2168 nullus
277 2120 386 2166 eorum
411 2100 532 2166 diluuio
557 2103 704 2166 mortuus
728 2106 788 2178 est,
814 2121 893 2183 quos
917 2101 955 2166 de
979 2101 1099 2167 semine
1121 2101 1198 2168 Seth
1221 2124 1292 2186 pro·

109 2222 128 2260 ¹⁵
147 2213 276 2292 pagatos
305 2212 415 2274 sancta
446 2209 603 2290 scriptura
635 2212 872 2273 commemorat.
910 2207 962 2274 Sic
996 2213 1103 2274 autem
1136 2208 1294 2276 diuinitus

147 2315 260 2380 diluuii
298 2333 395 2380 causa
431 2319 586 2380 narratur:
627 2315 778 2393 Videns,
817 2315 928 2397 inquit,
959 2314 1142 2382 Dominus
1179 2317 1292 2394 Deus,

148 2424 232 2504 quia
255 2421 539 2506 multiplicatae
564 2423 651 2487 sunt
673 2422 845 2486 malitiae
869 2423 1060 2487 homiuum
1084 2441 1196 2506 super
1222 2428 1292 2488 ter-

147 2549 230 2605 ram,
251 2534 287 2595 et
306 2530 426 2594 omnis
447 2530 609 2612 quisque
634 2529 780 2613 cogitat
798 2529 836 2593 in
855 2528 965 2593 corde
990 2548 1056 2594 suo
1082 2529 1293 2614 diligenter

149 2657 257 2720 super
289 2636 455 2719 maligna
487 2655 613 2701 ornnes
647 2635 738 2714 dieo,
772 2639 810 2699 et
842 2635 1032 2720 cogitauit
1064 2636 1174 2714 Deua,
1204 2636 1291 2718 quia

105 2755 129 2794 ²0
148 2743 241 2808 fecit
267 2742 456 2808 hominem
484 2761 597 2824 super
625 2745 773 2818 terram,
800 2744 836 2807 et
862 2741 1105 2826 recogitauit,
1130 2747 1167 2807 et
1197 2742 1294 2808 dixit

149 2849 260 2914 Deus:
286 2849 440 2914 Deleam
464 2848 663 2924 hominem,
688 2867 795 2930 quem
820 2848 905 2926 iaci,
930 2867 948 2912 a
970 2847 1067 2913 facie
1090 2851 1223 2928 terrae,
1248 2849 1295 2913 ab

147 2955 292 3022 homine
332 2975 449 3038 usque
488 2955 532 3020 ad
569 2975 683 3039 pecus
718 2959 754 3020 et
787 2974 805 3018 a
837 2955 1058 3036 repentibus
1096 2976 1216 3038 usque
1250 2955 1294 3020 ad

146 3062 325 3128 uolatilia
349 3062 456 3138 caeli,
481 3061 569 3145 quia
592 3063 714 3127 iratus
739 3080 832 3140 sum,
857 3062 1032 3144 quoniam
1056 3062 1131 3128 ieci
1155 3081 1230 3128 eos.

591 3236 728 3303 CAPUT
751 3237 850 3302 XXV.

102 3371 126 3410 ἢ
146 3361 200 3426 De
225 3362 282 3427 ira
306 3361 388 3439 Dei,
415 3380 514 3445 quae
539 3360 917 3427 incommutabilem
946 3363 1292 3444 tranquillitatem

363 3467 478 3533 nulla
502 3467 828 3533 inflammatione
853 3468 1077 3551 perturbat.

188 3594 241 3658 lra
267 3593 326 3658 Dei
354 3611 416 3657 nou
441 3591 637 3675 perturbatio
667 3592 763 3656 animi
788 3592 857 3656 eius
881 3597 940 3669 est,
970 3592 1027 3657 sed
1048 3593 1204 3657 iudicium
1228 3614 1291 3676 quo

142 3701 307 3782 inrogatur
337 3718 438 3782 poena
469 3702 610 3782 peccato.
644 3699 805 3782 Cogitatio
838 3719 914 3763 uero
948 3699 1016 3763 eius
1047 3704 1079 3764 et
1105 3700 1291 3784 recogitatio

238 3839 253 3891 6
270 3838 336 3894 (len.
357 3839 381 3904 7,
403 3839 433 3892 ll
492 3838 525 3894 16
545 3838 610 3893 Gen.
631 3839 656 3906 6,
676 3841 772 3908 tsqq.

181 3957 297 4046 desset,
315 3981 347 4034 in
365 3997 449 4050 morq.
467 3956 608 4044 luissete
644 3980 830 4050 ipraedioati
855 3980 879 4034 V
914 3946 1060 4047 9si⁰etl⁷
1096 3981 1129 4035 10
1149 3985 1247 4034 terram
1266 3981 1293 4034 V

144 4071 174 4125 ll
198 4069 379 4140 quianam
396 4086 587 4140 marcoque
660 4069 867 4139 nonquodab
940 4071 1084 4140 quicquam
1107 4070 1291 4140 Vabepuf;

142 4160 288 4229 quitquam
304 4175 333 4227 r;
351 4175 403 4214 om.
417 4175 451 4227 p,·
470 4159 515 4212 hic
534 4158 710 4229 quidquama
763 4160 796 4212 12
814 4159 902 4225 bonis,
916 4159 1100 4228 supersenpto
1113 4177 1148 4212 m.
1164 4161 1256 4229 2piis,
1270 4179 1289 4229 p
1379 4210 1383 4221 ,

144 4247 354 4318 loquendae
417 4247 450 4302 20
469 4246 618 4302 iecitdeus
638 4265 656 4301 a
718 4249 750 4302 21
772 4247 896 4302 dominus
915 4247 981 4302 deus
1002 4265 1020 4301 a
1092 4248 1196 4302 deleam
1214 4266 1289 4315 orao.;

142 4337 278 4392 delebor
347 4335 450 4392 aiacis
469 4341 557 4392 terrae
576 4353 627 4392 om.
647 4353 666 4390 o
721 4338 755 4392 22
775 4340 805 4390 et
822 4353 872 4391 om.
893 4354 913 4391 a
984 4338 1141 4407 repentibus
1164 4336 1290 4407 chpu

142 4426 262 4482 Dombc
278 4426 417 4495 reptilibus
438 4425 531 4494 adpo
585 4427 618 4478 ‘27
639 4433 716 4496 qma

1221 4532 1252 4585 8.
