3192 4959
329 457 380 510 De
409 457 581 510 ciuitate
611 457 671 510 dei
700 457 764 510 lio.
793 458 865 512 XVI.
893 475 969 528 cap.
999 460 1024 514 7.
1049 459 1074 512 8.
1217 464 1279 528 139

131 653 173 715 sit
197 649 355 734 quaedam
379 653 557 717 monstrosa
579 651 743 716 homiuum
768 672 894 738 genera,
915 673 995 736 quae
1016 655 1159 738 gentium
1178 658 1284 720 uenat

132 757 275 838 historia,
305 757 391 822 sicut
422 757 629 840 perhibentur
657 758 785 840 quidam
813 779 914 824 uuum
946 760 1061 826 habere
1093 761 1222 827 oculum
1250 761 1282 826 iu

130 865 232 928 fronte
272 863 389 942 media,
426 863 615 946 quibusdam
654 864 778 946 plantas
818 883 928 930 uersas
966 885 1037 930 esse
1073 872 1147 950 post
1181 887 1282 944 crura,

130 969 323 1051 quibusdam
347 969 513 1052 utriusque
533 989 626 1035 serus
647 989 717 1035 esse
736 974 880 1036 naturam
901 973 934 1035 et
952 972 1092 1037 dextram
1110 992 1282 1038 mammam

106 1077 274 1156 eundem,
298 1076 460 1142 sinistram
483 1078 682 1156 muliebrem,
707 1078 896 1161 uicibusquo
923 1078 1007 1144 inter
1029 1098 1064 1143 se
1087 1079 1226 1145 coeundo
1251 1083 1283 1142 et

135 1184 266 1268 gignere
290 1187 324 1248 et
346 1202 468 1266 parere;
493 1183 565 1248 aliis
584 1203 638 1250 ora
656 1204 717 1249 nou
736 1203 808 1250 esse
827 1204 945 1268 eosque
963 1205 1019 1268 per
1036 1205 1126 1250 nares
1143 1189 1282 1250 tautum·

132 1291 225 1354 modo
261 1289 364 1354 halitu
397 1290 516 1364 uiuere,
546 1290 624 1355 alios
659 1294 781 1356 statura
814 1309 884 1356 esse
917 1292 1084 1369 cubitales,
1112 1311 1193 1376 quos
1221 1292 1282 1375 Py·

132 1415 261 1481 grnaeos
291 1416 310 1460 a
338 1397 446 1462 cubito
476 1396 588 1462 Graeci
615 1400 742 1476 uocant,
768 1397 844 1463 alibi
871 1399 1087 1482 quinquennes
1117 1399 1281 1483 concipere

131 1503 266 1569 feminas
295 1507 327 1568 et
355 1507 505 1569 octauum
534 1505 619 1568 uitae
648 1524 763 1570 aunum
788 1523 850 1570 nou
874 1506 1035 1570 excedere.
1071 1507 1153 1571 Item
1176 1507 1282 1571 ferunt

94 1629 198 1676 nesse
233 1613 374 1694 gentem,
403 1610 457 1676 ubi
490 1612 617 1694 singula
646 1630 736 1676 crura
763 1612 795 1675 in
824 1612 960 1695 pedibus
989 1613 1107 1678 habeut
1137 1632 1195 1678 nec
1226 1632 1281 1697 po·

131 1718 241 1798 plitem
268 1717 415 1794 flectunt,
439 1722 471 1782 et
499 1721 574 1782 sunt
601 1717 755 1783 mirabilis
780 1719 967 1796 celeritatis3
1002 1737 1082 1802 quos
1106 1719 1280 1804 Sciopodas

132 1827 256 1900 uocant,
283 1824 368 1906 quod
396 1827 599 1907 peracutum
623 1824 655 1888 iu
678 1828 761 1890 terra
783 1825 923 1890 iacentes
947 1827 1088 1908 resupini
1110 1827 1225 1892 umbra
1247 1846 1281 1892 se

132 1931 247 2014 pedum
276 1934 458 2015 protegant;
489 1931 644 2014 quosdam
673 1933 740 1996 siue
773 1933 896 1996 ceruice
931 1935 1040 1998 oculos
1068 1933 1220 1998 habentes
1248 1934 1279 1996 iu

132 2037 259 2114 umeris,
285 2041 318 2102 et
345 2041 450 2102 cetera
476 2037 641 2103 hominum
670 2039 723 2102 uel
748 2039 839 2122 quasi
862 2039 1025 2103 hominum
1050 2059 1176 2122 genera,
1201 2058 1280 2121 quae

94 2167 117 2207 u
133 2143 161 2206 in
187 2144 351 2208 maritima
377 2143 483 2226 platea
513 2143 713 2228 Carthaginis
742 2143 871 2208 musiuo
901 2145 987 2226 picta
1014 2149 1098 2222 sunt,
1124 2163 1160 2209 sr
1189 2146 1279 2210 libris

134 2248 296 2332 depromta
328 2250 419 2314 uelut
450 2247 633 2314 curiosioris
665 2249 827 2314 historiae.
865 2247 950 2327 Quid
982 2249 1084 2313 dicam
1114 2249 1152 2314 de
1180 2249 1280 2331 Cyno-

134 2354 281 2437 cephalis,
316 2373 449 2436 quorum
484 2354 595 2419 canina
628 2354 733 2437 capita
770 2353 872 2436 adque
908 2354 977 2437 ipse
1009 2355 1144 2420 latratus
1176 2357 1279 2440 magis

133 2459 250 2525 bestias
271 2479 365 2542 quam
384 2461 529 2526 homiues
553 2460 739 2524 confitetur?
765 2459 828 2526 Sed
847 2462 954 2526 omnia
971 2479 1085 2545 genera
1104 2463 1278 2540 homiuum,

134 2585 211 2647 quae
235 2567 385 2631 dicuutur
407 2585 489 2646 esse,
513 2566 639 2632 credere
662 2586 723 2632 uon
749 2573 798 2632 est
821 2587 961 2633 necesse.
989 2568 1107 2633 Verum
1133 2570 1278 2651 quisquis

91 2672 256 2753 nuspiam
279 2671 423 2737 nascitur
446 2672 552 2751 homo,
571 2673 604 2736 id
629 2677 678 2738 ert
702 2673 818 2738 animal
836 2674 989 2738 rationale
1009 2675 1151 2751 mortale,
1171 2693 1278 2757 quam·

132 2777 211 2842 libet
235 2779 352 2844 nostris
380 2779 566 2844 inusitatam
596 2780 743 2844 sensibus
774 2783 864 2864 gerat
892 2780 1030 2862 corporis
1058 2781 1191 2846 formam
1222 2801 1277 2846 seu

134 2885 267 2950 colorem
297 2887 366 2950 siue
393 2891 517 2952 motum
545 2887 614 2951 sius
643 2905 756 2952 sonum
790 2887 860 2952 siue
892 2888 1035 2970 qualibet
1064 2889 1108 2963 ui,
1137 2888 1280 2971 qualibet

133 2995 230 3072 parte,
254 2991 398 3075 qualibet
421 2994 574 3076 qualitate
597 2997 757 3059 naturam:
782 3014 818 3059 ox
841 2994 898 3059 illo
919 3014 982 3059 uuo
1002 2997 1199 3079 protoplasto
1220 2996 1278 3058 ori·

134 3098 236 3179 ginem
260 3100 375 3165 ducere
397 3101 504 3166 nullus
527 3099 669 3166 fidelium
690 3100 894 3166 dubitauerit.
919 3101 1059 3184 Apparet
1078 3105 1183 3166 tamen
1202 3101 1277 3183 quid

91 3230 116 3268 a
133 3203 164 3266 in
191 3204 329 3285 pluribus
353 3209 465 3270 natura
484 3205 659 3270 obtinuerit
677 3210 710 3269 et
729 3205 806 3287 quid
825 3205 869 3270 sit
886 3206 957 3288 ipsa
975 3207 1104 3271 raritate
1122 3205 1278 3271 mirabile.

181 3307 285 3389 Qualis
314 3317 422 3376 autem
450 3313 529 3377 ratio
557 3313 700 3377 redditur
723 3313 761 3377 de
785 3314 973 3378 monstrosis
997 3318 1075 3396 aput
1097 3333 1155 3378 nos
1179 3314 1278 3378 homi-

133 3436 209 3480 num
235 3419 401 3501 partubus,
425 3418 500 3483 talis
530 3419 566 3484 do
590 3420 778 3484 monstrosis
804 3419 993 3501 quibusdam
1018 3420 1167 3504 gentibus
1191 3419 1278 3484 reddi

133 3528 246 3604 potest.
283 3527 371 3591 Deus
400 3525 483 3589 enim
512 3529 634 3590 creator
662 3530 712 3590 est
740 3529 891 3605 omnium,
920 3527 974 3608 qui
1002 3527 1058 3591 ubi
1088 3531 1121 3590 et
1152 3526 1276 3609 quando

174 3804 188 3854 1
206 3809 373 3858 monstruosa
391 3821 405 3856 e
504 3806 520 3857 5
539 3804 700 3873 uicibusque
719 3803 790 3858 iuter
809 3821 838 3858 se
857 3822 932 3871 mas.;
952 3804 1111 3874 uiribusque
1131 3805 1242 3860 alternis
1261 3823 1277 3859 o

133 3890 267 3946 'lalitue
343 3909 411 3962 quoe
431 3909 481 3946 om.
505 3891 532 3944 V
602 3893 814 3947 Sconcnmbere
838 3894 865 3946 V
933 3893 1093 3964 efeprunc,
1113 3910 1142 3948 ce
1162 3909 1277 3963 eraa.‚p

134 3981 169 4032 14
191 3977 336 4036 hamerina
380 3981 412 4036 15
431 3981 543 4051 plathea
566 3981 592 4034 V
631 3983 664 4034 19
684 3981 809 4035 dicantur
832 3981 865 4035 V¹
907 3982 941 4036 20
961 3981 1078 4051 usspiam
1094 3997 1113 4049 p
1155 3982 1189 4034 22
1209 3997 1275 4049 qua·

133 4067 347 4125 libetniom.c
384 4070 561 4124 assaturam
585 4070 929 4140 Vaepprpromb.;
947 4075 1044 4123 natura
1059 4089 1088 4136 α,·
1107 4071 1275 4124 naturaebo

133 4171 167 4208 ex
189 4154 274 4210 illoin
293 4158 339 4212 illo
359 4156 466 4227 protho.
480 4175 502 4226 p
556 4158 779 4228 protoplaustop
805 4160 862 4262 b25
882 4159 1005 4228 plurimis
1023 4158 1048 4212 e¹
1098 4157 1132 4211 26
1151 4158 1274 4212 27mon·

133 4271 307 4326 struorisab
385 4274 419 4327 26
438 4272 591 4342 hominisp
670 4275 704 4326 27
723 4255 823 4344 partu'
842 4273 1122 4342 b;partibuserpa
1193 4273 1226 4326 28
1247 4276 1276 4344 qt

134 4359 215 4412 uelo
