<?xml version="1.0" encoding="UTF-8"?>
<!DOCTYPE html PUBLIC "-//W3C//DTD XHTML 1.0 Transitional//EN"
    "http://www.w3.org/TR/xhtml1/DTD/xhtml1-transitional.dtd">
<html xmlns="http://www.w3.org/1999/xhtml" xml:lang="en" lang="en">
 <head>
  <title>
</title>
<meta http-equiv="Content-Type" content="text/html;charset=utf-8" />
  <meta name='ocr-system' content='tesseract 3.04.00' />
  <meta name='ocr-capabilities' content='ocr_page ocr_carea ocr_par ocr_line ocrx_word'/>
</head>
<body>
  <div class='ocr_page' id='page_1' title='image "./corpusscriptoru07wiengoog/corpusscriptoru07wiengoog_0038.png"; bbox 0 0 3192 4959; ppageno 0'>
   <div class='ocr_carea' id='block_1_1' title="bbox 272 483 1077 555">
    <p class='ocr_par' dir='ltr' id='par_1_1' title="bbox 272 483 1077 555">
     <span class='ocr_line' id='line_1_1' title="bbox 272 483 1077 555; baseline -0.002 -15"><span class='ocrx_word' id='word_1_1' title='bbox 272 490 313 552; x_wconf 84' lang='lat'><strong>22</strong></span> <span class='ocrx_word' id='word_1_2' title='bbox 617 485 643 539; x_wconf 91' lang='lat' dir='ltr'><strong>S.</strong></span> <span class='ocrx_word' id='word_1_3' title='bbox 671 484 829 539; x_wconf 84' lang='lat' dir='ltr'><strong>Aurelii</strong></span> <span class='ocrx_word' id='word_1_4' title='bbox 855 483 1077 555; x_wconf 74' lang='lat' dir='ltr'><strong>Augustini</strong></span> 
     </span>
    </p>
   </div>
   <div class='ocr_carea' id='block_1_2' title="bbox 271 680 1476 3640">
    <p class='ocr_par' dir='ltr' id='par_1_2' title="bbox 271 680 1476 3640">
     <span class='ocr_line' id='line_1_2' title="bbox 271 680 1421 765; baseline -0.001 -19"><span class='ocrx_word' id='word_1_5' title='bbox 271 684 317 746; x_wconf 88' lang='lat' dir='ltr'><strong>ita</strong></span> <span class='ocrx_word' id='word_1_6' title='bbox 339 681 495 747; x_wconf 87' lang='lat' dir='ltr'><strong>Dominus</strong></span> <span class='ocrx_word' id='word_1_7' title='bbox 519 682 622 758; x_wconf 89' lang='lat' dir='ltr'><strong>lesus,</strong></span> <span class='ocrx_word' id='word_1_8' title='bbox 647 680 739 745; x_wconf 88' lang='lat' dir='ltr'><strong>cuius</strong></span> <span class='ocrx_word' id='word_1_9' title='bbox 764 684 797 746; x_wconf 91' lang='lat' dir='ltr'><strong>et</strong></span> <span class='ocrx_word' id='word_1_10' title='bbox 819 680 987 747; x_wconf 88' lang='lat' dir='ltr'><strong>infirmitas</strong></span> <span class='ocrx_word' id='word_1_11' title='bbox 1010 681 1073 745; x_wconf 84' lang='lat' dir='ltr'><strong>luit</strong></span> <span class='ocrx_word' id='word_1_12' title='bbox 1096 700 1132 746; x_wconf 83' lang='lat' dir='ltr'><strong>ex</strong></span> <span class='ocrx_word' id='word_1_13' title='bbox 1154 684 1324 765; x_wconf 78' lang='lat' dir='ltr'><strong>potestate.</strong></span> <span class='ocrx_word' id='word_1_14' title='bbox 1357 681 1421 746; x_wconf 85' lang='lat' dir='ltr'><strong>Sed</strong></span> 
     </span>
     <span class='ocr_line' id='line_1_3' title="bbox 273 786 1419 873; baseline 0.001 -21"><span class='ocrx_word' id='word_1_15' title='bbox 273 789 349 853; x_wconf 92' lang='lat' dir='ltr'><strong>dum</strong></span> <span class='ocrx_word' id='word_1_16' title='bbox 377 788 461 853; x_wconf 86' lang='lat' dir='ltr'><strong>uitae</strong></span> <span class='ocrx_word' id='word_1_17' title='bbox 490 788 586 853; x_wconf 90' lang='lat' dir='ltr'><strong>buius</strong></span> <span class='ocrx_word' id='word_1_18' title='bbox 615 786 833 851; x_wconf 88' lang='lat' dir='ltr'><strong>infirmitatem</strong></span> <span class='ocrx_word' id='word_1_19' title='bbox 858 787 1009 873; x_wconf 83' lang='lat' dir='ltr'><strong>gerimus,</strong></span> <span class='ocrx_word' id='word_1_20' title='bbox 1034 788 1062 853; x_wconf 89' lang='lat' dir='ltr'><strong>si</strong></span> <span class='ocrx_word' id='word_1_21' title='bbox 1089 807 1142 853; x_wconf 88' lang='lat' dir='ltr'><strong>eas</strong></span> <span class='ocrx_word' id='word_1_22' title='bbox 1167 788 1293 855; x_wconf 91' lang='lat' dir='ltr'><strong>omnino</strong></span> <span class='ocrx_word' id='word_1_23' title='bbox 1316 788 1419 853; x_wconf 88' lang='lat' dir='ltr'><strong>nullas</strong></span> 
     </span>
     <span class='ocr_line' id='line_1_4' title="bbox 272 894 1419 977; baseline -0.002 -17"><span class='ocrx_word' id='word_1_24' title='bbox 272 895 456 972; x_wconf 79' lang='lat' dir='ltr'><strong>habeamus,</strong></span> <span class='ocrx_word' id='word_1_25' title='bbox 481 897 557 959; x_wconf 90' lang='lat' dir='ltr'><strong>tuuc</strong></span> <span class='ocrx_word' id='word_1_26' title='bbox 580 895 689 977; x_wconf 92' lang='lat' dir='ltr'><strong>potius</strong></span> <span class='ocrx_word' id='word_1_27' title='bbox 714 914 775 959; x_wconf 93' lang='lat' dir='ltr'><strong>non</strong></span> <span class='ocrx_word' id='word_1_28' title='bbox 799 899 884 958; x_wconf 89' lang='lat' dir='ltr'><strong>recte</strong></span> <span class='ocrx_word' id='word_1_29' title='bbox 906 894 1061 960; x_wconf 87' lang='lat' dir='ltr'><strong>uiuimus.</strong></span> <span class='ocrx_word' id='word_1_30' title='bbox 1099 894 1310 977; x_wconf 73' lang='lat' dir='ltr'><strong>vituperabat</strong></span> <span class='ocrx_word' id='word_1_31' title='bbox 1336 895 1419 959; x_wconf 89' lang='lat' dir='ltr'><strong>enim</strong></span> 
     </span>
     <span class='ocr_line' id='line_1_5' title="bbox 273 1000 1420 1083; baseline -0.001 -16"><span class='ocrx_word' id='word_1_32' title='bbox 273 1006 305 1067; x_wconf 88' lang='lat' dir='ltr'><strong>et</strong></span> <span class='ocrx_word' id='word_1_33' title='bbox 328 1002 547 1067; x_wconf 87' lang='lat' dir='ltr'><strong>detestabatur</strong></span> <span class='ocrx_word' id='word_1_34' title='bbox 570 1000 734 1083; x_wconf 86' lang='lat' dir='ltr'><strong>apostolus</strong></span> <span class='ocrx_word' id='word_1_35' title='bbox 759 1000 925 1083; x_wconf 86' lang='lat' dir='ltr'><strong>quosdam,</strong></span> <span class='ocrx_word' id='word_1_36' title='bbox 945 1020 1026 1083; x_wconf 90' lang='lat' dir='ltr'><strong>quos</strong></span> <span class='ocrx_word' id='word_1_37' title='bbox 1050 1001 1146 1066; x_wconf 89' lang='lat' dir='ltr'><strong>etiam</strong></span> <span class='ocrx_word' id='word_1_38' title='bbox 1166 1020 1236 1067; x_wconf 87' lang='lat' dir='ltr'><strong>esse</strong></span> <span class='ocrx_word' id='word_1_39' title='bbox 1256 1002 1335 1066; x_wconf 85' lang='lat' dir='ltr'><strong>dixit</strong></span> <span class='ocrx_word' id='word_1_40' title='bbox 1352 1002 1420 1066; x_wconf 89' lang='lat' dir='ltr'><strong>sine</strong></span> 
     </span>
     <span class='ocr_line' id='line_1_6' title="bbox 273 1106 1468 1191; baseline -0.001 -18"><span class='ocrx_word' id='word_1_41' title='bbox 273 1109 459 1174; x_wconf 84' lang='lat' dir='ltr'><strong>adfectione.</strong></span> <span class='ocrx_word' id='word_1_42' title='bbox 485 1108 636 1191; x_wconf 83' lang='lat' dir='ltr'><strong>Oulpauit</strong></span> <span class='ocrx_word' id='word_1_43' title='bbox 659 1106 753 1171; x_wconf 91' lang='lat' dir='ltr'><strong>etiam</strong></span> <span class='ocrx_word' id='word_1_44' title='bbox 779 1108 854 1173; x_wconf 89' lang='lat' dir='ltr'><strong>illos</strong></span> <span class='ocrx_word' id='word_1_45' title='bbox 879 1125 967 1171; x_wconf 89' lang='lat' dir='ltr'><strong>sacer</strong></span> <span class='ocrx_word' id='word_1_46' title='bbox 988 1108 1143 1190; x_wconf 88' lang='lat' dir='ltr'><strong>psalmus,</strong></span> <span class='ocrx_word' id='word_1_47' title='bbox 1164 1108 1337 1190; x_wconf 86' lang='lat' dir='ltr'><strong>dequibus</strong></span> <span class='ocrx_word' id='word_1_48' title='bbox 1362 1109 1419 1172; x_wconf 88' lang='lat' dir='ltr'><strong>ait:</strong></span> <span class='ocrx_word' id='word_1_49' title='bbox 1454 1133 1468 1171; x_wconf 82' lang='lat' dir='ltr'><strong>a</strong></span> 
     </span>
     <span class='ocr_line' id='line_1_7' title="bbox 274 1213 1420 1297; baseline -0.003 -17"><span class='ocrx_word' id='word_1_50' title='bbox 274 1214 450 1281; x_wconf 84' lang='lat' dir='ltr'><strong>Sustinui</strong></span> <span class='ocrx_word' id='word_1_51' title='bbox 481 1216 544 1297; x_wconf 90' lang='lat' dir='ltr'><strong>qui</strong></span> <span class='ocrx_word' id='word_1_52' title='bbox 576 1213 689 1279; x_wconf 90' lang='lat' dir='ltr'><strong>simul</strong></span> <span class='ocrx_word' id='word_1_53' title='bbox 719 1214 1029 1291; x_wconf 78' lang='lat' dir='ltr'><strong>contristaretur,</strong></span> <span class='ocrx_word' id='word_1_54' title='bbox 1053 1218 1090 1279; x_wconf 91' lang='lat' dir='ltr'><strong>et</strong></span> <span class='ocrx_word' id='word_1_55' title='bbox 1117 1232 1187 1279; x_wconf 90' lang='lat' dir='ltr'><strong>nou</strong></span> <span class='ocrx_word' id='word_1_56' title='bbox 1216 1214 1300 1280; x_wconf 83' lang='lat' dir='ltr'><strong>fuit.</strong></span> <span class='ocrx_word' id='word_1_57' title='bbox 1337 1214 1420 1279; x_wconf 89' lang='lat' dir='ltr'><strong>Nam</strong></span> 
     </span>
     <span class='ocr_line' id='line_1_8' title="bbox 274 1319 1421 1404; baseline 0 -19"><span class='ocrx_word' id='word_1_58' title='bbox 274 1322 400 1387; x_wconf 90' lang='lat' dir='ltr'><strong>omnino</strong></span> <span class='ocrx_word' id='word_1_59' title='bbox 434 1342 496 1387; x_wconf 92' lang='lat' dir='ltr'><strong>non</strong></span> <span class='ocrx_word' id='word_1_60' title='bbox 529 1322 644 1400; x_wconf 91' lang='lat' dir='ltr'><strong>dolere,</strong></span> <span class='ocrx_word' id='word_1_61' title='bbox 674 1321 749 1385; x_wconf 92' lang='lat' dir='ltr'><strong>dum</strong></span> <span class='ocrx_word' id='word_1_62' title='bbox 778 1339 891 1385; x_wconf 87' lang='lat' dir='ltr'><strong>sumus</strong></span> <span class='ocrx_word' id='word_1_63' title='bbox 917 1320 950 1383; x_wconf 91' lang='lat' dir='ltr'><strong>in</strong></span> <span class='ocrx_word' id='word_1_64' title='bbox 979 1319 1137 1385; x_wconf 90' lang='lat' dir='ltr'><strong>hocloco</strong></span> <span class='ocrx_word' id='word_1_65' title='bbox 1167 1320 1323 1399; x_wconf 88' lang='lat' dir='ltr'><strong>miseriae,</strong></span> <span class='ocrx_word' id='word_1_66' title='bbox 1351 1340 1421 1404; x_wconf 89' lang='lat' dir='ltr'><strong>pro·</strong></span> 
     </span>
     <span class='ocr_line' id='line_1_9' title="bbox 273 1426 1423 1509; baseline -0.003 -16"><span class='ocrx_word' id='word_1_67' title='bbox 273 1430 367 1507; x_wconf 90' lang='lat' dir='ltr'><strong>fecto,</strong></span> <span class='ocrx_word' id='word_1_68' title='bbox 393 1429 478 1493; x_wconf 86' lang='lat' dir='ltr'><strong>sicut</strong></span> <span class='ocrx_word' id='word_1_69' title='bbox 502 1427 630 1509; x_wconf 90' lang='lat' dir='ltr'><strong>quidam</strong></span> <span class='ocrx_word' id='word_1_70' title='bbox 654 1428 750 1491; x_wconf 89' lang='lat' dir='ltr'><strong>etiam</strong></span> <span class='ocrx_word' id='word_1_71' title='bbox 774 1432 854 1508; x_wconf 90' lang='lat' dir='ltr'><strong>aput</strong></span> <span class='ocrx_word' id='word_1_72' title='bbox 877 1427 996 1491; x_wconf 89' lang='lat' dir='ltr'><strong>saeculi</strong></span> <span class='ocrx_word' id='word_1_73' title='bbox 1020 1427 1116 1491; x_wconf 87' lang='lat' dir='ltr'><strong>huius</strong></span> <span class='ocrx_word' id='word_1_74' title='bbox 1138 1426 1297 1492; x_wconf 86' lang='lat' dir='ltr'><strong>litteratos</strong></span> <span class='ocrx_word' id='word_1_75' title='bbox 1323 1427 1423 1492; x_wconf 85' lang='lat' dir='ltr'><strong>sensit</strong></span> 
     </span>
     <span class='ocr_line' id='line_1_10' title="bbox 274 1532 1420 1619; baseline -0.004 -19"><span class='ocrx_word' id='word_1_76' title='bbox 274 1540 306 1600; x_wconf 92' lang='lat' dir='ltr'><strong>et</strong></span> <span class='ocrx_word' id='word_1_77' title='bbox 338 1535 426 1611; x_wconf 84' lang='lat' dir='ltr'><strong>dixit,</strong></span> <span class='ocrx_word' id='word_1_78' title='bbox 455 1554 515 1599; x_wconf 93' lang='lat' dir='ltr'><strong>non</strong></span> <span class='ocrx_word' id='word_1_79' title='bbox 550 1534 616 1599; x_wconf 88' lang='lat' dir='ltr'><strong>sine</strong></span> <span class='ocrx_word' id='word_1_80' title='bbox 648 1553 764 1619; x_wconf 85' lang='lat' dir='ltr'><strong>magna</strong></span> <span class='ocrx_word' id='word_1_81' title='bbox 797 1532 942 1598; x_wconf 83' lang='lat' dir='ltr'><strong>mercede</strong></span> <span class='ocrx_word' id='word_1_82' title='bbox 974 1533 1131 1617; x_wconf 86' lang='lat' dir='ltr'><strong>contingit</strong></span> <span class='ocrx_word' id='word_1_83' title='bbox 1161 1533 1356 1597; x_wconf 87' lang='lat' dir='ltr'><strong>inmanitatis</strong></span> <span class='ocrx_word' id='word_1_84' title='bbox 1388 1534 1420 1596; x_wconf 91' lang='lat' dir='ltr'><strong>iu</strong></span> 
     </span>
     <span class='ocr_line' id='line_1_11' title="bbox 274 1638 1471 1724; baseline 0.001 -19"><span class='ocrx_word' id='word_1_85' title='bbox 274 1642 389 1721; x_wconf 90' lang='lat' dir='ltr'><strong>auimo,</strong></span> <span class='ocrx_word' id='word_1_86' title='bbox 409 1640 550 1724; x_wconf 88' lang='lat' dir='ltr'><strong>stuporis</strong></span> <span class='ocrx_word' id='word_1_87' title='bbox 570 1641 601 1705; x_wconf 90' lang='lat' dir='ltr'><strong>in</strong></span> <span class='ocrx_word' id='word_1_88' title='bbox 621 1658 760 1723; x_wconf 89' lang='lat' dir='ltr'><strong>corpore.</strong></span> <span class='ocrx_word' id='word_1_89' title='bbox 787 1638 944 1718; x_wconf 77' lang='lat' dir='ltr'><strong>Quocirca</strong></span> <span class='ocrx_word' id='word_1_90' title='bbox 961 1639 1027 1718; x_wconf 89' lang='lat' dir='ltr'><strong>illa,</strong></span> <span class='ocrx_word' id='word_1_91' title='bbox 1047 1659 1128 1723; x_wconf 89' lang='lat' dir='ltr'><strong>quae</strong></span> <span class='ocrx_word' id='word_1_92' title='bbox 1147 1638 1282 1704; x_wconf 75' lang='grc' dir='ltr'>ἀπάθεια</span> <span class='ocrx_word' id='word_1_93' title='bbox 1301 1639 1421 1705; x_wconf 83' lang='lat' dir='ltr'><strong>Graece</strong></span> <span class='ocrx_word' id='word_1_94' title='bbox 1441 1666 1471 1706; x_wconf 74' lang='lat' dir='ltr'><strong>ru</strong></span> 
     </span>
     <span class='ocr_line' id='line_1_12' title="bbox 274 1745 1422 1831; baseline -0.002 -20"><span class='ocrx_word' id='word_1_95' title='bbox 274 1748 391 1812; x_wconf 90' lang='lat' dir='ltr'><strong>dicitur</strong></span> <span class='ocrx_word' id='word_1_96' title='bbox 414 1748 508 1831; x_wconf 80' lang='lat' dir='ltr'><strong>(quae</strong></span> <span class='ocrx_word' id='word_1_97' title='bbox 537 1747 564 1810; x_wconf 89' lang='lat' dir='ltr'><strong>si</strong></span> <span class='ocrx_word' id='word_1_98' title='bbox 587 1747 698 1811; x_wconf 89' lang='lat' dir='ltr'><strong>Latine</strong></span> <span class='ocrx_word' id='word_1_99' title='bbox 725 1750 838 1829; x_wconf 88' lang='lat' dir='ltr'><strong>posset</strong></span> <span class='ocrx_word' id='word_1_100' title='bbox 864 1746 1095 1830; x_wconf 88' lang='lat' dir='ltr'><strong>inpassibilitas</strong></span> <span class='ocrx_word' id='word_1_101' title='bbox 1120 1745 1301 1831; x_wconf 88' lang='lat' dir='ltr'><strong>diceretur),</strong></span> <span class='ocrx_word' id='word_1_102' title='bbox 1327 1746 1355 1811; x_wconf 91' lang='lat' dir='ltr'><strong>si</strong></span> <span class='ocrx_word' id='word_1_103' title='bbox 1376 1746 1422 1810; x_wconf 92' lang='lat' dir='ltr'><strong>ita</strong></span> 
     </span>
     <span class='ocr_line' id='line_1_13' title="bbox 273 1852 1421 1939; baseline 0 -22"><span class='ocrx_word' id='word_1_104' title='bbox 273 1854 489 1939; x_wconf 87' lang='lat' dir='ltr'><strong>intellegenda</strong></span> <span class='ocrx_word' id='word_1_105' title='bbox 517 1858 566 1919; x_wconf 88' lang='lat' dir='ltr'><strong>est</strong></span> <span class='ocrx_word' id='word_1_106' title='bbox 590 1852 634 1938; x_wconf 90' lang='lat' dir='ltr'><strong>(in</strong></span> <span class='ocrx_word' id='word_1_107' title='bbox 664 1854 769 1919; x_wconf 89' lang='lat' dir='ltr'><strong>auimo</strong></span> <span class='ocrx_word' id='word_1_108' title='bbox 799 1853 927 1937; x_wconf 89' lang='lat' dir='ltr'><strong>quippe,</strong></span> <span class='ocrx_word' id='word_1_109' title='bbox 950 1873 1012 1918; x_wconf 90' lang='lat' dir='ltr'><strong>uon</strong></span> <span class='ocrx_word' id='word_1_110' title='bbox 1034 1854 1066 1917; x_wconf 91' lang='lat' dir='ltr'><strong>in</strong></span> <span class='ocrx_word' id='word_1_111' title='bbox 1091 1874 1219 1937; x_wconf 90' lang='lat' dir='ltr'><strong>corpore</strong></span> <span class='ocrx_word' id='word_1_112' title='bbox 1242 1854 1421 1938; x_wconf 87' lang='lat' dir='ltr'><strong>accipitur),</strong></span> 
     </span>
     <span class='ocr_line' id='line_1_14' title="bbox 273 1960 1423 2041; baseline 0 -16"><span class='ocrx_word' id='word_1_113' title='bbox 273 1965 310 2026; x_wconf 89' lang='lat' dir='ltr'><strong>ut</strong></span> <span class='ocrx_word' id='word_1_114' title='bbox 338 1960 405 2026; x_wconf 87' lang='lat' dir='ltr'><strong>sine</strong></span> <span class='ocrx_word' id='word_1_115' title='bbox 433 1961 484 2025; x_wconf 88' lang='lat' dir='ltr'><strong>his</strong></span> <span class='ocrx_word' id='word_1_116' title='bbox 508 1960 740 2026; x_wconf 85' lang='lat' dir='ltr'><strong>adlectionibus</strong></span> <span class='ocrx_word' id='word_1_117' title='bbox 763 1960 905 2038; x_wconf 91' lang='lat' dir='ltr'><strong>uiuatur,</strong></span> <span class='ocrx_word' id='word_1_118' title='bbox 930 1978 1010 2041; x_wconf 89' lang='lat' dir='ltr'><strong>quae</strong></span> <span class='ocrx_word' id='word_1_119' title='bbox 1034 1963 1143 2025; x_wconf 86' lang='lat' dir='ltr'><strong>contra</strong></span> <span class='ocrx_word' id='word_1_120' title='bbox 1164 1960 1320 2025; x_wconf 92' lang='lat' dir='ltr'><strong>rationem</strong></span> <span class='ocrx_word' id='word_1_121' title='bbox 1343 1961 1423 2025; x_wconf 90' lang='lat' dir='ltr'><strong>acci·</strong></span> 
     </span>
     <span class='ocr_line' id='line_1_15' title="bbox 273 2066 1423 2150; baseline -0.001 -19"><span class='ocrx_word' id='word_1_122' title='bbox 273 2066 352 2132; x_wconf 88' lang='lat' dir='ltr'><strong>dunt</strong></span> <span class='ocrx_word' id='word_1_123' title='bbox 378 2069 581 2148; x_wconf 91' lang='lat' dir='ltr'><strong>mentemque</strong></span> <span class='ocrx_word' id='word_1_124' title='bbox 611 2066 806 2149; x_wconf 85' lang='lat' dir='ltr'><strong>perturbant,</strong></span> <span class='ocrx_word' id='word_1_125' title='bbox 834 2067 915 2131; x_wconf 90' lang='lat' dir='ltr'><strong>bona</strong></span> <span class='ocrx_word' id='word_1_126' title='bbox 942 2067 1035 2150; x_wconf 92' lang='lat' dir='ltr'><strong>plane</strong></span> <span class='ocrx_word' id='word_1_127' title='bbox 1064 2071 1097 2131; x_wconf 90' lang='lat' dir='ltr'><strong>et</strong></span> <span class='ocrx_word' id='word_1_128' title='bbox 1123 2067 1258 2132; x_wconf 83' lang='lat' dir='ltr'><strong>maxime</strong></span> <span class='ocrx_word' id='word_1_129' title='bbox 1286 2068 1423 2150; x_wconf 89' lang='lat' dir='ltr'><strong>optanda</strong></span> 
     </span>
     <span class='ocr_line' id='line_1_16' title="bbox 275 2172 1474 2256; baseline 0.002 -18"><span class='ocrx_word' id='word_1_130' title='bbox 275 2178 333 2253; x_wconf 90' lang='lat' dir='ltr'><strong>est,</strong></span> <span class='ocrx_word' id='word_1_131' title='bbox 358 2173 414 2239; x_wconf 90' lang='lat' dir='ltr'><strong>sed</strong></span> <span class='ocrx_word' id='word_1_132' title='bbox 438 2192 495 2239; x_wconf 91' lang='lat' dir='ltr'><strong>nec</strong></span> <span class='ocrx_word' id='word_1_133' title='bbox 517 2173 589 2255; x_wconf 89' lang='lat' dir='ltr'><strong>ipsa</strong></span> <span class='ocrx_word' id='word_1_134' title='bbox 611 2173 707 2237; x_wconf 86' lang='lat' dir='ltr'><strong>buius</strong></span> <span class='ocrx_word' id='word_1_135' title='bbox 732 2175 782 2237; x_wconf 88' lang='lat' dir='ltr'><strong>est</strong></span> <span class='ocrx_word' id='word_1_136' title='bbox 805 2174 902 2238; x_wconf 89' lang='lat' dir='ltr'><strong>uitae.</strong></span> <span class='ocrx_word' id='word_1_137' title='bbox 938 2172 1009 2237; x_wconf 87' lang='lat' dir='ltr'><strong>Nou</strong></span> <span class='ocrx_word' id='word_1_138' title='bbox 1034 2173 1118 2237; x_wconf 90' lang='lat' dir='ltr'><strong>enim</strong></span> <span class='ocrx_word' id='word_1_139' title='bbox 1142 2174 1422 2256; x_wconf 86' lang='lat' dir='ltr'><strong>qualiumcumque</strong></span> <span class='ocrx_word' id='word_1_140' title='bbox 1444 2200 1474 2241; x_wconf 78' lang='lat' dir='ltr'><strong>rr</strong></span> 
     </span>
     <span class='ocr_line' id='line_1_17' title="bbox 275 2278 1422 2363; baseline 0 -20"><span class='ocrx_word' id='word_1_141' title='bbox 275 2280 438 2344; x_wconf 88' lang='lat' dir='ltr'><strong>hominum</strong></span> <span class='ocrx_word' id='word_1_142' title='bbox 469 2298 529 2343; x_wconf 87' lang='lat' dir='ltr'><strong>uor</strong></span> <span class='ocrx_word' id='word_1_143' title='bbox 558 2281 617 2355; x_wconf 90' lang='lat' dir='ltr'><strong>eet,</strong></span> <span class='ocrx_word' id='word_1_144' title='bbox 643 2278 699 2343; x_wconf 88' lang='lat' dir='ltr'><strong>sed</strong></span> <span class='ocrx_word' id='word_1_145' title='bbox 725 2278 860 2343; x_wconf 82' lang='lat' dir='ltr'><strong>maxime</strong></span> <span class='ocrx_word' id='word_1_146' title='bbox 887 2278 1011 2362; x_wconf 90' lang='lat' dir='ltr'><strong>piomm</strong></span> <span class='ocrx_word' id='word_1_147' title='bbox 1040 2280 1242 2363; x_wconf 89' lang='lat' dir='ltr'><strong>multumque</strong></span> <span class='ocrx_word' id='word_1_148' title='bbox 1264 2279 1422 2345; x_wconf 86' lang='lat' dir='ltr'><strong>iustorum</strong></span> 
     </span>
     <span class='ocr_line' id='line_1_18' title="bbox 277 2384 1422 2468; baseline 0 -17"><span class='ocrx_word' id='word_1_149' title='bbox 277 2386 379 2468; x_wconf 88' lang='lat' dir='ltr'><strong>adque</strong></span> <span class='ocrx_word' id='word_1_150' title='bbox 404 2388 600 2451; x_wconf 90' lang='lat' dir='ltr'><strong>sauctorum:</strong></span> <span class='ocrx_word' id='word_1_151' title='bbox 632 2384 668 2450; x_wconf 88' lang='lat' dir='ltr'><strong>Si</strong></span> <span class='ocrx_word' id='word_1_152' title='bbox 694 2384 910 2463; x_wconf 82' lang='lat' dir='ltr'><strong>dixerimus,</strong></span> <span class='ocrx_word' id='word_1_153' title='bbox 935 2386 1108 2468; x_wconf 90' lang='lat' dir='ltr'><strong>quoniam</strong></span> <span class='ocrx_word' id='word_1_154' title='bbox 1131 2390 1328 2468; x_wconf 89' lang='lat' dir='ltr'><strong>peccatum</strong></span> <span class='ocrx_word' id='word_1_155' title='bbox 1351 2404 1422 2451; x_wconf 91' lang='lat' dir='ltr'><strong>non</strong></span> 
     </span>
     <span class='ocr_line' id='line_1_19' title="bbox 275 2490 1421 2574; baseline 0 -17"><span class='ocrx_word' id='word_1_156' title='bbox 275 2494 467 2571; x_wconf 88' lang='lat' dir='ltr'><strong>babemus,</strong></span> <span class='ocrx_word' id='word_1_157' title='bbox 500 2511 566 2555; x_wconf 88' lang='lat' dir='ltr'><strong>nos</strong></span> <span class='ocrx_word' id='word_1_158' title='bbox 598 2490 704 2574; x_wconf 89' lang='lat' dir='ltr'><strong>ipsos</strong></span> <span class='ocrx_word' id='word_1_159' title='bbox 738 2490 957 2556; x_wconf 88' lang='lat' dir='ltr'><strong>seducimus</strong></span> <span class='ocrx_word' id='word_1_160' title='bbox 989 2497 1027 2556; x_wconf 91' lang='lat' dir='ltr'><strong>et</strong></span> <span class='ocrx_word' id='word_1_161' title='bbox 1058 2492 1203 2557; x_wconf 88' lang='lat' dir='ltr'><strong>ueritas</strong></span> <span class='ocrx_word' id='word_1_162' title='bbox 1240 2493 1276 2557; x_wconf 91' lang='lat' dir='ltr'><strong>in</strong></span> <span class='ocrx_word' id='word_1_163' title='bbox 1313 2492 1421 2557; x_wconf 88' lang='lat' dir='ltr'><strong>nobis</strong></span> 
     </span>
     <span class='ocr_line' id='line_1_20' title="bbox 274 2595 1422 2682; baseline -0.002 -18"><span class='ocrx_word' id='word_1_164' title='bbox 274 2619 343 2664; x_wconf 90' lang='lat' dir='ltr'><strong>uon</strong></span> <span class='ocrx_word' id='word_1_165' title='bbox 369 2603 436 2664; x_wconf 90' lang='lat' dir='ltr'><strong>est.</strong></span> <span class='ocrx_word' id='word_1_166' title='bbox 470 2599 558 2662; x_wconf 80' lang='lat' dir='ltr'><strong>Tunc</strong></span> <span class='ocrx_word' id='word_1_167' title='bbox 581 2599 688 2681; x_wconf 90' lang='lat' dir='ltr'><strong>itaque</strong></span> <span class='ocrx_word' id='word_1_168' title='bbox 712 2595 848 2661; x_wconf 75' lang='grc' dir='ltr'>ἀπάθεια</span> <span class='ocrx_word' id='word_1_169' title='bbox 869 2597 934 2663; x_wconf 88' lang='lat' dir='ltr'><strong>ista</strong></span> <span class='ocrx_word' id='word_1_170' title='bbox 957 2600 1026 2677; x_wconf 90' lang='lat' dir='ltr'><strong>erit,</strong></span> <span class='ocrx_word' id='word_1_171' title='bbox 1051 2598 1176 2680; x_wconf 90' lang='lat' dir='ltr'><strong>quando</strong></span> <span class='ocrx_word' id='word_1_172' title='bbox 1199 2602 1367 2682; x_wconf 87' lang='lat' dir='ltr'><strong>peceatum</strong></span> <span class='ocrx_word' id='word_1_173' title='bbox 1390 2599 1422 2662; x_wconf 92' lang='lat' dir='ltr'><strong>in</strong></span> 
     </span>
     <span class='ocr_line' id='line_1_21' title="bbox 274 2704 1476 2784; baseline 0.001 -14"><span class='ocrx_word' id='word_1_174' title='bbox 274 2706 401 2771; x_wconf 88' lang='lat' dir='ltr'><strong>bomine</strong></span> <span class='ocrx_word' id='word_1_175' title='bbox 435 2707 558 2770; x_wconf 90' lang='lat' dir='ltr'><strong>nullum</strong></span> <span class='ocrx_word' id='word_1_176' title='bbox 593 2706 660 2771; x_wconf 91' lang='lat' dir='ltr'><strong>erit.</strong></span> <span class='ocrx_word' id='word_1_177' title='bbox 697 2705 790 2769; x_wconf 89' lang='lat' dir='ltr'><strong>Nunc</strong></span> <span class='ocrx_word' id='word_1_178' title='bbox 818 2724 892 2769; x_wconf 88' lang='lat' dir='ltr'><strong>uero</strong></span> <span class='ocrx_word' id='word_1_179' title='bbox 922 2705 1001 2769; x_wconf 88' lang='lat' dir='ltr'><strong>satis</strong></span> <span class='ocrx_word' id='word_1_180' title='bbox 1028 2704 1109 2769; x_wconf 87' lang='lat' dir='ltr'><strong>bene</strong></span> <span class='ocrx_word' id='word_1_181' title='bbox 1136 2706 1269 2784; x_wconf 90' lang='lat' dir='ltr'><strong>uiuitur,</strong></span> <span class='ocrx_word' id='word_1_182' title='bbox 1298 2705 1325 2771; x_wconf 88' lang='lat' dir='ltr'><strong>si</strong></span> <span class='ocrx_word' id='word_1_183' title='bbox 1354 2706 1422 2770; x_wconf 90' lang='lat' dir='ltr'><strong>sine</strong></span> <span class='ocrx_word' id='word_1_184' title='bbox 1443 2732 1476 2771; x_wconf 80' lang='lat' dir='ltr'><strong>ro</strong></span> 
     </span>
     <span class='ocr_line' id='line_1_22' title="bbox 275 2812 1423 2895; baseline 0 -20"><span class='ocrx_word' id='word_1_185' title='bbox 275 2812 420 2888; x_wconf 87' lang='lat' dir='ltr'><strong>orimine;</strong></span> <span class='ocrx_word' id='word_1_186' title='bbox 450 2813 517 2877; x_wconf 90' lang='lat' dir='ltr'><strong>siue</strong></span> <span class='ocrx_word' id='word_1_187' title='bbox 545 2814 676 2895; x_wconf 86' lang='lat' dir='ltr'><strong>peccato</strong></span> <span class='ocrx_word' id='word_1_188' title='bbox 705 2816 811 2876; x_wconf 89' lang='lat' dir='ltr'><strong>autem</strong></span> <span class='ocrx_word' id='word_1_189' title='bbox 842 2812 897 2895; x_wconf 90' lang='lat' dir='ltr'><strong>qui</strong></span> <span class='ocrx_word' id='word_1_190' title='bbox 920 2830 954 2877; x_wconf 89' lang='lat' dir='ltr'><strong>se</strong></span> <span class='ocrx_word' id='word_1_191' title='bbox 977 2812 1088 2877; x_wconf 88' lang='lat' dir='ltr'><strong>uiuere</strong></span> <span class='ocrx_word' id='word_1_192' title='bbox 1112 2812 1282 2891; x_wconf 84' lang='lat' dir='ltr'><strong>existimat,</strong></span> <span class='ocrx_word' id='word_1_193' title='bbox 1306 2832 1366 2877; x_wconf 88' lang='lat' dir='ltr'><strong>non</strong></span> <span class='ocrx_word' id='word_1_194' title='bbox 1389 2812 1423 2876; x_wconf 93' lang='lat' dir='ltr'><strong>id</strong></span> 
     </span>
     <span class='ocr_line' id='line_1_23' title="bbox 275 2917 1421 3003; baseline 0.001 -21"><span class='ocrx_word' id='word_1_195' title='bbox 275 2918 351 3003; x_wconf 86' lang='lat' dir='ltr'><strong>agit,</strong></span> <span class='ocrx_word' id='word_1_196' title='bbox 379 2922 418 2983; x_wconf 93' lang='lat' dir='ltr'><strong>ut</strong></span> <span class='ocrx_word' id='word_1_197' title='bbox 445 2922 611 3002; x_wconf 89' lang='lat' dir='ltr'><strong>peccatum</strong></span> <span class='ocrx_word' id='word_1_198' title='bbox 640 2937 700 2983; x_wconf 89' lang='lat' dir='ltr'><strong>uon</strong></span> <span class='ocrx_word' id='word_1_199' title='bbox 732 2917 857 2996; x_wconf 89' lang='lat' dir='ltr'><strong>habeat,</strong></span> <span class='ocrx_word' id='word_1_200' title='bbox 883 2918 939 2983; x_wconf 89' lang='lat' dir='ltr'><strong>sed</strong></span> <span class='ocrx_word' id='word_1_201' title='bbox 966 2922 1004 2982; x_wconf 88' lang='lat' dir='ltr'><strong>ut</strong></span> <span class='ocrx_word' id='word_1_202' title='bbox 1030 2918 1158 2982; x_wconf 90' lang='lat' dir='ltr'><strong>ueniam</strong></span> <span class='ocrx_word' id='word_1_203' title='bbox 1186 2938 1247 2983; x_wconf 90' lang='lat' dir='ltr'><strong>nou</strong></span> <span class='ocrx_word' id='word_1_204' title='bbox 1276 2918 1421 3003; x_wconf 88' lang='lat' dir='ltr'><strong>accipiat.</strong></span> 
     </span>
     <span class='ocr_line' id='line_1_24' title="bbox 275 3022 1423 3109; baseline 0.002 -21"><span class='ocrx_word' id='word_1_205' title='bbox 275 3025 382 3102; x_wconf 88' lang='lat' dir='ltr'><strong>Porro,</strong></span> <span class='ocrx_word' id='word_1_206' title='bbox 412 3024 439 3090; x_wconf 90' lang='lat' dir='ltr'><strong>si</strong></span> <span class='ocrx_word' id='word_1_207' title='bbox 467 3022 601 3087; x_wconf 77' lang='grc' dir='ltr'>ἀπάθεια</span> <span class='ocrx_word' id='word_1_208' title='bbox 628 3024 684 3088; x_wconf 91' lang='lat' dir='ltr'><strong>illa</strong></span> <span class='ocrx_word' id='word_1_209' title='bbox 711 3024 845 3089; x_wconf 88' lang='lat' dir='ltr'><strong>dicenda</strong></span> <span class='ocrx_word' id='word_1_210' title='bbox 872 3030 931 3103; x_wconf 88' lang='lat' dir='ltr'><strong>est,</strong></span> <span class='ocrx_word' id='word_1_211' title='bbox 961 3044 1034 3088; x_wconf 86' lang='lat' dir='ltr'><strong>eum</strong></span> <span class='ocrx_word' id='word_1_212' title='bbox 1066 3025 1207 3089; x_wconf 89' lang='lat' dir='ltr'><strong>animum</strong></span> <span class='ocrx_word' id='word_1_213' title='bbox 1240 3026 1423 3109; x_wconf 85' lang='lat' dir='ltr'><strong>contingere</strong></span> 
     </span>
     <span class='ocr_line' id='line_1_25' title="bbox 276 3130 1422 3214; baseline 0 -19"><span class='ocrx_word' id='word_1_214' title='bbox 276 3132 402 3196; x_wconf 90' lang='lat' dir='ltr'><strong>omnino</strong></span> <span class='ocrx_word' id='word_1_215' title='bbox 435 3150 494 3195; x_wconf 91' lang='lat' dir='ltr'><strong>non</strong></span> <span class='ocrx_word' id='word_1_216' title='bbox 522 3133 631 3212; x_wconf 89' lang='lat' dir='ltr'><strong>potest</strong></span> <span class='ocrx_word' id='word_1_217' title='bbox 658 3132 745 3197; x_wconf 94' lang='lat' dir='ltr'><strong>ullus</strong></span> <span class='ocrx_word' id='word_1_218' title='bbox 774 3130 929 3209; x_wconf 87' lang='lat' dir='ltr'><strong>adfectus,</strong></span> <span class='ocrx_word' id='word_1_219' title='bbox 959 3131 1030 3213; x_wconf 89' lang='lat' dir='ltr'><strong>quis</strong></span> <span class='ocrx_word' id='word_1_220' title='bbox 1058 3130 1143 3195; x_wconf 89' lang='lat' dir='ltr'><strong>bunc</strong></span> <span class='ocrx_word' id='word_1_221' title='bbox 1171 3136 1334 3214; x_wconf 90' lang='lat' dir='ltr'><strong>stuporem</strong></span> <span class='ocrx_word' id='word_1_222' title='bbox 1361 3150 1422 3195; x_wconf 91' lang='lat' dir='ltr'><strong>non</strong></span> 
     </span>
     <span class='ocr_line' id='line_1_26' title="bbox 276 3237 1475 3322; baseline 0.003 -19"><span class='ocrx_word' id='word_1_223' title='bbox 276 3237 422 3303; x_wconf 89' lang='lat' dir='ltr'><strong>omnibus</strong></span> <span class='ocrx_word' id='word_1_224' title='bbox 446 3237 536 3302; x_wconf 90' lang='lat' dir='ltr'><strong>uitiis</strong></span> <span class='ocrx_word' id='word_1_225' title='bbox 560 3238 681 3303; x_wconf 89' lang='lat' dir='ltr'><strong>iudicet</strong></span> <span class='ocrx_word' id='word_1_226' title='bbox 704 3258 774 3303; x_wconf 88' lang='lat' dir='ltr'><strong>esse</strong></span> <span class='ocrx_word' id='word_1_227' title='bbox 797 3239 958 3322; x_wconf 80' lang='lat' dir='ltr'><strong>peiorem?</strong></span> <span class='ocrx_word' id='word_1_228' title='bbox 981 3238 1094 3302; x_wconf 87' lang='lat' dir='ltr'><strong>Potest</strong></span> <span class='ocrx_word' id='word_1_229' title='bbox 1113 3256 1187 3321; x_wconf 84' lang='lat' dir='ltr'><strong>ergo</strong></span> <span class='ocrx_word' id='word_1_230' title='bbox 1205 3256 1267 3303; x_wconf 91' lang='lat' dir='ltr'><strong>uon</strong></span> <span class='ocrx_word' id='word_1_231' title='bbox 1287 3238 1423 3303; x_wconf 89' lang='lat' dir='ltr'><strong>absurde</strong></span> <span class='ocrx_word' id='word_1_232' title='bbox 1444 3266 1475 3306; x_wconf 78' lang='lat' dir='ltr'><strong>aa</strong></span> 
     </span>
     <span class='ocr_line' id='line_1_27' title="bbox 276 3344 1424 3427; baseline 0.003 -20"><span class='ocrx_word' id='word_1_233' title='bbox 276 3344 338 3408; x_wconf 90' lang='lat' dir='ltr'><strong>dici</strong></span> <span class='ocrx_word' id='word_1_234' title='bbox 363 3346 534 3427; x_wconf 86' lang='lat' dir='ltr'><strong>perlectam</strong></span> <span class='ocrx_word' id='word_1_235' title='bbox 558 3344 788 3409; x_wconf 89' lang='lat' dir='ltr'><strong>beatitudinem</strong></span> <span class='ocrx_word' id='word_1_236' title='bbox 813 3344 881 3408; x_wconf 91' lang='lat' dir='ltr'><strong>sine</strong></span> <span class='ocrx_word' id='word_1_237' title='bbox 905 3344 1037 3409; x_wconf 89' lang='lat' dir='ltr'><strong>stimulo</strong></span> <span class='ocrx_word' id='word_1_238' title='bbox 1061 3345 1187 3410; x_wconf 75' lang='lat' dir='ltr'><strong>timorm</strong></span> <span class='ocrx_word' id='word_1_239' title='bbox 1211 3350 1244 3409; x_wconf 91' lang='lat' dir='ltr'><strong>et</strong></span> <span class='ocrx_word' id='word_1_240' title='bbox 1266 3346 1333 3410; x_wconf 89' lang='lat' dir='ltr'><strong>sine</strong></span> <span class='ocrx_word' id='word_1_241' title='bbox 1356 3345 1424 3410; x_wconf 90' lang='lat' dir='ltr'><strong>ulla</strong></span> 
     </span>
     <span class='ocr_line' id='line_1_28' title="bbox 275 3449 1424 3535; baseline 0.002 -22"><span class='ocrx_word' id='word_1_242' title='bbox 275 3450 408 3515; x_wconf 85' lang='lat' dir='ltr'><strong>tristitia</strong></span> <span class='ocrx_word' id='word_1_243' title='bbox 430 3451 586 3525; x_wconf 85' lang='lat' dir='ltr'><strong>futuram;</strong></span> <span class='ocrx_word' id='word_1_244' title='bbox 611 3470 671 3515; x_wconf 91' lang='lat' dir='ltr'><strong>non</strong></span> <span class='ocrx_word' id='word_1_245' title='bbox 696 3451 740 3515; x_wconf 90' lang='lat' dir='ltr'><strong>ibi</strong></span> <span class='ocrx_word' id='word_1_246' title='bbox 759 3453 867 3515; x_wconf 89' lang='lat' dir='ltr'><strong>autem</strong></span> <span class='ocrx_word' id='word_1_247' title='bbox 885 3449 1029 3515; x_wconf 88' lang='lat' dir='ltr'><strong>futurum</strong></span> <span class='ocrx_word' id='word_1_248' title='bbox 1049 3470 1187 3516; x_wconf 86' lang='lat' dir='ltr'><strong>amorem</strong></span> <span class='ocrx_word' id='word_1_249' title='bbox 1207 3452 1424 3535; x_wconf 81' lang='lat' dir='ltr'><strong>gaudiumque</strong></span> 
     </span>
     <span class='ocr_line' id='line_1_29' title="bbox 276 3555 1423 3640; baseline 0.001 -21"><span class='ocrx_word' id='word_1_250' title='bbox 276 3555 347 3640; x_wconf 88' lang='lat' dir='ltr'><strong>quis</strong></span> <span class='ocrx_word' id='word_1_251' title='bbox 377 3556 498 3635; x_wconf 84' lang='lat' dir='ltr'><strong>dixerit,</strong></span> <span class='ocrx_word' id='word_1_252' title='bbox 527 3557 589 3621; x_wconf 89' lang='lat' dir='ltr'><strong>nisi</strong></span> <span class='ocrx_word' id='word_1_253' title='bbox 617 3557 701 3622; x_wconf 90' lang='lat' dir='ltr'><strong>omni</strong></span> <span class='ocrx_word' id='word_1_254' title='bbox 729 3556 823 3621; x_wconf 90' lang='lat' dir='ltr'><strong>modo</strong></span> <span class='ocrx_word' id='word_1_255' title='bbox 848 3576 866 3621; x_wconf 94' lang='lat' dir='ltr'><strong>a</strong></span> <span class='ocrx_word' id='word_1_256' title='bbox 888 3557 1024 3621; x_wconf 87' lang='lat' dir='ltr'><strong>ueritate</strong></span> <span class='ocrx_word' id='word_1_257' title='bbox 1053 3559 1222 3623; x_wconf 80' lang='lat' dir='ltr'><strong>seclusus?</strong></span> <span class='ocrx_word' id='word_1_258' title='bbox 1259 3558 1293 3624; x_wconf 86' lang='lat' dir='ltr'><strong>si</strong></span> <span class='ocrx_word' id='word_1_259' title='bbox 1317 3562 1423 3624; x_wconf 89' lang='lat' dir='ltr'><strong>autem</strong></span> 
     </span>
    </p>
   </div>
   <div class='ocr_carea' id='block_1_3' title="bbox 276 3798 1419 3955">
    <p class='ocr_par' dir='ltr' id='par_1_3' title="bbox 276 3798 1419 3955">
     <span class='ocr_line' id='line_1_30' title="bbox 364 3798 1419 3867; baseline 0.002 -14"><span class='ocrx_word' id='word_1_260' title='bbox 364 3798 476 3853; x_wconf 74' lang='lat' dir='ltr'><strong>tltom.</strong></span> <span class='ocrx_word' id='word_1_261' title='bbox 499 3800 522 3867; x_wconf 92' lang='grc'><strong>1,</strong></span> <span class='ocrx_word' id='word_1_262' title='bbox 542 3801 574 3854; x_wconf 89' lang='grc'><strong>31</strong></span> <span class='ocrx_word' id='word_1_263' title='bbox 668 3799 748 3853; x_wconf 76' lang='lat' dir='ltr'><strong>crs.</strong></span> <span class='ocrx_word' id='word_1_264' title='bbox 768 3799 812 3864; x_wconf 86' lang='grc'><strong>68,</strong></span> <span class='ocrx_word' id='word_1_265' title='bbox 832 3802 865 3854; x_wconf 78' lang='lat'><strong>21</strong></span> <span class='ocrx_word' id='word_1_266' title='bbox 951 3798 1043 3855; x_wconf 73' lang='lat' dir='ltr'><strong>scie.</strong></span> <span class='ocrx_word' id='word_1_267' title='bbox 1069 3800 1148 3855; x_wconf 85' lang='lat' dir='ltr'><strong>Tuae.</strong></span> <span class='ocrx_word' id='word_1_268' title='bbox 1168 3801 1256 3863; x_wconf 85' lang='lat' dir='ltr'><strong>Ill,6</strong></span> <span class='ocrx_word' id='word_1_269' title='bbox 1343 3802 1419 3855; x_wconf 81' lang='lat'>171.</span> 
     </span>
     <span class='ocr_line' id='line_1_31' title="bbox 276 3888 397 3955; baseline 0.017 -14"><span class='ocrx_word' id='word_1_270' title='bbox 276 3888 315 3941; x_wconf 93' lang='lat' dir='ltr'><strong>lo.</strong></span> <span class='ocrx_word' id='word_1_271' title='bbox 337 3888 397 3955; x_wconf 89' lang='lat' dir='ltr'><strong>i,8</strong></span> 
     </span>
    </p>
   </div>
   <div class='ocr_carea' id='block_1_4' title="bbox 277 4010 1425 4173">
    <p class='ocr_par' dir='ltr' id='par_1_4' title="bbox 277 4010 1425 4173">
     <span class='ocr_line' id='line_1_32' title="bbox 314 4010 1424 4081; baseline 0.004 -18"><span class='ocrx_word' id='word_1_272' title='bbox 314 4010 461 4065; x_wconf 85' lang='lat' dir='ltr'><strong>ldrmitas</strong></span> <span class='ocrx_word' id='word_1_273' title='bbox 479 4010 500 4064; x_wconf 83' lang='lat'><strong>1¹</strong></span> <span class='ocrx_word' id='word_1_274' title='bbox 591 4012 695 4065; x_wconf 77' lang='lat' dir='ltr'><strong>ldirit</strong></span> <span class='ocrx_word' id='word_1_275' title='bbox 715 4012 805 4066; x_wconf 80' lang='lat' dir='ltr'><strong>esset</strong></span> <span class='ocrx_word' id='word_1_276' title='bbox 889 4012 1019 4081; x_wconf 76' lang='lat' dir='ltr'><strong>tquial</strong></span> <span class='ocrx_word' id='word_1_277' title='bbox 1104 4014 1191 4068; x_wconf 76' lang='lat' dir='ltr'><strong>inou</strong></span> <span class='ocrx_word' id='word_1_278' title='bbox 1212 4015 1319 4068; x_wconf 88' lang='lat' dir='ltr'><strong>omnino</strong></span> <span class='ocrx_word' id='word_1_279' title='bbox 1338 4014 1424 4067; x_wconf 82' lang='lat' dir='ltr'><strong>noni</strong></span> 
     </span>
     <span class='ocr_line' id='line_1_33' title="bbox 277 4100 1425 4173; baseline 0.003 -20"><span class='ocrx_word' id='word_1_280' title='bbox 277 4102 412 4171; x_wconf 78' lang='lat' dir='ltr'><strong>timagna</strong></span> <span class='ocrx_word' id='word_1_281' title='bbox 430 4100 513 4154; x_wconf 76' lang='lat' dir='ltr'><strong>onai</strong></span> <span class='ocrx_word' id='word_1_282' title='bbox 584 4100 728 4170; x_wconf 83' lang='lat' dir='ltr'><strong>contigitl</strong></span> <span class='ocrx_word' id='word_1_283' title='bbox 821 4102 853 4155; x_wconf 90' lang='lat'><strong>10</strong></span> <span class='ocrx_word' id='word_1_284' title='bbox 872 4101 983 4171; x_wconf 84' lang='lat' dir='ltr'><strong>aphatia</strong></span> <span class='ocrx_word' id='word_1_285' title='bbox 1005 4100 1033 4154; x_wconf 90' lang='lat' dir='ltr'><strong><em>V</em></strong></span> <span class='ocrx_word' id='word_1_286' title='bbox 1116 4104 1147 4157; x_wconf 92' lang='lat' dir='ltr'><strong>ll</strong></span> <span class='ocrx_word' id='word_1_287' title='bbox 1168 4102 1366 4173; x_wconf 84' lang='lat' dir='ltr'><strong>inpossibilitas</strong></span> <span class='ocrx_word' id='word_1_288' title='bbox 1389 4102 1425 4156; x_wconf 72' lang='lat'><strong>1⁷¹</strong></span> 
     </span>
    </p>
   </div>
   <div class='ocr_carea' id='block_1_5' title="bbox 277 4182 1428 4465">
    <p class='ocr_par' dir='ltr' id='par_1_5' title="bbox 277 4182 1428 4465">
     <span class='ocr_line' id='line_1_34' title="bbox 278 4182 1428 4288; baseline 0.002 -18"><span class='ocrx_word' id='word_1_289' title='bbox 278 4217 310 4270; x_wconf 88' lang='lat'><strong>13</strong></span> <span class='ocrx_word' id='word_1_290' title='bbox 331 4216 458 4270; x_wconf 86' lang='lat' dir='ltr'><strong>occidunt</strong></span> <span class='ocrx_word' id='word_1_291' title='bbox 481 4215 532 4283; x_wconf 88' lang='lat' dir='ltr'><strong>V¹‚·</strong></span> <span class='ocrx_word' id='word_1_292' title='bbox 550 4216 682 4271; x_wconf 85' lang='lat' dir='ltr'><strong>accedunt</strong></span> <span class='ocrx_word' id='word_1_293' title='bbox 701 4217 710 4269; x_wconf 87' lang='grc'><strong>1</strong></span> <span class='ocrx_word' id='word_1_294' title='bbox 766 4217 798 4270; x_wconf 82' lang='lat'><strong>17</strong></span> <span class='ocrx_word' id='word_1_295' title='bbox 819 4182 919 4285; x_wconf 66' lang='lat' dir='ltr'><strong>dixerit</strong></span> <span class='ocrx_word' id='word_1_296' title='bbox 939 4219 971 4271; x_wconf 82' lang='lat' dir='ltr'><strong>ia</strong></span> <span class='ocrx_word' id='word_1_297' title='bbox 984 4218 1045 4287; x_wconf 79' lang='lat' dir='ltr'><strong>fiae</strong></span> <span class='ocrx_word' id='word_1_298' title='bbox 1060 4219 1181 4272; x_wconf 75' lang='lat' dir='ltr'><strong>lineare</strong></span> <span class='ocrx_word' id='word_1_299' title='bbox 1235 4220 1363 4288; x_wconf 71' lang='lat' dir='ltr'><strong>quppiam</strong></span> <span class='ocrx_word' id='word_1_300' title='bbox 1389 4218 1428 4286; x_wconf 80' lang='lat' dir='ltr'><strong>V,-</strong></span> 
     </span>
     <span class='ocr_line' id='line_1_35' title="bbox 277 4305 1427 4377; baseline 0.002 -18"><span class='ocrx_word' id='word_1_301' title='bbox 277 4306 376 4374; x_wconf 85' lang='lat' dir='ltr'><strong>quiap</strong></span> <span class='ocrx_word' id='word_1_302' title='bbox 430 4306 694 4359; x_wconf 78' lang='lat' dir='ltr'><strong>20uunoauteml</strong></span> <span class='ocrx_word' id='word_1_303' title='bbox 767 4305 1010 4375; x_wconf 84' lang='lat' dir='ltr'><strong>aiom.Vublp</strong></span> <span class='ocrx_word' id='word_1_304' title='bbox 1069 4306 1427 4377; x_wconf 81' lang='lat' dir='ltr'><strong>23porrol⁷¹abelpo,·</strong></span> 
     </span>
     <span class='ocr_line' id='line_1_36' title="bbox 277 4392 1164 4465; baseline 0.003 -18"><span class='ocrx_word' id='word_1_305' title='bbox 277 4411 355 4465; x_wconf 90' lang='lat' dir='ltr'><strong>porro</strong></span> <span class='ocrx_word' id='word_1_306' title='bbox 376 4398 466 4448; x_wconf 85' lang='lat' dir='ltr'><strong>autem</strong></span> <span class='ocrx_word' id='word_1_307' title='bbox 490 4392 667 4457; x_wconf 72' lang='lat' dir='ltr'><strong>V²fDomb</strong></span> <span class='ocrx_word' id='word_1_308' title='bbox 742 4396 832 4447; x_wconf 90' lang='lat' dir='ltr'><strong>animo</strong></span> <span class='ocrx_word' id='word_1_309' title='bbox 852 4394 896 4448; x_wconf 87' lang='lat' dir='ltr'><strong>ub</strong></span> <span class='ocrx_word' id='word_1_310' title='bbox 950 4396 985 4448; x_wconf 77' lang='lat'><strong>25</strong></span> <span class='ocrx_word' id='word_1_311' title='bbox 1003 4412 1056 4449; x_wconf 90' lang='lat' dir='ltr'><strong>non</strong></span> <span class='ocrx_word' id='word_1_312' title='bbox 1077 4396 1164 4450; x_wconf 71' lang='lat' dir='ltr'><strong>crab</strong></span> 
     </span>
    </p>
   </div>
   <div class='ocr_carea' id='block_1_6' title="bbox 0 0 1606 4959">
    <p class='ocr_par' dir='ltr' id='par_1_6' title="bbox 0 0 1606 4959">
     <span class='ocr_line' id='line_1_37' title="bbox 0 0 1606 4959; baseline 0 0"><span class='ocrx_word' id='word_1_313' title='bbox 0 0 1606 4959; x_wconf 95' lang='lat' dir='ltr'><strong> </strong></span> 
     </span>
    </p>
   </div>
  </div>
 </body>
</html>
