3192 4959
355 447 406 500 De
434 446 609 500 ciuitate
637 445 699 500 dei
726 446 792 501 lib.
820 446 891 500 xxi.
921 464 996 517 esp.
1024 447 1049 502 8.
1079 448 1103 501 9.
1237 451 1302 514 535

145 645 210 720 ret,
239 660 319 722 quos
348 645 385 705 ut
412 660 471 704 sua
497 641 641 706 membra
668 640 776 704 dextra
804 641 876 724 quis
905 641 1021 725 diligit,
1050 661 1149 724 oeque
1182 643 1302 726 praeei-

145 752 242 832 peret
266 748 438 830 amputari:
462 749 605 813 Bonum
630 748 793 825 esttibi,
817 749 931 831 inquit,
957 749 1119 813 debilem
1141 749 1302 814 introire

145 857 185 919 in
220 856 341 920 uitam
374 873 481 937 quam
514 854 606 919 dues
639 874 769 919 manus
802 855 1002 920 habentem
1029 856 1082 920 ire
1111 857 1144 918 in
1170 857 1302 940 gehen-

144 983 243 1038 nam,
267 962 453 1046 inignem
485 962 853 1046 inexstinguibilem,
891 962 956 1026 ubi
993 963 1133 1026 uermis
1172 981 1299 1026 eorum

109 1089 221 1134 enon
237 1070 420 1134 morietur
435 1072 471 1134 et
485 1070 585 1153 ignis
600 1089 670 1134 non
687 1069 964 1152 exstinguetur.
983 1068 1137 1134 Similiter
1151 1068 1189 1132 de
1204 1069 1302 1152 pede:

143 1179 297 1241 Bonum
339 1179 397 1240 est
428 1177 512 1252 tibi,
546 1177 661 1259 inquit,
699 1176 875 1240 claudum
911 1175 1070 1240 introire
1107 1175 1143 1239 in
1181 1176 1300 1239 uitem

144 1286 341 1348 aeternam
365 1301 473 1365 quem
498 1283 591 1348 duos
614 1282 728 1364 pedes
752 1283 955 1348 habentem
978 1281 1080 1346 mitti
1104 1282 1141 1345 in
1166 1283 1298 1365 gehen-

142 1409 232 1454 nnm
271 1390 371 1472 ignis
409 1389 757 1472 inexstinguibilis,
795 1388 859 1453 ubi
894 1388 1033 1452 uermis
1067 1408 1193 1454 eorum
1230 1407 1301 1453 non

141 1496 311 1562 moritur
338 1499 375 1561 et
402 1497 504 1579 ignis
532 1515 602 1560 non
627 1496 899 1580 exstinguitur.
926 1495 997 1560 Non
1023 1496 1115 1560 aliter
1138 1496 1183 1559 ait
1207 1499 1239 1560 et
1263 1495 1299 1559 de

94 1623 122 1663 ιο
142 1604 261 1671 oculo:
285 1604 428 1667 Bonum
453 1602 606 1668 esttibi
634 1603 782 1667 luseum
810 1602 970 1667 introire
994 1603 1030 1666 in
1054 1621 1208 1685 regnum
1232 1601 1300 1666 Dei

141 1729 261 1791 quam
285 1709 377 1774 duos
402 1709 531 1776 oeulos
555 1709 754 1774 habentem
778 1709 883 1773 mitti
906 1711 941 1773 in
962 1709 1168 1792 gehennam
1187 1707 1299 1792 igme,

139 1817 213 1880 ubi
238 1816 379 1880 uermis
404 1835 530 1880 eorum
555 1836 625 1880 non
644 1817 808 1880 moritur
826 1819 863 1880 et
881 1816 983 1900 ignis
1003 1835 1073 1880 non
1093 1813 1302 1898 exstingui-

139 1929 219 1987 tur.
244 1921 317 1986 Non
341 1941 414 1986 eum
437 1923 543 2006 piguit
561 1943 623 1986 uno
647 1924 717 1987 loeo
743 1923 850 1986 eadem
876 1923 975 1986 uerba
992 1925 1041 1987 ter
1060 1922 1173 1986 dieere.
1199 1921 1301 2001 Quem

139 2049 209 2094 non
244 2032 362 2093 terrent
392 2029 455 2093 ista
485 2030 633 2110 repetitio
667 2033 699 2093 et
729 2029 818 2094 illius
851 2047 969 2111 poenae
998 2029 1202 2094 commonitio
1235 2032 1301 2092 tem

90 2157 118 2196 ιο
139 2138 324 2202 uehemens
348 2154 400 2199 ore
424 2136 553 2201 diuino?

188 2242 373 2324 Utrumque
405 2245 512 2306 autem
544 2243 669 2320 horum,
702 2243 808 2326 ignem
846 2243 972 2308 scilieet
1008 2241 1110 2322 adque
1147 2261 1299 2306 uermem.

137 2350 202 2432 qui
227 2349 345 2412 uolunt
367 2347 406 2411 ad
430 2349 526 2413 animi
548 2368 676 2430 poenas,
695 2369 756 2414 non
782 2348 820 2412 ad
845 2349 984 2432 eorporis
1004 2349 1170 2431 pertinere,
1191 2347 1302 2410 dieunt

137 2458 246 2523 etiam
280 2455 330 2519 uri
362 2456 468 2520 dolore
505 2457 601 2519 animi
633 2476 702 2520 sero
736 2456 839 2538 adque
871 2457 1066 2551 infructuose
1104 2453 1300 2536 paenitentes

137 2584 213 2639 eoo,
239 2563 297 2644 qui
319 2561 473 2626 fuerinta
500 2582 597 2645 regno
621 2563 681 2626 Dei
706 2564 854 2646 separati,
880 2566 911 2626 et
933 2561 1003 2626 ideo
1026 2562 1133 2645 ignem
1156 2579 1212 2643 pro
1236 2561 1298 2625 isto

87 2671 259 2736 rodolone
288 2673 397 2733 urente
424 2688 486 2733 non
514 2669 687 2751 incongrue
710 2670 785 2750 poni
809 2669 953 2751 potuisse
978 2667 1185 2742 contendunt
1215 2668 1299 2732 unde

136 2776 230 2843 illud
254 2776 393 2856 apostoli
418 2778 481 2839 est:
507 2773 598 2853 Quis
624 2775 920 2850 scandalizatur,
945 2778 982 2839 et
1004 2795 1073 2838 non
1099 2794 1167 2858 ego
1193 2779 1299 2839 uror?

135 2881 295 2949 Eundem
319 2880 413 2944 etiam
433 2901 574 2945 uermem
594 2885 708 2963 putant
726 2881 976 2965 intellegendum
997 2900 1077 2946 esse.
1102 2881 1184 2946 Nem
1203 2882 1299 2964 serip-

133 2999 213 3054 tum
243 2990 304 3065 est,
328 2988 490 3070 inquiunt:
520 2987 629 3052 Siout
661 2989 761 3052 tinea
795 2989 1068 3053 uestimentum
1098 2991 1134 3052 et
1157 2989 1299 3053 uermis

133 3099 309 3180 lignum,
334 3095 389 3158 sio
412 3114 556 3159 maeror
580 3095 777 3160 excruciat
801 3114 862 3160 eor
886 3095 971 3161 uiri.
997 3095 1059 3174 Qui
1083 3114 1157 3159 uero
1182 3114 1299 3176 poenes

83 3224 112 3264 ss
133 3207 173 3268 et
204 3201 308 3266 animi
337 3206 370 3263 et
397 3201 536 3285 corporis
564 3201 596 3264 in
620 3201 675 3265 illo
701 3201 858 3283 supplicio
882 3201 1006 3266 futures
1031 3221 1100 3265 esee
1125 3219 1185 3265 non
1210 3201 1299 3264 dubi-

132 3314 226 3386 tant,
260 3308 334 3391 igne
367 3308 417 3372 uri
453 3327 578 3390 cornus,
613 3307 753 3371 animum
786 3312 893 3372 autem
926 3308 995 3372 rodi
1031 3308 1167 3390 quodem
1204 3308 1299 3372 modo

237 3482 254 3534 2
274 3481 324 3534 Mr.
343 3481 368 3549 9,
387 3483 422 3535 43
441 3499 501 3551 sqq.
555 3483 588 3534 21
609 3483 634 3534 2.
655 3479 714 3535 Cor.
736 3482 777 3544 11,
798 3481 833 3534 29
887 3483 921 3535 23
940 3481 1019 3536 Pron.
1039 3483 1083 3547 25,
1103 3481 1137 3535 20

172 3606 320 3674 sinque,
338 3605 425 3660 tibio
462 3605 656 3676 3ebente1n9
711 3606 761 3674 ire]
781 3606 886 3659 mittib
942 3623 1106 3675 geennamg
1142 3605 1299 3658 liuenti>

129 3697 217 3767 ignis
238 3693 459 3763 inextinguibilis
479 3693 495 3746 b
533 3695 549 3748 5
568 3695 699 3747 morietur
719 3711 827 3763 megin·
845 3695 960 3748 moritur
979 3695 1020 3748 bo
1033 3695 1133 3748 Doinb.
1154 3695 1225 3762 ignis
1244 3710 1298 3746 non

132 3806 154 3840 a
165 3787 185 3840 b
197 3801 242 3853 eq
253 3801 267 3852 ρ
278 3801 310 3850 α;
327 3783 399 3851 ignis
419 3799 511 3836 eorum
526 3800 579 3836 non
590 3800 638 3851 pv
693 3785 867 3853 extinguetur
883 3801 900 3836 a
911 3785 926 3836 b
935 3801 969 3853 9;
987 3785 1155 3853 extinguitur
1168 3801 1183 3837 v
1198 3783 1297 3836 Dornb.

128 3880 149 3931 6
161 3871 267 3941 inquit
277 3870 330 3924 tibi
337 3887 356 3939 y
410 3870 536 3933 'clodum
546 3873 579 3924 in
592 3889 676 3941 inorq.
694 3871 839 3935 blondum,
850 3888 864 3924 e
900 3872 916 3924 9
932 3871 1297 3939 morietur-extingueturb

131 3965 171 4018 10
192 3961 252 4016 tibi
274 3962 353 4027 estp
433 3962 462 4012 in
481 3962 567 4014 ons.b
654 3963 686 4015 13
706 3977 766 4014 eum
787 3977 919 4030 aepprn
940 3962 1009 4013 enim
1030 3961 1098 4029 byn
1172 3961 1205 4012 14
1225 3977 1297 4013 com·

127 4045 263 4145 munitio
286 4092 317 4144 9,·
344 4075 491 4129 nominatio
515 4093 530 4129 e
555 4077 586 4129 io
609 4094 703 4146 marg,
726 4094 757 4144 o;
785 4075 983 4130 commendatio
1014 4077 1171 4145 obelppu
1198 4075 1297 4129 Donib.

129 4171 171 4224 16
193 4165 303 4234 adque]
322 4167 350 4216 et
364 4181 386 4232 p
468 4181 587 4218 uermem
605 4183 639 4219 ex
656 4150 785 4220 inermem
806 4181 910 4236 corby
984 4165 1015 4218 18
1035 4165 1204 4234 paenitentes
1222 4182 1298 4228 irrue.,·

126 4253 350 4330 paenitentisv
412 4254 445 4306 21
470 4269 524 4306 non
549 4270 599 4322 ego
616 4272 658 4324 gp
683 4254 797 4320 Domb.;
820 4271 873 4306 non
898 4271 948 4308 om.
970 4271 1001 4321 ας
1024 4269 1074 4324 ego
1098 4271 1152 4307 non
1178 4253 1298 4322 ebepv

126 4351 170 4402 ⁶25
193 4346 227 4398 in
248 4342 299 4395 illo
318 4357 404 4410 usque
423 4342 462 4395 od
479 4342 610 4396 maeroris
625 4361 655 4412 p.
679 4347 746 4406 536,
766 4344 784 4396 l.
805 4347 819 4397 1
838 4361 888 4400 om.
909 4359 923 4396 e
