3192 4959
428 415 480 469 De
508 415 683 471 ciuitate
711 416 772 470 dei
801 416 866 471 lib.
890 416 961 471 XVI.
990 434 1064 487 cap.
1088 418 1131 472 32.
1291 419 1353 483 183

206 610 337 675 cessit
359 610 560 675 Abraham
583 612 699 677 Isaac
722 614 908 677 tentatus
934 615 973 677 st
995 612 1158 677 unicum
1185 611 1353 691 obtulit,

205 718 274 801 qni
297 718 598 800 promissiones
618 720 820 803 suscepit,
842 719 886 783 ad
907 738 1020 801 quem
1039 719 1193 783 dictum
1214 721 1290 784 est:
1311 720 1353 783 In

204 826 322 890 Isaac
353 824 575 890 uocabitur
606 825 686 889 tibi
719 844 864 905 semen,
898 824 1089 910 cogitans
1123 824 1217 907 quia
1245 828 1283 890 et
1311 844 1354 889 ex

205 931 384 996 mortuis
412 931 618 997 suscitare
646 934 787 1014 potest
811 932 929 997 Deus.
954 931 1089 997 Proinde
1114 931 1250 997 addidit:
1279 931 1353 997 Pro

170 1039 279 1103 shoc
311 1038 434 1103 etiam
462 1058 548 1102 eum
578 1040 616 1102 et
642 1038 680 1102 in
710 1038 1029 1103 similitudinem
1054 1037 1235 1114 adduxit3
1261 1036 1353 1101 cuius

205 1145 463 1222 similitudinem,
486 1145 548 1209 nisi
570 1144 660 1210 illius
684 1145 766 1209 unde
786 1146 864 1211 dicit
883 1146 1064 1227 spostolus:
1089 1144 1164 1226 Qui
1187 1145 1353 1229 proprio

206 1252 305 1317 filio
329 1270 404 1315 non
429 1252 628 1334 pepercit,
654 1251 724 1315 sed
746 1271 816 1333 pro
835 1252 954 1317 nobis
975 1252 1158 1317 omnibus
1179 1251 1354 1317 tradidit

205 1361 318 1423 eum?
346 1358 517 1441 Propterea
544 1358 702 1433 etloum,
732 1357 818 1423 sicut
845 1358 1001 1423 Dominus
1030 1376 1154 1422 crucem
1179 1376 1280 1433 suem,
1309 1358 1361 1439 ita¹

205 1464 269 1529 sibi
292 1463 381 1547 ligna
405 1463 445 1528 ad
467 1463 618 1528 uictimae
641 1464 759 1542 locum,
789 1465 906 1547 quibus
930 1465 1033 1529 fueret
1055 1464 1261 1547 inponendae,
1286 1464 1354 1545 ipse

158 1592 188 1633 ιο
204 1570 358 1654 portauit.
392 1570 556 1635 Postremo
590 1570 665 1652 quia
690 1571 781 1635 Isaac
812 1570 912 1635 occidi
941 1589 1002 1634 non
1031 1570 1206 1653 oportebat,
1242 1570 1355 1651 postea

206 1696 304 1760 quam
337 1680 387 1741 est
417 1679 508 1760 pater
538 1677 630 1741 ferire
662 1676 854 1760 prohibitus,
889 1677 960 1759 quis
994 1680 1061 1741 erat
1088 1677 1142 1740 ills
1171 1676 1263 1751 ariae,
1292 1692 1353 1756 quo

205 1783 373 1847 Immolato
414 1782 569 1865 inpletum
612 1786 661 1847 est
702 1782 914 1865 significatius
952 1783 1104 1867 sangnine
1143 1782 1354 1847 sacrificium?

205 1888 331 1971 Nempe
355 1888 479 1971 quando
504 1908 577 1953 eum
600 1889 684 1953 uidit
706 1889 877 1967 Abraham,
905 1890 1053 1954 cornibus
1076 1890 1108 1953 in
1132 1888 1247 1953 frutice
1270 1890 1354 1951 tene-

195 1996 310 2060 ·batnr.
335 1993 415 2073 Quis
439 2015 512 2079 ergo
535 1996 591 2060 illo
615 1996 821 2079 figurabatur,
846 1996 907 2061 nisi
929 1997 1032 2075 lesda,
1057 2001 1226 2078 antequam
1245 1996 1354 2059 immo·

158 2124 191 2164 ss
206 2104 337 2180 leretur,
362 2101 463 2185 spinis
485 2101 625 2167 Iudaicis
649 2106 839 2168 coronatus?

254 2207 317 2273 Sed
341 2208 449 2273 diuina
470 2228 527 2291 per
550 2209 697 2291 angelum
721 2209 818 2272 uerba
841 2209 948 2293 potins
968 2209 1144 2274 audiamus.
1164 2208 1219 2273 Ait
1238 2208 1354 2290 quippe

208 2316 380 2398 scriptura:
406 2314 454 2379 Et
477 2315 660 2379 extendit
678 2315 875 2381 Abraham
894 2335 1047 2381 manum
1069 2334 1176 2380 suam
1199 2332 1354 2379 sumere

207 2422 470 2500 machaeram,
500 2426 544 2485 nt
575 2422 785 2487 occideret
807 2422 944 2487 filium
969 2441 1092 2487 snum.
1117 2422 1165 2487 Et
1187 2422 1355 2486 uocauit

206 2528 328 2593 illum
353 2529 526 2613 angelus
550 2529 712 2593 Domini
736 2528 780 2593 de
806 2528 917 2593 caelo
941 2533 979 2593 et
998 2529 1118 2593 dixit:
1138 2528 1352 2593 Abraham!

155 2634 287 2700 201110
317 2639 451 2699 autem
480 2634 598 2699 dixit:
627 2636 729 2699 Ecce
757 2654 840 2719 ogo.
868 2636 916 2699 Et
945 2635 1064 2700 dixit:
1093 2634 1175 2699 Non
1204 2634 1354 2699 inicias

206 2761 368 2806 manum
392 2744 501 2806 tuam
524 2761 646 2824 super
667 2760 846 2824 puerum,
866 2760 993 2824 neque
1013 2740 1143 2805 facias
1163 2740 1230 2804 illi
1250 2740 1356 2823 quio-

208 2868 344 2930 quam;
373 2866 476 2911 nuno
501 2848 603 2910 enim
629 2847 737 2911 sciui
760 2847 856 2930 quia
879 2847 999 2911 times
1024 2846 1144 2911 Deum
1171 2851 1293 2923 tuum,
1318 2850 1356 2909 et

204 2974 280 3019 non
310 2953 537 3037 pepercisti
568 2954 661 3017 filio
687 2957 754 3019 tuo
780 2953 936 3018 dilecto
965 2956 1132 3037 propter
1155 2972 1220 3017 me.
1244 2952 1355 3017 Nunc

205 3060 316 3125 sciui
344 3060 466 3125 dictum
494 3064 544 3125 est
565 3062 657 3124 ‘nuno
687 3060 761 3125 sciri
783 3060 871 3135 seci’;
900 3078 1001 3143 neque
1026 3061 1109 3125 enim
1133 3060 1193 3125 hoc
1216 3059 1354 3123 nondum

153 3167 331 3233 nesciebat
353 3167 452 3231 Dens.
476 3152 598 3230 Deinde
622 3165 719 3230 ariete
742 3166 798 3231 illo
827 3167 992 3231 immolato
1016 3185 1071 3248 pro
1095 3166 1185 3231 Isaac
1208 3166 1273 3230 filio
1298 3184 1355 3229 suo

204 3274 390 3349 uocauit,
432 3276 469 3337 ut
510 3273 637 3356 legitur,
678 3272 878 3337 Abraham
920 3291 1059 3337 nornen
1096 3273 1178 3337 loci
1215 3272 1354 3335 illius:

205 3380 405 3445 Dominus
439 3380 563 3454 uidit;
597 3383 641 3443 nt
669 3378 807 3443 dicant
834 3379 968 3444 hodie:
1000 3380 1039 3443 In
1070 3382 1203 3443 monte
1229 3378 1356 3441 Domi-

298 3624 315 3676 6
333 3622 411 3675 Rorn.
430 3622 456 3684 8,
476 3623 510 3677 32
567 3622 598 3675 17
620 3620 686 3675 Gen.
705 3622 749 3688 22,
771 3622 804 3675 10
824 3638 881 3689 sqq.

245 3764 258 3817 l
278 3764 355 3816 isaac
372 3762 554 3832 Vubcppa
567 3762 682 3829 Domb.;
699 3762 727 3815 in
746 3762 820 3815 isaac
831 3780 874 3831 pv
947 3762 962 3815 3
983 3766 1011 3814 et
1029 3777 1081 3815 ons.
1105 3760 1163 3815 V¹e
1234 3762 1251 3813 4
1271 3760 1354 3813 susci-

203 3857 267 3907 tare
295 3852 333 3916 V,·
357 3852 474 3905 excitare
497 3851 556 3905 rell.
580 3868 596 3904 v
618 3850 718 3907 Domb.
845 3852 919 3903 Dens
943 3866 993 3904 orn.
1019 3867 1032 3903 e
1161 3850 1178 3903 ὃ
1202 3852 1229 3903 et
1247 3865 1298 3903 om.
1318 3866 1357 3917 ey

203 3938 427 4007 similitudmep
488 3939 595 3993 tunde
614 3955 692 4005 mss.;
711 3938 744 3992 de
764 3955 851 4008 quoo
912 3938 984 3991 idern
1003 3942 1120 4008 aposto
1179 3937 1291 3991 8illnm
1312 3953 1353 3989 ao

203 4034 221 4086 9
243 4034 272 4083 et
290 4030 385 4099 inpon.
410 4028 444 4080 V¹
462 4026 561 4082 Domb.
649 4029 682 4081 14
701 4026 840 4094 ferebatur
863 4026 899 4079 V²
1004 4029 1036 4082 15
1056 4026 1169 4080 iudaicis
1187 4044 1204 4095 p
1212 4043 1284 4095 ppo
1297 4028 1356 4093 fo;

202 4146 297 4201 iudeis
320 4144 359 4209 V‚·
378 4162 395 4197 a
412 4142 517 4197 iudaeis
537 4160 579 4198 ue
597 4149 623 4199 et
640 4160 674 4195 m.
695 4144 764 4196 2c'u
780 4144 869 4197 raab
916 4144 950 4197 22
969 4160 1023 4197 non
1043 4143 1114 4195 enirn
1134 4109 1220 4195 {iuis
1278 4143 1355 4195 tuum

207 4234 398 4303 Vabcppc
414 4232 529 4298 Domd.;
546 4238 578 4287 tu
593 4235 666 4301 pfo
739 4233 773 4285 24
791 4230 922 4299 nondum]
943 4248 996 4283 non
1017 4246 1030 4284 c
1099 4232 1132 4283 27
1152 4229 1242 4297 hodie,
1261 4246 1355 4298 super-

201 4325 312 4393 scripto
330 4337 425 4391 usque,
446 4321 462 4374 b
534 4322 657 4375 dominns
677 4321 804 4391 apparuit
822 4320 848 4373 in
868 4326 960 4373 monte
985 4319 1010 4371 V
