3192 4959
367 421 417 475 De
446 422 618 476 ciuitate
647 420 709 476 dei
737 421 803 476 lib.
830 422 888 477 XV.
916 439 991 492 esp.
1020 424 1063 477 27.
1227 426 1288 489 121

146 619 264 686 seruari
295 620 327 685 in
361 639 443 695 arca,
477 638 555 702 quae
588 623 724 703 possunt
754 618 785 684 in
820 619 910 703 aquis
942 619 1063 697 uiuere,
1095 637 1156 685 non
1185 620 1290 687 solum

146 743 256 800 mersa,
283 727 367 794 sient
390 727 506 809 pisces,
536 745 646 792 uerum
672 727 767 792 etiam
792 726 1038 808 summatenus,
1064 726 1149 792 siout
1170 727 1290 792 multae

145 831 246 896 alites.
280 833 402 898 Deinde
431 852 503 900 cum
532 833 661 900 dicitur:
691 833 900 900 Masculus
931 837 970 897 et
992 832 1141 898 femina
1165 837 1290 912 erunt,

145 937 285 1018 profecto
313 939 512 1024 intellegitur
539 939 579 1006 ad
605 939 814 1022 reparandum
841 959 941 1022 genus
971 939 1047 1016 dioi3
1082 958 1118 1004 ao
1145 959 1201 1023 per
1229 941 1290 1005 boc

121 1063 199 1112 onec
226 1045 284 1110 illa
307 1064 437 1114 necesse
459 1046 564 1112 fuerat
585 1046 631 1110 ibi
656 1065 736 1122 esse,
766 1064 846 1128 quaa
869 1049 1005 1129 possunt
1028 1046 1095 1110 sina
1119 1046 1290 1112 concubitu

146 1149 180 1214 de
213 1151 398 1235 quibusque
429 1153 524 1218 rebus
552 1153 604 1218 uel
631 1172 736 1218 rerum
766 1151 1021 1236 corruptionibus
1049 1152 1152 1226 nasci;
1186 1152 1239 1218 uel
1262 1152 1290 1216 si

146 1257 282 1334 fuerunt,
314 1259 398 1327 sicut
426 1259 458 1326 in
483 1259 630 1326 domibus
655 1279 724 1326 esse
749 1263 950 1333 consuerunt,
980 1263 1047 1324 sine
1069 1259 1136 1326 ullo
1158 1277 1289 1326 numero

146 1363 276 1432 definito
299 1383 370 1430 esse
394 1366 554 1448 potuisse:
579 1370 636 1432 aut
658 1367 685 1432 si
709 1365 899 1450 mysterium
918 1365 1184 1442 sacratissimum,
1205 1365 1290 1447 quod

147 1471 308 1554 agebatur,
337 1475 370 1536 et
397 1475 503 1540 tantae
530 1472 576 1538 rei
603 1472 705 1556 figura
730 1475 826 1540 ctiam
855 1473 990 1538 ueritate
1014 1472 1090 1538 facti
1114 1472 1207 1536 aliter
1228 1491 1289 1536 non

112 1607 132 1643 o
146 1580 254 1658 posset
290 1577 415 1659 inpleri,
448 1579 511 1644 nisi
542 1583 580 1643 ut
607 1579 713 1644 omnia
739 1580 783 1646 ibi
813 1586 898 1646 certo
925 1583 981 1648 illo
1013 1600 1144 1646 numero
1172 1583 1289 1653 essent,

148 1703 224 1765 quac
249 1684 360 1750 ninere
384 1685 416 1749 in
440 1685 532 1767 aquis
555 1689 667 1754 natura
690 1686 876 1769 prohibente
900 1707 960 1754 oon
984 1692 1126 1772 possent,
1149 1687 1292 1752 nonfuit

147 1791 205 1856 ista
238 1809 315 1854 cura
346 1790 434 1856 illius
467 1792 603 1860 hominis
637 1792 689 1858 uel
720 1793 849 1859 illorum
882 1794 1057 1872 bominum,
1090 1794 1144 1859 scd
1173 1793 1290 1859 diuina.

147 1895 213 1962 Non
252 1898 337 1962 enim
375 1917 411 1962 ea
447 1899 516 1964 Noc
552 1902 644 1980 capta
680 1900 922 1978 intromittebat,
966 1901 1022 1966 sed
1063 1900 1224 1966 uenientia
1260 1905 1293 1964 et

149 2003 296 2072 intrantia
327 2004 542 2087 permittebat.
574 2005 624 2072 Ad
657 2006 717 2072 hoo
745 2007 827 2072 enim
857 2008 944 2072 ualet
972 2007 1057 2089 quod
1081 2007 1289 2072 dictumest:

113 2137 134 2176 o
149 2110 365 2176 Intrabunt
388 2111 433 2176 ad
456 2115 512 2188 te;
532 2131 592 2178 non
617 2113 741 2178 scilicet
764 2114 901 2178 bominis
925 2117 1008 2191 actu,
1033 2114 1090 2179 sad
1112 2113 1172 2179 Dei
1194 2118 1290 2189 nntu3

149 2217 188 2285 ita
211 2236 299 2294 sane,
328 2220 447 2284 utnon
470 2219 539 2285 illic
562 2219 663 2284 luisse
687 2220 841 2284 credenda
864 2220 938 2295 sint,
967 2239 1048 2301 quae
1072 2239 1149 2285 saxu
1172 2221 1288 2284 carent.

149 2323 382 2407 Praescriptum
424 2325 506 2390 enim
548 2326 651 2408 adque
691 2325 857 2392 definitum
894 2331 958 2394 est:
1000 2325 1210 2391 Masculus
1252 2330 1292 2390 at

150 2430 294 2498 lamina
322 2435 450 2498 erunt.
478 2432 551 2498 Alia
578 2436 652 2498 sunt
680 2433 795 2516 quippe
821 2451 901 2516 quae
931 2433 969 2498 de
992 2433 1173 2518 quibusque
1195 2433 1290 2497 rebus

151 2537 212 2602 sine
236 2537 408 2604 concubitu
432 2539 479 2604 ita
501 2543 683 2616 nascuntur,
716 2547 752 2604 ub
774 2545 887 2623 postea
910 2540 1122 2607 concumbant
1145 2542 1178 2604 et
1200 2558 1292 2624 geue·

113 2648 224 2718 oront,
257 2646 343 2713 sicut
373 2664 517 2721 muscam
551 2646 614 2712 alia
640 2665 716 2712 uero
744 2647 775 2712 in
810 2649 925 2730 quibus
958 2647 1038 2712 nihil
1065 2647 1108 2714 sit
1136 2646 1231 2711 maris
1260 2649 1291 2710 et

152 2751 290 2828 feminae,
316 2753 402 2818 sicut
424 2771 509 2834 apes.
534 2752 579 2818 lla
602 2773 692 2835 porro
718 2773 798 2837 quae
823 2755 870 2820 sic
888 2754 1007 2819 babent
1030 2773 1151 2831 sexum,
1174 2756 1212 2817 ut
1230 2772 1290 2817 non

153 2857 280 2926 babeant
312 2859 425 2938 fetum,
458 2859 544 2925 sicut
575 2861 655 2925 muli
683 2863 715 2926 et
741 2861 858 2937 mulae,
890 2861 1007 2925 mirum
1036 2861 1064 2925 si
1086 2860 1214 2925 fuerunt
1235 2859 1291 2936 ibi,

155 2983 187 3028 ao
211 2985 269 3032 non
297 2965 407 3049 potius
434 2971 580 3052 parentes
609 2986 718 3032 eorum
744 2967 790 3032 ibi
818 2960 920 3032 ln'isse
947 2967 1116 3043 suffecerit,
1140 2966 1292 3049 equinum

156 3070 297 3138 uidelicet
330 3073 432 3156 adque
464 3073 621 3138 asininum
656 3093 771 3158 genus3
806 3077 838 3138 et
866 3074 894 3138 si
922 3093 985 3156 qua
1012 3073 1074 3137 alia
1097 3076 1182 3148 sunt,
1212 3090 1292 3153 qnae

116 3201 141 3242 a
156 3179 371 3246 commixtione
403 3179 522 3246 diuersi
555 3180 678 3264 generis
712 3199 812 3266 genus
842 3180 971 3264 aliquod
998 3181 1145 3265 gignunt.
1173 3177 1235 3244 Sed
1264 3179 1291 3242 si

156 3290 184 3350 at
211 3285 269 3352 boc
301 3285 341 3351 ad
373 3288 560 3368 mysterium
593 3287 780 3370 pertinebat,
813 3288 859 3353 ibi
891 3291 988 3352 erant.
1019 3287 1126 3352 Habet
1153 3285 1235 3350 enim
1261 3290 1293 3349 et

156 3389 209 3456 boc
230 3411 329 3474 genus
353 3394 533 3460 masculum
558 3399 590 3460 et
611 3394 772 3460 feminam.

196 3496 280 3564 Solet
307 3500 405 3564 ctiam
432 3519 560 3565 mouere
589 3501 768 3578 nonnullos,
798 3519 914 3584 genera
942 3518 1096 3576 escarum,
1121 3519 1201 3581 quae
1224 3499 1291 3563 illic

158 3601 261 3670 habere
283 3610 431 3689 poterant
453 3607 610 3682 animalia,
636 3626 715 3690 quae
739 3627 799 3672 nou
823 3607 885 3671 nisi
909 3625 999 3672 carne
1023 3606 1109 3670 uesci
1129 3609 1291 3688 putantur,

120 3733 142 3772 so
157 3711 254 3779 uuum
272 3716 396 3794 praeter
414 3732 580 3778 numerum
599 3713 644 3778 ibi
663 3713 779 3778 suerint
795 3713 862 3778 sinc
875 3713 1126 3798 transgressione
1141 3711 1291 3789 mandati,

159 3835 229 3896 quae
263 3819 398 3886 aliorum
435 3819 618 3884 alendorum
657 3820 829 3885 necessitas
866 3819 933 3883 illic
966 3819 1125 3902 coegissot
1155 3818 1290 3893 includi;

189 4061 339 4128 bessepte
395 4047 664 4118 lconsueueruntc
727 4063 792 4116 det
810 4078 898 4132 om.p
971 4061 1086 4130 figuram
1102 4059 1200 4114 babuit
1219 4059 1291 4129 quod

159 4147 231 4204 etiam
244 4170 266 4222 p
337 4151 455 4206 ueritate
474 4167 551 4218 ΝΜ
569 4153 596 4205 in
615 4151 726 4208 nerito
778 4151 810 4204 17
831 4154 873 4204 est
891 4151 993 4203 enimn
1042 4150 1076 4202 22
1095 4149 1134 4202 ibi
1152 4149 1291 4202 docmata

158 4238 188 4292 23
206 4239 247 4296 ubi
270 4241 302 4294 1⁷¹
431 4239 568 4295 suffecerit
590 4238 753 4310 Vb²e¹po;
776 4238 914 4302 sufficerit,
934 4255 1001 4307 rpa
1014 4245 1048 4305 ,ἒς
1066 4237 1201 4291 sufficeret
1221 4237 1288 4303 ab¹;

159 4326 300 4384 sufficerent
317 4330 349 4384 ia
367 4346 454 4399 murp.
474 4345 487 4383 c
541 4331 576 4382 26
595 4332 622 4382 et
642 4329 698 4384 sic
751 4329 785 4383 26
805 4331 864 4382 erut
886 4326 921 4381 1⁷¹
