3192 4959
338 441 403 503 426
691 437 718 490 S.
745 436 906 490 Aurelii
932 435 1149 505 Augustini

335 632 455 696 iudicio
484 631 695 713 permittatur.
726 629 819 695 Siout
846 629 999 694 enimait
1027 630 1203 712 apostolus,
1232 647 1306 694 non
1336 632 1397 695 ost
1419 630 1477 692 ini·

337 738 474 820 quitus
504 741 601 820 aput
624 738 764 812 Deum;
794 737 892 802 etiam
916 737 1093 820 sicutipse
1117 737 1194 802 alibi
1218 736 1306 812 dicit,
1339 735 1477 800 insoru·

336 845 491 909 tabilia
527 848 621 909 sunt
656 844 815 908 iudicia
847 844 933 908 eius
967 849 1004 908 ot
1042 842 1367 927 inuestigabilos
1398 844 1476 906 uiae

335 952 436 1016 cius.
468 951 540 1016 Non
571 952 671 1035 igitur
701 951 734 1014 in
767 951 828 1016 hoc
855 952 937 1016 libro
966 951 1004 1015 do
1033 951 1098 1016 illis
1126 950 1238 1034 primis
1266 969 1323 1014 nec
1352 949 1390 1014 de
1414 949 1475 1013 istis

334 1058 449 1121 mediis
481 1057 540 1121 Dei
577 1057 717 1134 iudiciis,
750 1058 806 1122 sed
840 1057 879 1122 dc
909 1057 981 1140 ipso
1015 1057 1202 1134 nouissimo,
1241 1061 1394 1139 quantum
1422 1053 1507 1136 ipsis

334 1164 491 1241 tribuerit,
524 1163 704 1245 disputabo,
739 1163 864 1245 quando
898 1162 1046 1228 Christus
1075 1164 1113 1227 de
1143 1164 1230 1228 caelo
1261 1165 1413 1226 uenturus
1433 1167 1475 1224 est

333 1271 428 1335 uiuos
451 1270 651 1334 iudicaturus
674 1273 708 1335 ot
730 1275 886 1336 mortuos.
910 1271 975 1334 Isto
1000 1270 1118 1352 quippe
1142 1269 1210 1333 dies
1234 1269 1344 1332 iudicii
1363 1267 1472 1350 proprie

333 1378 397 1441 iarn
420 1380 564 1453 uocatur,
589 1397 626 1442 eo
651 1377 736 1460 quod
759 1378 869 1441 nullus
893 1377 938 1441 ibi
959 1377 1016 1442 crit
1036 1377 1188 1461 inperitae
1208 1375 1366 1458 querellae
1383 1374 1471 1445 locus,

334 1503 417 1565 quur
438 1483 579 1548 iniustus
602 1484 657 1547 ille
682 1485 726 1548 sit
747 1483 824 1547 felir
848 1488 880 1548 ei
899 1502 980 1565 quur
998 1484 1052 1548 illo
1070 1483 1177 1548 iustus
1197 1483 1316 1547 infelix.
1337 1480 1471 1545 Omnium

334 1609 470 1671 namque
506 1593 583 1655 tnnc
620 1591 745 1654 nonnisi
782 1590 936 1654 bonorum
974 1608 1050 1654 uera
1087 1593 1119 1654 et
1155 1589 1249 1672 plena
1285 1588 1417 1652 felicitas
1446 1589 1504 1651 eto

333 1696 476 1760 omnium
508 1696 633 1760 nonnisi
665 1695 822 1761 malorum
854 1696 950 1780 digna
982 1699 1013 1760 et
1041 1715 1167 1761 summa
1193 1694 1364 1759 infelicitas
1392 1711 1470 1774 appa-

332 1802 424 1866 rebit.

806 1995 943 2062 CAPUT
967 1997 1008 2060 ll.

445 2137 499 2199 De
523 2136 732 2199 uarietate
756 2154 888 2200 rerum
911 2135 1183 2211 humanarum,
1208 2135 1272 2198 cui
1295 2153 1368 2198 nou

332 2245 472 2326 potest
497 2242 579 2306 dici
603 2241 746 2306 deesse
769 2241 970 2306 iudicium
993 2241 1076 2318 Dei,
1102 2240 1289 2322 quamuis
1308 2239 1497 2322 nequeatis

801 2348 1015 2432 uestigari.

373 2490 467 2553 Nunc
499 2492 605 2553 autem
640 2493 672 2554 et
704 2489 788 2553 mala
820 2509 921 2574 acquo
954 2490 1059 2554 animo
1092 2490 1173 2553 ferre
1203 2488 1368 2566 discimus
1399 2503 1464 2568 quoe

329 2596 495 2679 patiuntur
528 2599 561 2659 ot
592 2596 677 2673 boni,
711 2600 743 2660 et
773 2597 856 2661 bona
889 2616 949 2659 non
982 2594 1236 2680 magnipendere,
1270 2615 1351 2677 quae
1382 2592 1464 2674 adipi·

329 2705 463 2765 scnntur
496 2705 527 2766 et
549 2702 642 2778 mali;
677 2721 715 2766 ac
746 2722 802 2785 per
829 2703 890 2768 boc
919 2703 1013 2766 etiam
1043 2702 1074 2766 in
1098 2701 1278 2777 biarchus,
1306 2699 1461 2784 inquibus

327 2826 389 2872 noo
427 2811 557 2890 apparet
592 2808 700 2872 diuina
736 2809 872 2887 iustitia,
910 2809 1059 2874 salutaris
1098 2811 1147 2872 ost
1183 2808 1293 2872 diuina
1330 2805 1493 2872 docturus

328 2913 498 2978 Nescimus
528 2915 610 2978 enim
634 2933 695 2997 quo
719 2914 838 2979 iudicio
862 2915 921 2979 Dei
945 2916 1047 2979 bonus
1072 2915 1127 2978 ille
1150 2915 1194 2979 sit
1216 2934 1347 2998 pauper,
1374 2913 1460 2976 malus
1528 2918 1536 2935 ·

327 3020 381 3084 illc
410 3020 453 3084 sit
482 3020 587 3088 diues:
616 3021 677 3085 iste
706 3021 853 3104 gaudeat,
883 3042 976 3104 quem
1001 3040 1057 3105 pro
1082 3021 1150 3085 suis
1179 3021 1314 3104 perditis
1338 3019 1459 3084 moribus

327 3125 461 3191 cruciari
480 3125 628 3191 debuisse
647 3128 844 3192 maeroribus
865 3128 1062 3198 arbitramur,
1083 3128 1290 3192 contristetur
1304 3129 1365 3200 ille,
1383 3143 1457 3208 quen

327 3233 396 3296 nita
422 3233 592 3296 laudabilis
621 3234 757 3318 gaudere
787 3234 935 3297 debuisse
964 3233 1150 3315 persuadet;
1181 3239 1270 3298 exeat
1298 3233 1335 3296 de
1358 3229 1455 3295 iudicio

327 3358 388 3402 non
427 3339 530 3402 solnm
568 3339 702 3419 inultus,
735 3359 847 3402 uerum
886 3341 982 3404 eiiam
1017 3339 1186 3404 damnatus
1224 3340 1380 3414 innocens,
1411 3335 1484 3398 outa

325 3443 493 3526 iniquitate
529 3445 644 3509 iudicis
677 3465 807 3526 pressus
845 3449 901 3509 aut
932 3446 1022 3510 falsis
1060 3446 1193 3510 obrutus
1226 3443 1451 3516 testimonias

327 3551 482 3614 contrario
520 3551 676 3615 scelestus
713 3551 914 3616 aduersarius
956 3553 1024 3616 eius
1062 3571 1122 3616 non
1160 3551 1266 3616 solum
1301 3549 1449 3633 inpunitos.

325 3675 437 3719 uerum
465 3656 561 3720 eliam
589 3657 770 3722 uindicatus
798 3659 947 3735 insultet;
976 3659 1082 3742 inpius
1111 3660 1230 3742 optime
1258 3659 1367 3732 ualeat,
1390 3653 1446 3735 pius

325 3763 477 3845 languore
500 3763 659 3836 tabescat;
684 3764 911 3829 latrocinentur
934 3765 1095 3830 sanissimi
1113 3765 1257 3844 iuuenes,
1285 3771 1316 3830 et
1336 3762 1382 3845 qui
1401 3773 1445 3820 nec

416 4022 427 4074 1
450 4021 527 4075 Rom.
547 4023 573 4085 9,
594 4024 628 4076 14
681 4023 697 4075 2
718 4024 795 4078 Rom,
817 4025 859 4088 11,
878 4027 913 4080 33

361 4147 378 4198 2
397 4146 479 4198 etiam
500 4145 577 4199 codd.
584 4166 594 4211 ,·
613 4151 674 4200 eto
723 4151 739 4202 3
759 4151 817 4202 eius
838 4167 855 4201 c
866 4150 881 4202 b
892 4167 906 4202 e
913 4167 931 4218 q
936 4168 957 4219 p
969 4169 982 4220 p
993 4169 1011 4202 α
1024 4152 1138 4220 Domb.,·
1157 4153 1239 4208 Deio
1287 4155 1302 4208 5
1319 4145 1439 4205 nouissimo

324 4250 392 4302 epp
410 4234 524 4300 Domd.;
541 4235 643 4288 nouiss.
661 4237 762 4290 iudicio
784 4238 853 4292 orbo
903 4241 1026 4294 iiiusius
1045 4241 1121 4296 illeo
1174 4244 1207 4296 14
1222 4243 1294 4297 cuius
1302 4255 1322 4309 p
1366 4229 1439 4289 23³⁶·

324 4323 443 4375 buissern
463 4323 597 4375 erroribus
615 4323 645 4392 9¹
