3192 4959
379 483 429 538 De
459 484 634 538 ciuitate
663 481 725 537 dei
753 483 817 537 lib.
841 481 898 539 XV.
927 500 1001 554 cap.
1026 485 1068 541 21.
1234 487 1296 550 103

151 697 229 757 eum,
255 697 351 762 quem
375 679 558 744 intendebat
582 681 692 744 auctor
714 679 798 756 libri,
818 681 944 763 poteret
964 679 1134 763 perueniri,
1153 679 1240 744 sicut
1257 678 1298 743 ad

149 783 212 850 Noe
240 783 273 850 in
304 785 560 869 generationibus
584 785 671 852 Seth.
709 785 845 851 Proinde
872 785 905 850 in
929 785 1186 870 generationibus
1210 785 1297 864 Cain,

150 892 176 955 si
201 910 262 956 non
292 891 430 956 occurrit
458 892 512 975 qui
545 891 673 957 deberet
704 891 838 969 intendi,
867 891 906 956 ad
940 911 1033 974 quem
1064 891 1299 974 praetermissis

148 997 368 1083 primogenitis
396 1017 451 1083 per
479 1016 544 1077 eos,
569 997 623 1081 qui
651 999 891 1064 commemorati
917 1002 1002 1075 sunt,
1025 997 1184 1080 perueniri
1207 1016 1298 1080 opor·

121 1104 242 1182 elebat,
274 1123 346 1169 sere
373 1104 525 1187 pubertas
553 1104 769 1189 intellegenda
795 1105 939 1182 restabit,
968 1109 1005 1170 ut
1033 1105 1194 1188 aliquanto
1223 1108 1298 1187 post

149 1215 275 1275 centum
299 1227 396 1275 annos
420 1211 555 1294 puberes
578 1209 765 1294 habilesque
790 1211 830 1275 ad
855 1210 1047 1296 gignendum
1069 1211 1148 1276 facti
1163 1210 1293 1286 fuerint,

148 1319 183 1382 nt
213 1317 292 1382 ordo
326 1317 566 1401 generationum
598 1335 655 1399 per
685 1317 916 1402 primogenitos
950 1321 1088 1383 curreret-
1124 1322 1157 1382 et
1190 1335 1294 1400 usque

148 1423 306 1489 diluuium
334 1422 375 1487 ad
399 1441 566 1488 uumemm
590 1442 742 1488 annorum
766 1427 873 1489 tantae
897 1425 1084 1507 quantitatis
1106 1425 1292 1489 occurreret.

149 1528 302 1609 Quamuis
330 1530 396 1596 fieri
420 1532 533 1612 possit,
557 1535 595 1596 ut
616 1534 744 1615 propter
767 1531 906 1613 aliquam
930 1531 1133 1597 secretiorem
1156 1547 1295 1608 causam,

109 1659 132 1698 n
148 1655 225 1718 quae
252 1656 306 1702 mo
333 1638 423 1714 latet,
447 1655 549 1719 usque
578 1635 617 1702 ad
640 1635 776 1702 Lamech
802 1637 926 1702 eteius
949 1636 1033 1702 tilios
1057 1637 1294 1721 generationum

147 1743 351 1826 perueniente
376 1746 523 1808 contextu
549 1742 823 1808 commendaretur
845 1743 923 1808 haec
946 1743 1072 1823 ciuitas,
1098 1761 1192 1825 quam
1219 1741 1295 1807 dici·

147 1869 217 1915 mus
246 1869 320 1916 esse
348 1853 514 1926 terrenam,
540 1869 576 1914 ac
604 1849 717 1914 deinde
745 1853 885 1915 cessaret
909 1850 1045 1932 scriptor
1066 1849 1139 1914 libri
1162 1869 1297 1915 comme-

147 1975 265 2022 morare
291 1959 424 2034 ceteras,
448 1975 528 2038 quae
551 1975 652 2040 usque
676 1956 716 2020 ad
740 1955 898 2021 diluuium
923 1974 993 2020 esse
1016 1960 1199 2039 potuerunt.
1222 1955 1297 2022 Pot

148 2067 195 2128 est
217 2068 251 2129 et
274 2062 331 2128 illa
354 2081 425 2129 esse
450 2081 555 2143 causa,
576 2083 658 2147 quur
676 2081 736 2128 non
756 2063 832 2128 ordo
852 2061 1091 2147 generationum
1108 2065 1298 2146 per-primo-

111 2191 132 2232 n
149 2171 272 2254 genitos
303 2170 480 2247 duceretur,
504 2173 541 2242 at
568 2187 699 2235 necesse
726 2187 787 2234 non
817 2169 915 2234 sitin
938 2169 1004 2234 illis
1027 2169 1209 2236 hominibus
1232 2173 1299 2235 tam

149 2297 246 2344 seram
272 2277 400 2342 credere
423 2276 635 2359 pubertatem,
661 2275 745 2359 qnod
770 2275 895 2340 scilicet
917 2275 1028 2340 eadem
1050 2276 1177 2355 ciuitas,
1202 2285 1297 2360 qu‘am

149 2381 222 2448 Cain
246 2383 281 2448 in
301 2383 430 2448 nomine
448 2383 558 2448 Enoch
582 2382 641 2447 filii
665 2383 715 2447 sni
740 2382 890 2458 condidit,
909 2383 1004 2468 longe
1024 2382 1151 2466 lateque
1169 2402 1299 2468 regnare

148 2491 289 2571 potuerit
311 2493 345 2554 et
366 2509 458 2576 reges
479 2490 595 2554 habere
619 2509 680 2555 uon
704 2488 802 2554 simul
824 2489 943 2571 plures,
966 2489 1023 2554 sed
1046 2489 1114 2555 suis
1139 2489 1298 2554 aetatibus

148 2596 305 2680 singulos,
330 2613 410 2679 quos
436 2596 622 2680 genuissent
645 2593 706 2660 sibi
730 2613 937 2660 successuros
960 2594 1154 2677 quicumque
1171 2615 1299 2679 regnas-

110 2725 133 2764 n
150 2706 228 2767 sent.
268 2703 394 2768 Horum
420 2721 533 2786 regum
561 2702 683 2784 primns
710 2719 781 2766 esse
803 2701 911 2784 potuit
933 2701 1002 2784 ipse
1027 2699 1113 2778 Cain,
1138 2701 1298 2766 secundus

148 2807 231 2873 filius
261 2808 333 2873 eius
360 2809 480 2884 Enoch,
508 2808 540 2874 in
573 2808 665 2874 cuius
698 2809 835 2887 nomine,
863 2807 920 2871 ubi
952 2811 1145 2891 regnaretur,
1173 2807 1301 2872 condita

149 2921 196 2979 est
232 2915 366 2992 ciuitas;
404 2915 518 2980 tertius
558 2913 690 2992 Gaidad,
728 2933 823 2996 quem
861 2913 972 2996 genuit
1008 2914 1130 2989 Enocb3
1169 2917 1298 2996 quartus

148 3019 262 3102 Meuia,
289 3021 518 3104 quemgenuit
542 3019 678 3098 Gaidad3
704 3021 835 3104 quintus
858 3019 1048 3096 Mathusael,
1070 3039 1165 3102 quem
1189 3022 1300 3104 gennit

148 3126 265 3202 illenim
293 3129 401 3192 sertus
425 3125 572 3204 Lamech,
593 3145 685 3210 quem
711 3126 823 3210 genuit
844 3127 1038 3201 Mathusael,
1059 3128 1114 3209 qui
1133 3129 1183 3190 est
1202 3127 1299 3208 septi-

110 3253 133 3296 s
148 3251 217 3298 mus
251 3234 293 3298 ab
325 3231 428 3298 Adam
460 3251 515 3317 per
548 3232 635 3298 Cain.
672 3231 743 3298 Non
776 3235 883 3297 autem
921 3235 988 3298 eret
1024 3250 1230 3315 consequens,
1264 3235 1302 3294 ut

148 3339 353 3424 primogeniti
376 3357 487 3422 regum
510 3339 716 3423 regnantibus
740 3339 947 3404 succederent
965 3339 1121 3423 patribus,
1141 3339 1197 3404 sed
1216 3358 1297 3422 quos

148 3445 300 3530 regnandi
332 3445 481 3511 meritum
514 3448 642 3528 propter
672 3447 827 3511 uirtutem
858 3449 1001 3510 terrenae
1029 3445 1141 3511 utilem
1175 3445 1301 3512 ciuitati
1394 3469 1397 3473 ·

149 3551 199 3616 uel
223 3571 295 3618 sors
319 3552 427 3635 alique
448 3553 608 3634 reperiret,
633 3554 687 3617 uel
709 3552 764 3618 ille
787 3553 993 3636 potissimum
1017 3552 1201 3617 succederet
1218 3553 1299 3635 putri

149 3657 340 3724 hereditario
375 3657 511 3740 quodam
544 3658 612 3722 iure
644 3657 805 3742 regnandi,
839 3677 933 3741 quem
965 3676 1040 3740 prae
1073 3657 1186 3722 ceteris
1224 3657 1298 3722 filiis

186 3973 198 4025 l
220 3972 360 4042 perueniri
383 3971 410 4025 V
425 3971 539 4038 Domb.,·
558 3971 699 4043 peruenire
719 3973 839 4040 coepe
930 3973 946 4024 2
966 3971 1300 4040 Seth..generationibus

151 4075 235 4116 om
272 4063 435 4132 9poesetc
478 4063 506 4115 le
529 4077 610 4114 cauea
629 4062 722 4117 esaeb
765 4061 958 4133 reposuerint
981 4060 1007 4113 V
1045 4061 1079 4113 22
1099 4058 1199 4129 gaidad
1218 4059 1300 4125 va,·

152 4147 246 4218 gaidat
266 4167 309 4220 pa
322 4151 357 4215 ᾗ·
381 4148 445 4218 gaid
465 4165 491 4217 ες
515 4147 617 4218 guidad
631 4165 667 4218 p;
692 4149 789 4218 guidat
807 4166 836 4214 r,·
859 4149 947 4203 iareth
968 4167 987 4202 a
1112 4149 1146 4202 23
1165 4148 1255 4201 menia
1279 4147 1301 4200 V

153 4263 217 4334 bap
229 4283 243 4334 p
255 4268 318 4332 “ft
335 4263 445 4319 menide
464 4281 497 4331 a,·
513 4265 666 4318 Menihelc
752 4264 824 4334 guid.
845 4227 878 4329 cd
898 4264 1008 4334 quintus
1026 4280 1041 4318 c
1110 4263 1267 4332 mathusall,
1286 4279 1300 4316 e

153 4405 229 4455 crea,
247 4389 274 4444 V
307 4391 344 4444 24
363 4389 495 4460 septimus
511 4393 578 4442 estc
616 4389 650 4444 26
665 4388 819 4458 integrum
835 4405 878 4442 nu
928 4367 1085 4458 'quibusda
1098 4363 1301 4457 marpsquom
