<?xml version="1.0" encoding="UTF-8"?>
<!DOCTYPE html PUBLIC "-//W3C//DTD XHTML 1.0 Transitional//EN"
    "http://www.w3.org/TR/xhtml1/DTD/xhtml1-transitional.dtd">
<html xmlns="http://www.w3.org/1999/xhtml" xml:lang="en" lang="en">
 <head>
  <title>
</title>
<meta http-equiv="Content-Type" content="text/html;charset=utf-8" />
  <meta name='ocr-system' content='tesseract 3.04.00' />
  <meta name='ocr-capabilities' content='ocr_page ocr_carea ocr_par ocr_line ocrx_word'/>
</head>
<body>
  <div class='ocr_page' id='page_1' title='image "./corpusscriptoru07wiengoog/corpusscriptoru07wiengoog_0542.png"; bbox 0 0 3192 4959; ppageno 0'>
   <div class='ocr_carea' id='block_1_1' title="bbox 337 426 1141 496">
    <p class='ocr_par' dir='ltr' id='par_1_1' title="bbox 337 426 1141 496">
     <span class='ocr_line' id='line_1_1' title="bbox 337 426 1141 496; baseline -0.014 -5"><span class='ocrx_word' id='word_1_1' title='bbox 337 430 401 493; x_wconf 81' lang='lat'>522</span> <span class='ocrx_word' id='word_1_2' title='bbox 681 426 708 481; x_wconf 84' lang='lat' dir='ltr'>S.</span> <span class='ocrx_word' id='word_1_3' title='bbox 737 427 894 482; x_wconf 77' lang='lat' dir='ltr'><strong>Aurelii</strong></span> <span class='ocrx_word' id='word_1_4' title='bbox 922 427 1141 496; x_wconf 76' lang='lat' dir='ltr'><strong>Augustini</strong></span> 
     </span>
    </p>
   </div>
   <div class='ocr_carea' id='block_1_2' title="bbox 335 622 1551 3800">
    <p class='ocr_par' dir='ltr' id='par_1_2' title="bbox 336 622 1549 1969">
     <span class='ocr_line' id='line_1_2' title="bbox 336 622 1463 705; baseline -0.001 -19"><span class='ocrx_word' id='word_1_5' title='bbox 336 622 444 701; x_wconf 90' lang='lat' dir='ltr'>bilius,</span> <span class='ocrx_word' id='word_1_6' title='bbox 478 642 551 687; x_wconf 90' lang='lat' dir='ltr'>cum</span> <span class='ocrx_word' id='word_1_7' title='bbox 579 622 612 686; x_wconf 89' lang='lat' dir='ltr'>in</span> <span class='ocrx_word' id='word_1_8' title='bbox 639 622 703 688; x_wconf 93' lang='lat' dir='ltr'>imo</span> <span class='ocrx_word' id='word_1_9' title='bbox 731 623 928 705; x_wconf 82' lang='lat' dir='ltr'>aliquamdiu</span> <span class='ocrx_word' id='word_1_10' title='bbox 955 623 1063 698; x_wconf 88' lang='lat' dir='ltr'>fuerit,</span> <span class='ocrx_word' id='word_1_11' title='bbox 1095 623 1168 688; x_wconf 87' lang='lat' dir='ltr'>iude</span> <span class='ocrx_word' id='word_1_12' title='bbox 1192 623 1232 688; x_wconf 90' lang='lat' dir='ltr'>ad</span> <span class='ocrx_word' id='word_1_13' title='bbox 1256 641 1354 703; x_wconf 84' lang='lat' dir='ltr'>aquae</span> <span class='ocrx_word' id='word_1_14' title='bbox 1376 641 1463 702; x_wconf 85' lang='lat' dir='ltr'>super·</span> 
     </span>
     <span class='ocr_line' id='line_1_3' title="bbox 336 728 1548 814; baseline 0 -22"><span class='ocrx_word' id='word_1_15' title='bbox 336 729 440 793; x_wconf 87' lang='lat' dir='ltr'>ficiem</span> <span class='ocrx_word' id='word_1_16' title='bbox 476 749 586 794; x_wconf 90' lang='lat' dir='ltr'>rursus</span> <span class='ocrx_word' id='word_1_17' title='bbox 619 749 788 814; x_wconf 82' lang='lat' dir='ltr'>emergere,</span> <span class='ocrx_word' id='word_1_18' title='bbox 823 730 945 812; x_wconf 86' lang='lat' dir='ltr'>quando</span> <span class='ocrx_word' id='word_1_19' title='bbox 981 728 1195 794; x_wconf 86' lang='lat' dir='ltr'>madefactum</span> <span class='ocrx_word' id='word_1_20' title='bbox 1229 729 1339 794; x_wconf 82' lang='lat' dir='ltr'>debuit</span> <span class='ocrx_word' id='word_1_21' title='bbox 1364 731 1463 794; x_wconf 88' lang='lat' dir='ltr'>umoris</span> <span class='ocrx_word' id='word_1_22' title='bbox 1547 778 1548 812; x_wconf 77' lang='lat'>,</span> 
     </span>
     <span class='ocr_line' id='line_1_4' title="bbox 336 835 1463 920; baseline -0.003 -20"><span class='ocrx_word' id='word_1_23' title='bbox 336 836 474 919; x_wconf 85' lang='lat' dir='ltr'>pondere</span> <span class='ocrx_word' id='word_1_24' title='bbox 497 837 710 919; x_wconf 83' lang='lat' dir='ltr'>praegrauuri.</span> <span class='ocrx_word' id='word_1_25' title='bbox 734 837 834 900; x_wconf 83' lang='lat' dir='ltr'>Poma</span> <span class='ocrx_word' id='word_1_26' title='bbox 857 836 888 900; x_wconf 95' lang='lat' dir='ltr'>in</span> <span class='ocrx_word' id='word_1_27' title='bbox 912 839 996 900; x_wconf 89' lang='lat' dir='ltr'>terra</span> <span class='ocrx_word' id='word_1_28' title='bbox 1020 835 1230 902; x_wconf 84' lang='lat' dir='ltr'>Sodomorum</span> <span class='ocrx_word' id='word_1_29' title='bbox 1249 836 1338 920; x_wconf 87' lang='lat' dir='ltr'>gigni</span> <span class='ocrx_word' id='word_1_30' title='bbox 1356 835 1463 918; x_wconf 86' lang='lat' dir='ltr'>quiden</span> 
     </span>
     <span class='ocr_line' id='line_1_5' title="bbox 336 942 1464 1025; baseline -0.003 -18"><span class='ocrx_word' id='word_1_31' title='bbox 336 947 370 1007; x_wconf 89' lang='lat' dir='ltr'>et</span> <span class='ocrx_word' id='word_1_32' title='bbox 396 943 438 1006; x_wconf 89' lang='lat' dir='ltr'>ad</span> <span class='ocrx_word' id='word_1_33' title='bbox 464 943 660 1007; x_wconf 75' lang='lat' dir='ltr'>maturitatis</span> <span class='ocrx_word' id='word_1_34' title='bbox 683 943 798 1006; x_wconf 82' lang='lat' dir='ltr'>faciem</span> <span class='ocrx_word' id='word_1_35' title='bbox 826 942 1003 1025; x_wconf 89' lang='lat' dir='ltr'>peruenire;</span> <span class='ocrx_word' id='word_1_36' title='bbox 1033 943 1089 1008; x_wconf 89' lang='lat' dir='ltr'>sed</span> <span class='ocrx_word' id='word_1_37' title='bbox 1111 961 1219 1007; x_wconf 92' lang='lat' dir='ltr'>morsu</span> <span class='ocrx_word' id='word_1_38' title='bbox 1243 961 1392 1025; x_wconf 86' lang='lat' dir='ltr'>pressuue</span> <span class='ocrx_word' id='word_1_39' title='bbox 1413 945 1464 1004; x_wconf 87' lang='lat' dir='ltr'>ten·</span> 
     </span>
     <span class='ocr_line' id='line_1_6' title="bbox 336 1048 1495 1130; baseline -0.007 -16"><span class='ocrx_word' id='word_1_40' title='bbox 336 1053 404 1114; x_wconf 87' lang='lat' dir='ltr'>tata</span> <span class='ocrx_word' id='word_1_41' title='bbox 427 1050 458 1113; x_wconf 92' lang='lat' dir='ltr'>in</span> <span class='ocrx_word' id='word_1_42' title='bbox 482 1051 607 1114; x_wconf 86' lang='lat' dir='ltr'>fumum</span> <span class='ocrx_word' id='word_1_43' title='bbox 632 1068 668 1113; x_wconf 89' lang='lat' dir='ltr'>ac</span> <span class='ocrx_word' id='word_1_44' title='bbox 694 1050 835 1114; x_wconf 76' lang='lat' dir='ltr'>fauillam</span> <span class='ocrx_word' id='word_1_45' title='bbox 861 1048 945 1114; x_wconf 91' lang='lat' dir='ltr'>corio</span> <span class='ocrx_word' id='word_1_46' title='bbox 969 1049 1136 1114; x_wconf 81' lang='lat' dir='ltr'>fatiscente</span> <span class='ocrx_word' id='word_1_47' title='bbox 1156 1068 1336 1114; x_wconf 85' lang='lat' dir='ltr'>uanescero.</span> <span class='ocrx_word' id='word_1_48' title='bbox 1357 1048 1495 1130; x_wconf 71' lang='lat' dir='ltr'>Pyriteos</span> 
     </span>
     <span class='ocr_line' id='line_1_7' title="bbox 336 1155 1464 1239; baseline 0.001 -19"><span class='ocrx_word' id='word_1_49' title='bbox 336 1156 475 1239; x_wconf 76' lang='lat' dir='ltr'>lapidem</span> <span class='ocrx_word' id='word_1_50' title='bbox 497 1155 662 1221; x_wconf 89' lang='lat' dir='ltr'>Persicum</span> <span class='ocrx_word' id='word_1_51' title='bbox 685 1156 823 1220; x_wconf 89' lang='lat' dir='ltr'>tenentis</span> <span class='ocrx_word' id='word_1_52' title='bbox 848 1175 987 1230; x_wconf 86' lang='lat' dir='ltr'>manum,</span> <span class='ocrx_word' id='word_1_53' title='bbox 1017 1156 1044 1219; x_wconf 93' lang='lat' dir='ltr'>si</span> <span class='ocrx_word' id='word_1_54' title='bbox 1069 1155 1292 1220; x_wconf 88' lang='lat' dir='ltr'>uehementius</span> <span class='ocrx_word' id='word_1_55' title='bbox 1316 1159 1464 1237; x_wconf 82' lang='lat' dir='ltr'>promatur.</span> 
     </span>
     <span class='ocr_line' id='line_1_8' title="bbox 338 1261 1464 1347; baseline -0.004 -20"><span class='ocrx_word' id='word_1_56' title='bbox 338 1263 480 1343; x_wconf 88' lang='lat' dir='ltr'>adurere,</span> <span class='ocrx_word' id='word_1_57' title='bbox 505 1263 741 1345; x_wconf 86' lang='lat' dir='ltr'>propterquod</span> <span class='ocrx_word' id='word_1_58' title='bbox 765 1263 804 1326; x_wconf 93' lang='lat' dir='ltr'>ab</span> <span class='ocrx_word' id='word_1_59' title='bbox 829 1263 902 1347; x_wconf 88' lang='lat' dir='ltr'>igue</span> <span class='ocrx_word' id='word_1_60' title='bbox 925 1281 1038 1328; x_wconf 90' lang='lat' dir='ltr'>nomon</span> <span class='ocrx_word' id='word_1_61' title='bbox 1063 1262 1194 1344; x_wconf 82' lang='lat' dir='ltr'>accepit.</span> <span class='ocrx_word' id='word_1_62' title='bbox 1222 1263 1257 1326; x_wconf 95' lang='lat' dir='ltr'>ln</span> <span class='ocrx_word' id='word_1_63' title='bbox 1282 1262 1385 1328; x_wconf 87' lang='lat' dir='ltr'>eadem</span> <span class='ocrx_word' id='word_1_64' title='bbox 1408 1261 1464 1324; x_wconf 90' lang='lat' dir='ltr'>Por·</span> 
     </span>
     <span class='ocr_line' id='line_1_9' title="bbox 337 1368 1465 1454; baseline -0.004 -21"><span class='ocrx_word' id='word_1_65' title='bbox 337 1370 406 1434; x_wconf 86' lang='lat' dir='ltr'>sido</span> <span class='ocrx_word' id='word_1_66' title='bbox 430 1369 519 1454; x_wconf 89' lang='lat' dir='ltr'>gigni</span> <span class='ocrx_word' id='word_1_67' title='bbox 543 1369 638 1434; x_wconf 89' lang='lat' dir='ltr'>etiam</span> <span class='ocrx_word' id='word_1_68' title='bbox 662 1369 801 1451; x_wconf 83' lang='lat' dir='ltr'>lapidem</span> <span class='ocrx_word' id='word_1_69' title='bbox 821 1369 984 1450; x_wconf 80' lang='lat' dir='ltr'>selenites,</span> <span class='ocrx_word' id='word_1_70' title='bbox 1010 1369 1101 1432; x_wconf 90' lang='lat' dir='ltr'>cuius</span> <span class='ocrx_word' id='word_1_71' title='bbox 1119 1369 1302 1434; x_wconf 85' lang='lat' dir='ltr'>interiorem</span> <span class='ocrx_word' id='word_1_72' title='bbox 1323 1368 1465 1432; x_wconf 87' lang='lat' dir='ltr'>candorem</span> 
     </span>
     <span class='ocr_line' id='line_1_10' title="bbox 337 1475 1549 1566; baseline -0.004 -26"><span class='ocrx_word' id='word_1_73' title='bbox 337 1495 410 1540; x_wconf 88' lang='lat' dir='ltr'>cum</span> <span class='ocrx_word' id='word_1_74' title='bbox 433 1477 510 1540; x_wconf 90' lang='lat' dir='ltr'>luna</span> <span class='ocrx_word' id='word_1_75' title='bbox 532 1495 671 1540; x_wconf 88' lang='lat' dir='ltr'>crescere</span> <span class='ocrx_word' id='word_1_76' title='bbox 695 1476 797 1558; x_wconf 86' lang='lat' dir='ltr'>adque</span> <span class='ocrx_word' id='word_1_77' title='bbox 821 1477 964 1542; x_wconf 88' lang='lat' dir='ltr'>deficere.</span> <span class='ocrx_word' id='word_1_78' title='bbox 988 1475 1023 1540; x_wconf 91' lang='lat' dir='ltr'>Iu</span> <span class='ocrx_word' id='word_1_79' title='bbox 1049 1475 1248 1559; x_wconf 82' lang='lat' dir='ltr'>Cappadocia</span> <span class='ocrx_word' id='word_1_80' title='bbox 1271 1477 1363 1540; x_wconf 85' lang='lat' dir='ltr'>etiam</span> <span class='ocrx_word' id='word_1_81' title='bbox 1386 1477 1464 1539; x_wconf 92' lang='lat' dir='ltr'>uento</span> <span class='ocrx_word' id='word_1_82' title='bbox 1548 1563 1549 1566; x_wconf 8' lang='grc' dir='ltr'><strong>Ἴ</strong></span> 
     </span>
     <span class='ocr_line' id='line_1_11' title="bbox 337 1581 1496 1666; baseline -0.008 -19"><span class='ocrx_word' id='word_1_83' title='bbox 337 1602 436 1666; x_wconf 88' lang='lat' dir='ltr'>equas</span> <span class='ocrx_word' id='word_1_84' title='bbox 460 1582 634 1666; x_wconf 79' lang='lat' dir='ltr'>concipere,</span> <span class='ocrx_word' id='word_1_85' title='bbox 660 1583 851 1664; x_wconf 88' lang='lat' dir='ltr'>eosdemque</span> <span class='ocrx_word' id='word_1_86' title='bbox 871 1583 955 1648; x_wconf 87' lang='lat' dir='ltr'>fetus</span> <span class='ocrx_word' id='word_1_87' title='bbox 974 1601 1034 1647; x_wconf 92' lang='lat' dir='ltr'>non</span> <span class='ocrx_word' id='word_1_88' title='bbox 1054 1583 1191 1666; x_wconf 88' lang='lat' dir='ltr'>amplius</span> <span class='ocrx_word' id='word_1_89' title='bbox 1211 1581 1345 1647; x_wconf 87' lang='lat' dir='ltr'>triennio</span> <span class='ocrx_word' id='word_1_90' title='bbox 1364 1581 1464 1644; x_wconf 84' lang='lat' dir='ltr'>uiuere.</span> <span class='ocrx_word' id='word_1_91' title='bbox 1479 1601 1496 1638; x_wconf 85' lang='lat' dir='ltr'>o</span> 
     </span>
     <span class='ocr_line' id='line_1_12' title="bbox 337 1685 1464 1774; baseline -0.005 -20"><span class='ocrx_word' id='word_1_92' title='bbox 337 1691 438 1773; x_wconf 87' lang='lat' dir='ltr'>Tylon</span> <span class='ocrx_word' id='word_1_93' title='bbox 466 1689 574 1754; x_wconf 87' lang='lat' dir='ltr'>Indiae</span> <span class='ocrx_word' id='word_1_94' title='bbox 603 1689 738 1754; x_wconf 86' lang='lat' dir='ltr'>insulam</span> <span class='ocrx_word' id='word_1_95' title='bbox 769 1709 805 1754; x_wconf 93' lang='lat' dir='ltr'>eo</span> <span class='ocrx_word' id='word_1_96' title='bbox 834 1689 983 1774; x_wconf 83' lang='lat' dir='ltr'>praeferri</span> <span class='ocrx_word' id='word_1_97' title='bbox 1007 1690 1119 1754; x_wconf 87' lang='lat' dir='ltr'>ceteris</span> <span class='ocrx_word' id='word_1_98' title='bbox 1143 1690 1247 1768; x_wconf 88' lang='lat' dir='ltr'>terris,</span> <span class='ocrx_word' id='word_1_99' title='bbox 1277 1689 1361 1771; x_wconf 90' lang='lat' dir='ltr'>quod</span> <span class='ocrx_word' id='word_1_100' title='bbox 1383 1685 1464 1750; x_wconf 87' lang='lat' dir='ltr'>omnis</span> 
     </span>
     <span class='ocr_line' id='line_1_13' title="bbox 338 1795 1465 1880; baseline -0.003 -19"><span class='ocrx_word' id='word_1_101' title='bbox 338 1797 439 1874; x_wconf 89' lang='lat' dir='ltr'>arbor,</span> <span class='ocrx_word' id='word_1_102' title='bbox 473 1815 553 1879; x_wconf 86' lang='lat' dir='ltr'>quae</span> <span class='ocrx_word' id='word_1_103' title='bbox 585 1796 617 1860; x_wconf 92' lang='lat' dir='ltr'>in</span> <span class='ocrx_word' id='word_1_104' title='bbox 650 1815 687 1860; x_wconf 90' lang='lat' dir='ltr'>ea</span> <span class='ocrx_word' id='word_1_105' title='bbox 718 1795 871 1880; x_wconf 87' lang='lat' dir='ltr'>gignitur,</span> <span class='ocrx_word' id='word_1_106' title='bbox 900 1815 1072 1878; x_wconf 88' lang='lat' dir='ltr'>numquam</span> <span class='ocrx_word' id='word_1_107' title='bbox 1102 1795 1240 1860; x_wconf 88' lang='lat' dir='ltr'>nudatur</span> <span class='ocrx_word' id='word_1_108' title='bbox 1272 1797 1404 1880; x_wconf 87' lang='lat' dir='ltr'>tegmine</span> <span class='ocrx_word' id='word_1_109' title='bbox 1432 1795 1465 1858; x_wconf 86' lang='lat' dir='ltr'>io-</span> 
     </span>
     <span class='ocr_line' id='line_1_14' title="bbox 336 1904 463 1969; baseline -0.008 -2"><span class='ocrx_word' id='word_1_110' title='bbox 336 1904 463 1969; x_wconf 91' lang='lat' dir='ltr'>liorum.</span> 
     </span>
    </p>

    <p class='ocr_par' dir='ltr' id='par_1_3' title="bbox 335 2009 1551 3800">
     <span class='ocr_line' id='line_1_15' title="bbox 382 2009 1550 2092; baseline -0.003 -18"><span class='ocrx_word' id='word_1_111' title='bbox 382 2011 430 2074; x_wconf 89' lang='lat' dir='ltr'>Do</span> <span class='ocrx_word' id='word_1_112' title='bbox 471 2010 521 2074; x_wconf 94' lang='lat' dir='ltr'>his</span> <span class='ocrx_word' id='word_1_113' title='bbox 563 2010 665 2092; x_wconf 89' lang='lat' dir='ltr'>adque</span> <span class='ocrx_word' id='word_1_114' title='bbox 708 2009 780 2073; x_wconf 88' lang='lat' dir='ltr'>aliis</span> <span class='ocrx_word' id='word_1_115' title='bbox 823 2009 1106 2074; x_wconf 85' lang='lat' dir='ltr'>innumerabilibus</span> <span class='ocrx_word' id='word_1_116' title='bbox 1150 2009 1365 2086; x_wconf 89' lang='lat' dir='ltr'>mirabilibus,</span> <span class='ocrx_word' id='word_1_117' title='bbox 1402 2027 1464 2092; x_wconf 88' lang='lat' dir='ltr'>quae</span> <span class='ocrx_word' id='word_1_118' title='bbox 1549 2075 1550 2086; x_wconf 52' lang='lat'>,</span> 
     </span>
     <span class='ocr_line' id='line_1_16' title="bbox 337 2116 1497 2192; baseline -0.001 -11"><span class='ocrx_word' id='word_1_119' title='bbox 337 2117 471 2182; x_wconf 90' lang='lat' dir='ltr'>historia</span> <span class='ocrx_word' id='word_1_120' title='bbox 497 2136 559 2181; x_wconf 93' lang='lat' dir='ltr'>non</span> <span class='ocrx_word' id='word_1_121' title='bbox 587 2116 744 2180; x_wconf 89' lang='lat' dir='ltr'>factorum</span> <span class='ocrx_word' id='word_1_122' title='bbox 773 2119 805 2180; x_wconf 89' lang='lat' dir='ltr'>et</span> <span class='ocrx_word' id='word_1_123' title='bbox 827 2119 1070 2192; x_wconf 89' lang='lat' dir='ltr'>transactorum,</span> <span class='ocrx_word' id='word_1_124' title='bbox 1100 2117 1156 2182; x_wconf 91' lang='lat' dir='ltr'>sed</span> <span class='ocrx_word' id='word_1_125' title='bbox 1185 2117 1376 2181; x_wconf 88' lang='lat' dir='ltr'>manentium</span> <span class='ocrx_word' id='word_1_126' title='bbox 1398 2118 1497 2180; x_wconf 71' lang='lat' dir='ltr'>loco-1⁵</span> 
     </span>
     <span class='ocr_line' id='line_1_17' title="bbox 338 2223 1464 2306; baseline -0.008 -16"><span class='ocrx_word' id='word_1_127' title='bbox 338 2244 408 2290; x_wconf 90' lang='lat' dir='ltr'>rum</span> <span class='ocrx_word' id='word_1_128' title='bbox 432 2226 529 2305; x_wconf 88' lang='lat' dir='ltr'>tenet,</span> <span class='ocrx_word' id='word_1_129' title='bbox 552 2223 631 2286; x_wconf 88' lang='lat' dir='ltr'>milri</span> <span class='ocrx_word' id='word_1_130' title='bbox 655 2227 763 2286; x_wconf 89' lang='lat' dir='ltr'>autem</span> <span class='ocrx_word' id='word_1_131' title='bbox 786 2223 873 2286; x_wconf 91' lang='lat' dir='ltr'>aliud</span> <span class='ocrx_word' id='word_1_132' title='bbox 897 2223 1003 2306; x_wconf 89' lang='lat' dir='ltr'>agenti</span> <span class='ocrx_word' id='word_1_133' title='bbox 1022 2242 1058 2287; x_wconf 89' lang='lat' dir='ltr'>ea</span> <span class='ocrx_word' id='word_1_134' title='bbox 1077 2223 1224 2304; x_wconf 87' lang='lat' dir='ltr'>persequi</span> <span class='ocrx_word' id='word_1_135' title='bbox 1243 2223 1337 2288; x_wconf 93' lang='lat' dir='ltr'>nimis</span> <span class='ocrx_word' id='word_1_136' title='bbox 1356 2223 1464 2306; x_wconf 85' lang='lat' dir='ltr'>longum</span> 
     </span>
     <span class='ocr_line' id='line_1_18' title="bbox 339 2329 1467 2412; baseline -0.004 -18"><span class='ocrx_word' id='word_1_137' title='bbox 339 2333 398 2402; x_wconf 86' lang='lat' dir='ltr'>est,</span> <span class='ocrx_word' id='word_1_138' title='bbox 430 2329 564 2393; x_wconf 90' lang='lat' dir='ltr'>reddant</span> <span class='ocrx_word' id='word_1_139' title='bbox 594 2329 759 2406; x_wconf 87' lang='lat' dir='ltr'>rationem,</span> <span class='ocrx_word' id='word_1_140' title='bbox 793 2330 821 2392; x_wconf 91' lang='lat' dir='ltr'>si</span> <span class='ocrx_word' id='word_1_141' title='bbox 854 2331 997 2412; x_wconf 86' lang='lat' dir='ltr'>possunt,</span> <span class='ocrx_word' id='word_1_142' title='bbox 1028 2329 1171 2394; x_wconf 86' lang='lat' dir='ltr'>infideles</span> <span class='ocrx_word' id='word_1_143' title='bbox 1199 2330 1265 2402; x_wconf 88' lang='lat' dir='ltr'>isti,</span> <span class='ocrx_word' id='word_1_144' title='bbox 1295 2331 1348 2412; x_wconf 89' lang='lat' dir='ltr'>qui</span> <span class='ocrx_word' id='word_1_145' title='bbox 1375 2331 1467 2394; x_wconf 89' lang='lat' dir='ltr'>nolunt</span> 
     </span>
     <span class='ocr_line' id='line_1_19' title="bbox 339 2435 1464 2520; baseline -0.004 -20"><span class='ocrx_word' id='word_1_146' title='bbox 339 2435 454 2502; x_wconf 89' lang='lat' dir='ltr'>diuinis</span> <span class='ocrx_word' id='word_1_147' title='bbox 486 2436 603 2501; x_wconf 88' lang='lat' dir='ltr'>litteris</span> <span class='ocrx_word' id='word_1_148' title='bbox 637 2437 776 2514; x_wconf 88' lang='lat' dir='ltr'>credere;</span> <span class='ocrx_word' id='word_1_149' title='bbox 812 2437 887 2518; x_wconf 90' lang='lat' dir='ltr'>quid</span> <span class='ocrx_word' id='word_1_150' title='bbox 921 2436 1007 2500; x_wconf 85' lang='lat' dir='ltr'>uliud</span> <span class='ocrx_word' id='word_1_151' title='bbox 1037 2456 1130 2519; x_wconf 86' lang='lat' dir='ltr'>quam</span> <span class='ocrx_word' id='word_1_152' title='bbox 1160 2455 1221 2502; x_wconf 93' lang='lat' dir='ltr'>non</span> <span class='ocrx_word' id='word_1_153' title='bbox 1249 2441 1395 2520; x_wconf 83' lang='lat' dir='ltr'>putantes</span> <span class='ocrx_word' id='word_1_154' title='bbox 1423 2453 1464 2496; x_wconf 84' lang='lat' dir='ltr'>eas</span> 
     </span>
     <span class='ocr_line' id='line_1_20' title="bbox 338 2541 1551 2625; baseline -0.005 -17"><span class='ocrx_word' id='word_1_155' title='bbox 338 2561 407 2608; x_wconf 90' lang='lat' dir='ltr'>esse</span> <span class='ocrx_word' id='word_1_156' title='bbox 441 2543 577 2621; x_wconf 90' lang='lat' dir='ltr'>diuinas,</span> <span class='ocrx_word' id='word_1_157' title='bbox 611 2561 647 2607; x_wconf 95' lang='lat' dir='ltr'>eo</span> <span class='ocrx_word' id='word_1_158' title='bbox 681 2543 767 2625; x_wconf 91' lang='lat' dir='ltr'>quod</span> <span class='ocrx_word' id='word_1_159' title='bbox 797 2562 848 2607; x_wconf 88' lang='lat' dir='ltr'>res</span> <span class='ocrx_word' id='word_1_160' title='bbox 881 2543 1018 2607; x_wconf 85' lang='lat' dir='ltr'>habeant</span> <span class='ocrx_word' id='word_1_161' title='bbox 1050 2542 1263 2619; x_wconf 83' lang='lat' dir='ltr'>incredibiles,</span> <span class='ocrx_word' id='word_1_162' title='bbox 1298 2543 1390 2608; x_wconf 88' lang='lat' dir='ltr'>sicuti</span> <span class='ocrx_word' id='word_1_163' title='bbox 1418 2541 1465 2604; x_wconf 84' lang='lat' dir='ltr'>hoo</span> <span class='ocrx_word' id='word_1_164' title='bbox 1550 2583 1551 2612; x_wconf 65' lang='lat'>,</span> 
     </span>
     <span class='ocr_line' id='line_1_21' title="bbox 338 2633 1551 2732; baseline -0.005 -19"><span class='ocrx_word' id='word_1_165' title='bbox 338 2652 387 2713; x_wconf 89' lang='lat' dir='ltr'>est</span> <span class='ocrx_word' id='word_1_166' title='bbox 418 2648 501 2714; x_wconf 90' lang='lat' dir='ltr'>unde</span> <span class='ocrx_word' id='word_1_167' title='bbox 537 2669 620 2714; x_wconf 87' lang='lat' dir='ltr'>nuuc</span> <span class='ocrx_word' id='word_1_168' title='bbox 652 2649 787 2732; x_wconf 88' lang='lat' dir='ltr'>agimus.</span> <span class='ocrx_word' id='word_1_169' title='bbox 824 2648 895 2715; x_wconf 86' lang='lat' dir='ltr'>Non</span> <span class='ocrx_word' id='word_1_170' title='bbox 929 2649 1011 2714; x_wconf 88' lang='lat' dir='ltr'>euim</span> <span class='ocrx_word' id='word_1_171' title='bbox 1045 2649 1196 2728; x_wconf 86' lang='lat' dir='ltr'>admittit,</span> <span class='ocrx_word' id='word_1_172' title='bbox 1230 2650 1383 2732; x_wconf 89' lang='lat' dir='ltr'>inquiunt,</span> <span class='ocrx_word' id='word_1_173' title='bbox 1412 2646 1497 2709; x_wconf 76' lang='lat' dir='ltr'>ullas</span> <span class='ocrx_word' id='word_1_174' title='bbox 1550 2633 1551 2644; x_wconf 68' lang='grc'>’</span> 
     </span>
     <span class='ocr_line' id='line_1_22' title="bbox 336 2756 1464 2837; baseline -0.004 -17"><span class='ocrx_word' id='word_1_175' title='bbox 336 2757 428 2833; x_wconf 85' lang='lat' dir='ltr'>ratio,</span> <span class='ocrx_word' id='word_1_176' title='bbox 457 2760 494 2822; x_wconf 89' lang='lat' dir='ltr'>ut</span> <span class='ocrx_word' id='word_1_177' title='bbox 520 2775 591 2821; x_wconf 87' lang='lat' dir='ltr'>caro</span> <span class='ocrx_word' id='word_1_178' title='bbox 620 2757 730 2820; x_wconf 87' lang='lat' dir='ltr'>ardeat</span> <span class='ocrx_word' id='word_1_179' title='bbox 755 2776 814 2820; x_wconf 91' lang='lat' dir='ltr'>nec</span> <span class='ocrx_word' id='word_1_180' title='bbox 838 2757 1033 2833; x_wconf 84' lang='lat' dir='ltr'>absumatur,</span> <span class='ocrx_word' id='word_1_181' title='bbox 1064 2756 1170 2820; x_wconf 91' lang='lat' dir='ltr'>doleat</span> <span class='ocrx_word' id='word_1_182' title='bbox 1193 2775 1296 2837; x_wconf 84' lang='lat' dir='ltr'>neqrre</span> <span class='ocrx_word' id='word_1_183' title='bbox 1320 2756 1464 2820; x_wconf 87' lang='lat' dir='ltr'>moriatur:</span> 
     </span>
     <span class='ocr_line' id='line_1_23' title="bbox 335 2861 1465 2947; baseline -0.007 -19"><span class='ocrx_word' id='word_1_184' title='bbox 335 2864 573 2930; x_wconf 86' lang='lat' dir='ltr'>ratiocinatores</span> <span class='ocrx_word' id='word_1_185' title='bbox 607 2862 759 2927; x_wconf 86' lang='lat' dir='ltr'>uidelicet</span> <span class='ocrx_word' id='word_1_186' title='bbox 789 2863 906 2947; x_wconf 88' lang='lat' dir='ltr'>magni,</span> <span class='ocrx_word' id='word_1_187' title='bbox 940 2864 993 2946; x_wconf 91' lang='lat' dir='ltr'>qui</span> <span class='ocrx_word' id='word_1_188' title='bbox 1028 2863 1065 2927; x_wconf 89' lang='lat' dir='ltr'>de</span> <span class='ocrx_word' id='word_1_189' title='bbox 1095 2861 1242 2928; x_wconf 88' lang='lat' dir='ltr'>omuibus</span> <span class='ocrx_word' id='word_1_190' title='bbox 1271 2862 1374 2939; x_wconf 89' lang='lat' dir='ltr'>rebus,</span> <span class='ocrx_word' id='word_1_191' title='bbox 1401 2875 1465 2940; x_wconf 87' lang='lat' dir='ltr'>quas</span> 
     </span>
     <span class='ocr_line' id='line_1_24' title="bbox 337 2967 1466 3052; baseline -0.01 -16"><span class='ocrx_word' id='word_1_192' title='bbox 337 2990 407 3036; x_wconf 89' lang='lat' dir='ltr'>esse</span> <span class='ocrx_word' id='word_1_193' title='bbox 444 2970 605 3034; x_wconf 86' lang='lat' dir='ltr'>mirabiles</span> <span class='ocrx_word' id='word_1_194' title='bbox 643 2971 778 3046; x_wconf 86' lang='lat' dir='ltr'>constat,</span> <span class='ocrx_word' id='word_1_195' title='bbox 816 2970 941 3052; x_wconf 89' lang='lat' dir='ltr'>possint</span> <span class='ocrx_word' id='word_1_196' title='bbox 976 2969 1105 3034; x_wconf 87' lang='lat' dir='ltr'>reddere</span> <span class='ocrx_word' id='word_1_197' title='bbox 1142 2971 1305 3035; x_wconf 88' lang='lat' dir='ltr'>rationem.</span> <span class='ocrx_word' id='word_1_198' title='bbox 1341 2967 1466 3032; x_wconf 84' lang='lat' dir='ltr'>lteddant</span> 
     </span>
     <span class='ocr_line' id='line_1_25' title="bbox 337 3074 1466 3160; baseline -0.009 -18"><span class='ocrx_word' id='word_1_199' title='bbox 337 3097 411 3160; x_wconf 90' lang='lat' dir='ltr'>ergo</span> <span class='ocrx_word' id='word_1_200' title='bbox 437 3077 475 3140; x_wconf 89' lang='lat' dir='ltr'>de</span> <span class='ocrx_word' id='word_1_201' title='bbox 499 3076 558 3150; x_wconf 87' lang='lat' dir='ltr'>his,</span> <span class='ocrx_word' id='word_1_202' title='bbox 584 3095 664 3157; x_wconf 86' lang='lat' dir='ltr'>quac</span> <span class='ocrx_word' id='word_1_203' title='bbox 687 3095 789 3158; x_wconf 88' lang='lat' dir='ltr'>pauca</span> <span class='ocrx_word' id='word_1_204' title='bbox 811 3077 989 3158; x_wconf 88' lang='lat' dir='ltr'>posuimus,</span> <span class='ocrx_word' id='word_1_205' title='bbox 1014 3095 1094 3158; x_wconf 87' lang='lat' dir='ltr'>quae</span> <span class='ocrx_word' id='word_1_206' title='bbox 1118 3074 1230 3158; x_wconf 84' lang='lat' dir='ltr'>procul</span> <span class='ocrx_word' id='word_1_207' title='bbox 1254 3076 1348 3140; x_wconf 93' lang='lat' dir='ltr'>dubio</span> <span class='ocrx_word' id='word_1_208' title='bbox 1367 3075 1466 3137; x_wconf 87' lang='lat' dir='ltr'>siesse</span> 
     </span>
     <span class='ocr_line' id='line_1_26' title="bbox 336 3179 1498 3260; baseline -0.009 -12"><span class='ocrx_word' id='word_1_209' title='bbox 336 3184 495 3248; x_wconf 88' lang='lat' dir='ltr'>nescirent</span> <span class='ocrx_word' id='word_1_210' title='bbox 517 3187 550 3248; x_wconf 90' lang='lat' dir='ltr'>et</span> <span class='ocrx_word' id='word_1_211' title='bbox 568 3201 606 3247; x_wconf 87' lang='lat' dir='ltr'>eo</span> <span class='ocrx_word' id='word_1_212' title='bbox 627 3184 736 3247; x_wconf 85' lang='lat' dir='ltr'>futura</span> <span class='ocrx_word' id='word_1_213' title='bbox 755 3201 825 3248; x_wconf 89' lang='lat' dir='ltr'>esse</span> <span class='ocrx_word' id='word_1_214' title='bbox 849 3183 1037 3260; x_wconf 85' lang='lat' dir='ltr'>diceremus,</span> <span class='ocrx_word' id='word_1_215' title='bbox 1061 3184 1163 3248; x_wconf 92' lang='lat' dir='ltr'>multo</span> <span class='ocrx_word' id='word_1_216' title='bbox 1189 3183 1295 3247; x_wconf 90' lang='lat' dir='ltr'>minus</span> <span class='ocrx_word' id='word_1_217' title='bbox 1315 3179 1465 3246; x_wconf 85' lang='lat' dir='ltr'>crederent.</span> <span class='ocrx_word' id='word_1_218' title='bbox 1480 3191 1498 3228; x_wconf 74' lang='lat' dir='ltr'>s</span> 
     </span>
     <span class='ocr_line' id='line_1_27' title="bbox 338 3283 1466 3372; baseline -0.008 -19"><span class='ocrx_word' id='word_1_219' title='bbox 338 3309 432 3372; x_wconf 83' lang='lat' dir='ltr'>quam</span> <span class='ocrx_word' id='word_1_220' title='bbox 465 3289 549 3370; x_wconf 91' lang='lat' dir='ltr'>quod</span> <span class='ocrx_word' id='word_1_221' title='bbox 581 3309 663 3353; x_wconf 90' lang='lat' dir='ltr'>nunc</span> <span class='ocrx_word' id='word_1_222' title='bbox 692 3287 871 3353; x_wconf 90' lang='lat' dir='ltr'>dicentibus</span> <span class='ocrx_word' id='word_1_223' title='bbox 899 3289 991 3354; x_wconf 86' lang='lat' dir='ltr'>nobis</span> <span class='ocrx_word' id='word_1_224' title='bbox 1019 3289 1132 3354; x_wconf 91' lang='lat' dir='ltr'>nolunt</span> <span class='ocrx_word' id='word_1_225' title='bbox 1159 3289 1285 3354; x_wconf 88' lang='lat' dir='ltr'>credero</span> <span class='ocrx_word' id='word_1_226' title='bbox 1318 3283 1466 3370; x_wconf 83' lang='lat' dir='ltr'>aliquando</span> 
     </span>
     <span class='ocr_line' id='line_1_28' title="bbox 337 3387 1466 3478; baseline -0.006 -19"><span class='ocrx_word' id='word_1_227' title='bbox 337 3399 517 3460; x_wconf 90' lang='lat' dir='ltr'>uenturum.</span> <span class='ocrx_word' id='word_1_228' title='bbox 556 3392 636 3474; x_wconf 81' lang='lat' dir='ltr'>Quis</span> <span class='ocrx_word' id='word_1_229' title='bbox 674 3395 757 3458; x_wconf 90' lang='lat' dir='ltr'>enim</span> <span class='ocrx_word' id='word_1_230' title='bbox 793 3414 901 3459; x_wconf 88' lang='lat' dir='ltr'>eorum</span> <span class='ocrx_word' id='word_1_231' title='bbox 939 3396 1029 3460; x_wconf 90' lang='lat' dir='ltr'>nobis</span> <span class='ocrx_word' id='word_1_232' title='bbox 1063 3398 1214 3472; x_wconf 84' lang='lat' dir='ltr'>crederet,</span> <span class='ocrx_word' id='word_1_233' title='bbox 1248 3397 1286 3474; x_wconf 87' lang='lat' dir='ltr'>si,</span> <span class='ocrx_word' id='word_1_234' title='bbox 1321 3413 1406 3478; x_wconf 88' lang='lat' dir='ltr'>quero</span> <span class='ocrx_word' id='word_1_235' title='bbox 1436 3387 1466 3452; x_wconf 87' lang='lat' dir='ltr'>sd</span> 
     </span>
     <span class='ocr_line' id='line_1_29' title="bbox 336 3499 1467 3586; baseline -0.004 -20"><span class='ocrx_word' id='word_1_236' title='bbox 336 3502 467 3566; x_wconf 91' lang='lat' dir='ltr'>modum</span> <span class='ocrx_word' id='word_1_237' title='bbox 495 3500 630 3566; x_wconf 90' lang='lat' dir='ltr'>dicimus</span> <span class='ocrx_word' id='word_1_238' title='bbox 657 3499 764 3566; x_wconf 78' lang='lat' dir='ltr'>futura</span> <span class='ocrx_word' id='word_1_239' title='bbox 791 3501 956 3566; x_wconf 90' lang='lat' dir='ltr'>hominum</span> <span class='ocrx_word' id='word_1_240' title='bbox 985 3503 1062 3566; x_wconf 89' lang='lat' dir='ltr'>uiua</span> <span class='ocrx_word' id='word_1_241' title='bbox 1085 3522 1224 3586; x_wconf 88' lang='lat' dir='ltr'>corpora,</span> <span class='ocrx_word' id='word_1_242' title='bbox 1255 3523 1335 3586; x_wconf 88' lang='lat' dir='ltr'>quae</span> <span class='ocrx_word' id='word_1_243' title='bbox 1361 3515 1467 3580; x_wconf 76' lang='lat' dir='ltr'>sempor</span> 
     </span>
     <span class='ocr_line' id='line_1_30' title="bbox 336 3606 1466 3691; baseline -0.007 -19"><span class='ocrx_word' id='word_1_244' title='bbox 336 3628 445 3673; x_wconf 86' lang='lat' dir='ltr'>arsura</span> <span class='ocrx_word' id='word_1_245' title='bbox 467 3609 569 3691; x_wconf 88' lang='lat' dir='ltr'>adque</span> <span class='ocrx_word' id='word_1_246' title='bbox 594 3607 732 3678; x_wconf 88' lang='lat' dir='ltr'>dolitura</span> <span class='ocrx_word' id='word_1_247' title='bbox 755 3627 812 3672; x_wconf 86' lang='lat' dir='ltr'>nee</span> <span class='ocrx_word' id='word_1_248' title='bbox 834 3611 941 3675; x_wconf 87' lang='lat' dir='ltr'>tamen</span> <span class='ocrx_word' id='word_1_249' title='bbox 966 3609 1135 3691; x_wconf 88' lang='lat' dir='ltr'>aliquando</span> <span class='ocrx_word' id='word_1_250' title='bbox 1161 3611 1314 3674; x_wconf 88' lang='lat' dir='ltr'>moritura</span> <span class='ocrx_word' id='word_1_251' title='bbox 1337 3610 1404 3683; x_wconf 87' lang='lat' dir='ltr'>siut,</span> <span class='ocrx_word' id='word_1_252' title='bbox 1428 3606 1466 3668; x_wconf 84' lang='lat' dir='ltr'>its</span> 
     </span>
     <span class='ocr_line' id='line_1_31' title="bbox 337 3715 1498 3800; baseline -0.009 -20"><span class='ocrx_word' id='word_1_253' title='bbox 337 3715 513 3780; x_wconf 87' lang='lat' dir='ltr'>diceremus</span> <span class='ocrx_word' id='word_1_254' title='bbox 551 3716 582 3778; x_wconf 91' lang='lat' dir='ltr'>in</span> <span class='ocrx_word' id='word_1_255' title='bbox 619 3716 725 3779; x_wconf 87' lang='lat' dir='ltr'>futuro</span> <span class='ocrx_word' id='word_1_256' title='bbox 760 3716 887 3780; x_wconf 91' lang='lat' dir='ltr'>saeculo</span> <span class='ocrx_word' id='word_1_257' title='bbox 921 3715 1064 3780; x_wconf 84' lang='lat' dir='ltr'>futurum</span> <span class='ocrx_word' id='word_1_258' title='bbox 1097 3718 1206 3793; x_wconf 85' lang='lat' dir='ltr'>salem,</span> <span class='ocrx_word' id='word_1_259' title='bbox 1241 3736 1334 3800; x_wconf 90' lang='lat' dir='ltr'>quem</span> <span class='ocrx_word' id='word_1_260' title='bbox 1364 3716 1498 3779; x_wconf 68' lang='lat' dir='ltr'>facetos</span> 
     </span>
    </p>
   </div>
   <div class='ocr_carea' id='block_1_3' title="bbox 425 3871 1049 3929">
    <p class='ocr_par' dir='ltr' id='par_1_4' title="bbox 425 3871 1049 3929">
     <span class='ocr_line' id='line_1_32' title="bbox 425 3871 1049 3929; baseline 0.005 -3"><span class='ocrx_word' id='word_1_261' title='bbox 425 3873 442 3926; x_wconf 85' lang='grc'>3</span> <span class='ocrx_word' id='word_1_262' title='bbox 462 3871 546 3926; x_wconf 84' lang='lat' dir='ltr'>Solin.</span> <span class='ocrx_word' id='word_1_263' title='bbox 566 3873 600 3926; x_wconf 73' lang='lat'>38</span> <span class='ocrx_word' id='word_1_264' title='bbox 656 3875 672 3926; x_wconf 85' lang='lat'><strong>5</strong></span> <span class='ocrx_word' id='word_1_265' title='bbox 691 3873 728 3925; x_wconf 91' lang='lat' dir='ltr'>ib.</span> <span class='ocrx_word' id='word_1_266' title='bbox 747 3874 783 3927; x_wconf 88' lang='grc'>40</span> <span class='ocrx_word' id='word_1_267' title='bbox 838 3873 854 3926; x_wconf 84' lang='grc'>9</span> <span class='ocrx_word' id='word_1_268' title='bbox 874 3873 909 3926; x_wconf 88' lang='lat' dir='ltr'>ib.</span> <span class='ocrx_word' id='word_1_269' title='bbox 930 3876 964 3928; x_wconf 83' lang='lat'>47</span> <span class='ocrx_word' id='word_1_270' title='bbox 985 3878 1049 3929; x_wconf 81' lang='lat' dir='ltr'>extr.</span> 
     </span>
    </p>
   </div>
   <div class='ocr_carea' id='block_1_4' title="bbox 336 3975 1468 4403">
    <p class='ocr_par' dir='ltr' id='par_1_5' title="bbox 336 3975 1468 4403">
     <span class='ocr_line' id='line_1_33' title="bbox 371 3975 1466 4049; baseline -0.007 -16"><span class='ocrx_word' id='word_1_271' title='bbox 371 3979 577 4049; x_wconf 72' lang='lat' dir='ltr'>dprensuueb</span> <span class='ocrx_word' id='word_1_272' title='bbox 645 3979 724 4048; x_wconf 75' lang='lat' dir='ltr'>bac]</span> <span class='ocrx_word' id='word_1_273' title='bbox 745 3979 829 4032; x_wconf 88' lang='lat' dir='ltr'>autb</span> <span class='ocrx_word' id='word_1_274' title='bbox 902 3979 1084 4048; x_wconf 79' lang='lat' dir='ltr'>latescentep</span> <span class='ocrx_word' id='word_1_275' title='bbox 1157 3979 1313 4049; x_wconf 81' lang='lat' dir='ltr'>Pyriteruo</span> <span class='ocrx_word' id='word_1_276' title='bbox 1376 3975 1466 4032; x_wconf 76' lang='lat' dir='ltr'>Saele-</span> 
     </span>
     <span class='ocr_line' id='line_1_34' title="bbox 336 4067 1468 4138; baseline -0.006 -16"><span class='ocrx_word' id='word_1_277' title='bbox 336 4069 414 4122; x_wconf 88' lang='lat' dir='ltr'>niten</span> <span class='ocrx_word' id='word_1_278' title='bbox 432 4085 484 4138; x_wconf 79' lang='grc' dir='ltr'>ερ,·</span> <span class='ocrx_word' id='word_1_279' title='bbox 503 4067 630 4121; x_wconf 85' lang='lat' dir='ltr'>scliniteu</span> <span class='ocrx_word' id='word_1_280' title='bbox 648 4085 680 4137; x_wconf 79' lang='grc'>9,·</span> <span class='ocrx_word' id='word_1_281' title='bbox 698 4068 825 4122; x_wconf 89' lang='lat' dir='ltr'>sileniten</span> <span class='ocrx_word' id='word_1_282' title='bbox 848 4086 878 4134; x_wconf 89' lang='lat' dir='ltr'>o,·</span> <span class='ocrx_word' id='word_1_283' title='bbox 898 4069 1038 4122; x_wconf 82' lang='lat' dir='ltr'>selenitem</span> <span class='ocrx_word' id='word_1_284' title='bbox 1059 4069 1074 4122; x_wconf 88' lang='lat' dir='ltr'>b</span> <span class='ocrx_word' id='word_1_285' title='bbox 1081 4085 1127 4136; x_wconf 79' lang='lat' dir='ltr'>po</span> <span class='ocrx_word' id='word_1_286' title='bbox 1232 4070 1318 4138; x_wconf 89' lang='lat' dir='ltr'>cuius]</span> <span class='ocrx_word' id='word_1_287' title='bbox 1339 4069 1468 4134; x_wconf 77' lang='lat' dir='ltr'>eiusqueg</span> 
     </span>
     <span class='ocr_line' id='line_1_35' title="bbox 339 4153 1466 4226; baseline -0.008 -16"><span class='ocrx_word' id='word_1_288' title='bbox 339 4158 372 4210; x_wconf 92' lang='lat'>10</span> <span class='ocrx_word' id='word_1_289' title='bbox 392 4173 471 4225; x_wconf 83' lang='lat' dir='ltr'>quarn</span> <span class='ocrx_word' id='word_1_290' title='bbox 491 4156 608 4210; x_wconf 83' lang='lat' dir='ltr'>triennio</span> <span class='ocrx_word' id='word_1_291' title='bbox 626 4174 644 4225; x_wconf 81' lang='lat' dir='ltr'>p</span> <span class='ocrx_word' id='word_1_292' title='bbox 710 4158 741 4210; x_wconf 84' lang='lat'>12</span> <span class='ocrx_word' id='word_1_293' title='bbox 762 4158 872 4226; x_wconf 86' lang='lat' dir='ltr'>qulain</span> <span class='ocrx_word' id='word_1_294' title='bbox 892 4173 958 4226; x_wconf 82' lang='lat' dir='ltr'>esp</span> <span class='ocrx_word' id='word_1_295' title='bbox 1023 4159 1055 4211; x_wconf 83' lang='lat'>16</span> <span class='ocrx_word' id='word_1_296' title='bbox 1075 4159 1155 4211; x_wconf 84' lang='lat' dir='ltr'>nimis</span> <span class='ocrx_word' id='word_1_297' title='bbox 1174 4174 1225 4213; x_wconf 85' lang='lat' dir='ltr'>orn.</span> <span class='ocrx_word' id='word_1_298' title='bbox 1247 4177 1265 4210; x_wconf 84' lang='grc' dir='ltr'><strong>α</strong></span> <span class='ocrx_word' id='word_1_299' title='bbox 1322 4153 1466 4210; x_wconf 67' lang='lat' dir='ltr'>ssbsmrnir·</span> 
     </span>
     <span class='ocr_line' id='line_1_36' title="bbox 336 4238 1467 4318; baseline -0.005 -20"><span class='ocrx_word' id='word_1_300' title='bbox 336 4246 433 4314; x_wconf 75' lang='lat' dir='ltr'>titop</span> <span class='ocrx_word' id='word_1_301' title='bbox 505 4246 538 4298; x_wconf 83' lang='lat'>21</span> <span class='ocrx_word' id='word_1_302' title='bbox 559 4262 646 4314; x_wconf 86' lang='lat' dir='ltr'>neque</span> <span class='ocrx_word' id='word_1_303' title='bbox 667 4246 874 4314; x_wconf 81' lang='lat' dir='ltr'>bepp;ncoo</span> <span class='ocrx_word' id='word_1_304' title='bbox 947 4247 1146 4316; x_wconf 75' lang='lat' dir='ltr'>23possentp</span> <span class='ocrx_word' id='word_1_305' title='bbox 1208 4247 1244 4300; x_wconf 82' lang='lat'>24</span> <span class='ocrx_word' id='word_1_306' title='bbox 1264 4263 1330 4316; x_wconf 81' lang='lat' dir='ltr'>quae</span> <span class='ocrx_word' id='word_1_307' title='bbox 1347 4245 1370 4318; x_wconf 81' lang='lat' dir='ltr'>si</span> <span class='ocrx_word' id='word_1_308' title='bbox 1388 4238 1467 4312; x_wconf 83' lang='lat' dir='ltr'>procul</span> 
     </span>
     <span class='ocr_line' id='line_1_37' title="bbox 337 4333 1164 4403; baseline 0.004 -17"><span class='ocrx_word' id='word_1_309' title='bbox 337 4333 418 4386; x_wconf 89' lang='lat' dir='ltr'>dubio</span> <span class='ocrx_word' id='word_1_310' title='bbox 439 4351 534 4402; x_wconf 81' lang='lat' dir='ltr'>cssep</span> <span class='ocrx_word' id='word_1_311' title='bbox 589 4336 623 4389; x_wconf 79' lang='lat'>25</span> <span class='ocrx_word' id='word_1_312' title='bbox 643 4335 755 4388; x_wconf 86' lang='lat' dir='ltr'>credant</span> <span class='ocrx_word' id='word_1_313' title='bbox 771 4335 802 4403; x_wconf 72' lang='lat'>9¹</span> <span class='ocrx_word' id='word_1_314' title='bbox 857 4337 890 4389; x_wconf 76' lang='lat'>27</span> <span class='ocrx_word' id='word_1_315' title='bbox 911 4353 968 4389; x_wconf 87' lang='lat' dir='ltr'>esse</span> <span class='ocrx_word' id='word_1_316' title='bbox 988 4341 1164 4390; x_wconf 83' lang='lat' dir='ltr'>uenturume</span> 
     </span>
    </p>
   </div>
   <div class='ocr_carea' id='block_1_5' title="bbox 0 0 1600 4959">
    <p class='ocr_par' dir='ltr' id='par_1_6' title="bbox 0 0 1600 4959">
     <span class='ocr_line' id='line_1_38' title="bbox 0 0 1600 4959; baseline 0 0"><span class='ocrx_word' id='word_1_317' title='bbox 0 0 1600 4959; x_wconf 95' lang='lat' dir='ltr'> </span> 
     </span>
    </p>
   </div>
  </div>
 </body>
</html>
