3192 4959
308 428 373 489 212
663 422 689 475 S.
717 422 874 476 Aurelii
901 422 1116 491 Augustini

310 620 409 681 tatem
434 615 503 686 Dei,
528 617 618 681 ouius
641 636 694 680 rer
713 620 762 681 est
782 619 815 681 et
833 616 976 682 conditor
996 616 1152 693 Christus,
1172 617 1274 700 ipsam
1294 622 1446 702 postremo

311 724 370 787 Dei
403 724 536 807 gratiam
570 723 754 807 prophetioo
788 724 903 804 spiritu
936 724 982 787 sie
1013 724 1165 802 locutam,
1195 744 1213 789 a
1241 744 1303 807 qua
1328 726 1446 809 superbi

312 829 496 911 alienantur,
517 831 554 891 ut
572 815 694 907 cadant,
715 848 778 911 qua
801 829 1131 912 humilesinplentur,
1151 835 1188 894 ut
1212 836 1353 915 surgant,
1374 832 1447 915 quod
1557 840 1558 904 ζ

310 935 444 1000 maxime
467 936 605 1019 hymnus
627 938 689 999 iste
712 936 898 1017 personuit?
922 935 994 1001 Nisi
1018 936 1185 1019 quisquam
1211 937 1294 1002 forte
1314 938 1448 1002 dicturus
1555 915 1558 1002 l

312 1046 362 1107 est
385 1043 462 1106 nihil
485 1043 581 1107 istam
604 1044 809 1125 prophetasse
833 1043 1009 1120 mulierem,
1034 1042 1090 1107 sed
1113 1044 1216 1109 Deum
1234 1044 1447 1109 tantummodo
1473 1062 1483 1101 a
1555 1023 1558 1048 ¹

312 1154 441 1232 propter
457 1150 570 1226 filium,
594 1168 688 1231 quom
707 1153 835 1232 preoata
852 1150 1034 1232 inpetrauit,
1054 1150 1206 1214 exultanti
1226 1150 1449 1233 praedicatione
1555 1137 1559 1176 ³

312 1257 473 1321 laudasse.
501 1253 586 1334 Quid
609 1275 683 1341 ergo
707 1256 769 1320 sibi
796 1257 869 1321 uult
892 1256 976 1337 quod
1000 1257 1057 1321 ait:
1087 1259 1223 1323 Areum
1247 1258 1449 1341 potantium

314 1364 409 1427 iecit
445 1363 649 1438 infirmum,
687 1366 723 1427 et
753 1363 898 1427 infirmi
935 1363 1145 1445 praecineti
1179 1372 1265 1429 sunt
1297 1366 1451 1436 uirtute;

315 1470 417 1553 pleni
450 1469 610 1551 panibus
644 1469 820 1533 minorati
854 1472 951 1547 sunt,
985 1472 1022 1533 et
1054 1470 1270 1535 esurientes
1304 1471 1451 1535 transie-

316 1579 406 1640 runt
437 1579 590 1652 terram3
625 1577 712 1657 quia
740 1576 887 1640 sterilis
912 1576 1060 1658 peperit
1088 1581 1244 1659 septem,
1277 1582 1314 1641 et
1342 1579 1452 1641 multa
1468 1594 1487 1631 1⁰

317 1684 351 1747 in
384 1682 484 1747 filiis
512 1683 706 1747 infirmata
734 1686 812 1748 est?
842 1682 1005 1764 Numquid
1034 1691 1157 1765 septem
1187 1684 1258 1765 ipsa
1284 1690 1452 1767 pepererat,

317 1790 463 1872 quamuis
487 1789 605 1854 sterilis
628 1789 744 1854 fuerit?
768 1790 905 1855 Unicum
928 1788 1074 1866 hahebat,
1096 1790 1219 1871 quaudo
1239 1791 1301 1857 ista
1320 1791 1452 1863 diceban

318 1897 374 1961 sed
407 1914 464 1960 neo
495 1900 606 1978 postea
639 1900 760 1979 septem
792 1896 925 1980 peperit,
959 1896 1027 1961 siue
1060 1916 1122 1969 ser,
1156 1899 1286 1980 quihus·
1306 1898 1454 1981 septimus

319 2005 404 2066 esset
436 2002 503 2083 ipse
536 2001 674 2078 Samuel,
707 2002 762 2067 sed
791 2009 855 2069 tres
885 2027 985 2073 mares
1015 2013 1047 2075 et
1071 2010 1149 2075 duas
1172 2011 1316 2076 feminas.
1341 2010 1454 2075 Deinde

318 2108 349 2171 in
380 2107 436 2173 illo
469 2108 587 2189 populo
621 2127 694 2172 oum
727 2108 830 2173 adhue
858 2132 950 2179 nemo
978 2120 1130 2199 regnaret,
1161 2117 1246 2198 quod
1268 2118 1299 2181 in
1324 2121 1454 2180 extremo
1472 2132 1491 2172 1⁵
1559 2173 1560 2186 ,

318 2215 441 2297 posuit:
484 2214 556 2278 Dat
590 2215 775 2279 uirtutem
811 2219 969 2301 regibus
1008 2223 1160 2301 nostris,
1205 2227 1241 2287 et
1277 2222 1456 2287 exaltabit

321 2341 433 2386 cornu
457 2322 595 2386 christi
620 2321 688 2397 sui,
713 2324 796 2387 unde
822 2325 955 2404 dicebat,
981 2328 1010 2391 si
1033 2347 1094 2393 non
1117 2329 1348 2411 prophetabat?

365 2429 458 2493 Dioat
495 2447 569 2512 ergo
607 2430 742 2494 ecelesia
775 2430 904 2507 Christi,
943 2434 1057 2499 ciuitas
1090 2434 1174 2517 tegis
1211 2436 1329 2518 magni,
1362 2432 1458 2517 gratia

320 2534 423 2618 plena,
447 2534 533 2617 prole
556 2535 699 2613 fecunda,
724 2536 810 2601 dieat
830 2538 914 2620 quod
932 2544 1020 2605 tanto
1041 2544 1111 2605 ante
1130 2540 1168 2605 de
1188 2560 1221 2605 se
1241 2542 1458 2623 prophetatum

321 2660 377 2723 per
404 2660 439 2705 os
468 2640 564 2705 huius
592 2642 662 2723 piae
690 2645 800 2707 matris
830 2647 988 2729 agnoseit:
1023 2646 1296 2713 confirmatum
1322 2651 1379 2712 est
1402 2665 1496 2712 sora

321 2766 439 2811 meum
468 2747 503 2811 in
528 2748 696 2825 Domino,
726 2752 936 2817 exaltatum
961 2758 1020 2819 est
1044 2774 1158 2819 oornu
1182 2774 1304 2819 meum
1327 2754 1363 2818 in
1387 2754 1458 2818 Deo

323 2873 410 2918 meo.
442 2854 523 2919 Vere
555 2856 775 2921 confirmatum
809 2876 862 2923 eor
894 2864 927 2924 et
955 2880 1052 2926 oornu
1079 2880 1154 2927 nere
1183 2862 1365 2939 exaltatum,
1390 2864 1460 2943 quia

323 2980 385 3025 non
413 2961 445 3024 in
470 2980 513 3037 se,
544 2962 599 3025 sed
626 2962 658 3025 in
683 2963 819 3029 Domino
843 2966 910 3031 Deo
936 2987 1004 3033 suo.
1034 2968 1243 3034 Dilatatum
1270 2971 1461 3048 estsuper

323 3068 499 3133 inimicos
524 3088 625 3134 meos
649 3088 688 3134 os
712 3091 848 3147 meum;
874 3074 948 3155 quia
968 3078 1000 3138 et
1016 3075 1048 3139 in
1068 3074 1225 3158 angustiis
1245 3091 1459 3156 pressurarum

323 3193 425 3239 sermo
458 3175 517 3238 Dei
549 3195 609 3240 non
642 3182 692 3242 est
724 3178 884 3263 adligatus
917 3198 974 3243 neo
1006 3180 1037 3243 in
1068 3179 1276 3263 praeconibus
1305 3178 1498 3262 adligatiss
1564 3170 1565 3173 ’

323 3282 480 3346 Laetata
513 3301 602 3356 surm,
635 3284 748 3367 inquit,
780 3286 817 3349 in
851 3285 1012 3349 salutari
1044 3289 1119 3350 tuo.
1149 3284 1296 3350 Christus
1327 3288 1377 3349 est
1403 3286 1462 3349 iste

323 3389 426 3464 lesus,
450 3408 543 3470 quem
567 3388 705 3467 Simeon,
730 3392 815 3456 siout
833 3392 864 3455 in
885 3392 1050 3475 euangelio
1068 3392 1198 3477 legitur.
1219 3410 1312 3456 senor
1331 3392 1461 3475 amplae·

325 3497 395 3558 tens
422 3514 566 3578 paruum,
595 3516 769 3580 agnoscens
797 3516 962 3582 magnum:
997 3498 1100 3563 Nune
1140 3498 1320 3577 dimittis,
1353 3497 1461 3579 inquit.

415 3752 450 3805 28
467 3751 513 3806 Lo.
534 3754 558 3813 2,
577 3754 611 3806 29
631 3770 670 3822 sq.

362 3875 561 3946 htantumslll,
580 3892 649 3930 eras.
667 3877 757 3938 modo,
776 3894 790 3930 e
880 3880 895 3931 7
916 3880 1054 3947 potentiae
1074 3880 1089 3933 h
1185 3880 1201 3933 8
1220 3881 1338 3934 uirtutes
1357 3880 1394 3945 a¹,·
1411 3881 1462 3931 nir·

327 3968 413 4019 tutem
434 3969 484 4029 af
520 3966 553 4019 10
573 3966 603 4018 11
627 3967 659 4019 13
678 3968 807 4036 septimp
845 3969 877 4021 16
897 3968 1082 4023 exultauithe
1119 3971 1151 4023 17
1171 3968 1463 4039 cornump¹fDomh

327 4056 359 4107 21
381 4059 410 4107 et
428 4054 542 4108 exalto
605 4072 714 4109 cornum
734 4075 776 4125 ρα
794 4056 907 4123 Domh.,·
926 4075 971 4111 eor
990 4059 1017 4111 h¹
1072 4060 1106 4113 22
1125 4064 1168 4113 est
1186 4076 1263 4115 eore
1325 4076 1429 4114 cornum
1448 4078 1464 4108 α

328 4143 361 4195 25
382 4142 542 4212 allegatisp
631 4144 666 4197 26
685 4144 712 4197 in
731 4162 816 4199 onec
905 4147 939 4199 27
959 4152 1068 4201 sanotae
1087 4164 1230 4217 symeone
1319 4148 1389 4203 siout
1406 4152 1432 4200 et
1447 4162 1464 4214 p

328 4232 362 4283 28
387 4229 503 4283 dimittis
525 4232 616 4301 inquit
634 4232 779 4302 aep²po;
802 4232 923 4287 dimittes
946 4235 1001 4305 inq.
1022 4236 1088 4305 hy¹,·
1110 4238 1166 4306 inq.
1185 4236 1308 4291 dimittes
1328 4238 1395 4308 p¹a5
1410 4238 1462 4304 inq.

328 4318 445 4371 dimittis
463 4319 560 4372 Domb.
