3192 4959
364 479 414 533 De
443 480 617 533 ciuitate
645 477 707 532 dei
735 477 799 532 lib.
823 478 922 533 XVIII.
948 495 1022 548 cap.
1046 480 1089 533 35.
1235 482 1299 546 323

149 674 392 739 custodient
426 674 643 738 seientiam
678 675 717 738 et
748 673 878 756 legem
912 673 1123 755 inquirent
1155 692 1197 737 sn
1231 693 1297 739 ore

149 781 256 857 eius3
286 782 472 863 quoniam
501 780 669 863 angelus
697 780 859 844 Domini
893 780 1190 863 omnipotentis
1225 782 1297 846 ost.

147 887 215 951 Neo
238 886 414 951 mirandum
440 889 499 965 est,
529 885 604 968 quia
625 886 754 950 Domini
778 886 1005 969 omnipotentis
1035 886 1168 969 angelus
1194 886 1298 951 dietus

149 996 198 1057 est
228 992 374 1057 Christus
402 994 503 1057 lesus.
534 991 626 1056 Siout
649 992 732 1055 enim
758 1010 871 1056 seruus
895 995 1024 1075 propter
1046 992 1179 1057 formam
1203 992 1299 1067 serui,

118 1099 178 1165 sin
213 1118 277 1180 qus
309 1098 398 1163 uenit
430 1099 469 1163 ad
501 1098 656 1175 homines,
690 1098 736 1162 sio
765 1099 896 1182 angelus
929 1102 1057 1182 proptor
1086 1099 1298 1183 euangelium,

148 1206 233 1288 quod
257 1205 418 1270 nuntiauit
439 1204 633 1271 hominibus.
658 1205 740 1269 Nam
765 1206 792 1269 si
818 1204 939 1269 Graeca
961 1204 1024 1269 ista
1047 1206 1298 1288 iuterpretemur,

149 1316 180 1376 et
202 1311 406 1395 euangelium
429 1312 511 1377 bona
534 1311 692 1377 nuntiatio
717 1316 767 1376 est
790 1315 824 1375 et
842 1312 975 1395 angelus
995 1313 1136 1377 nuntius,
1160 1312 1207 1376 De
1227 1312 1295 1395 ipso

148 1418 264 1501 quippe
292 1418 408 1483 iterum
438 1418 529 1483 dioit:
557 1418 659 1482 Doce
687 1417 847 1483 mittam
880 1418 1067 1503 angelum
1096 1422 1297 1496 meumst

148 1525 379 1607 prospiciet
420 1524 524 1589 uiam
566 1527 659 1588 anto
700 1524 847 1588 faeiem
889 1543 1028 1601 meam;
1073 1530 1111 1590 et
1153 1525 1291 1591 subito

108 1658 131 1697 ιο
148 1632 289 1696 ueniet
313 1632 352 1695 in
376 1630 571 1714 templum
594 1650 708 1694 suum
728 1630 936 1709 Dominus,
956 1650 1070 1712 quern
1091 1651 1161 1697 uos
1184 1650 1300 1713 quas·

147 1737 254 1815 ritis,
298 1742 336 1802 et
373 1737 543 1822 angelus
585 1738 838 1812 testamenti,
881 1757 994 1819 quem
1036 1758 1108 1803 uos
1150 1738 1295 1803 uultis.

147 1844 248 1909 Eoos
286 1845 411 1923 usnit,
449 1844 553 1908 dioit
584 1844 780 1909 Dominus
814 1845 1090 1926 omnipotens;
1129 1848 1168 1909 et
1206 1845 1296 1927 quis

148 1950 379 2015 sustinebit
406 1950 509 2014 diem
537 1950 737 2015 introitus
768 1950 882 2014 eius?
915 1953 983 2014 aut
1008 1952 1099 2033 quis
1123 1952 1298 2017 resistet

147 2058 183 2121 iu
203 2057 401 2139 adspectu
421 2060 532 2121 eius?
550 2057 621 2121 Hoo
635 2057 706 2121 looo
722 2060 755 2121 st
772 2057 911 2138 primum
931 2061 963 2122 et
982 2059 1157 2123 seeundum
1178 2058 1297 2125 Christi

108 2166 385 2249 upraenuntmuit
420 2163 608 2239 aduentum
646 2163 784 2245 primum
819 2163 952 2241 seilicet,
990 2164 1028 2228 de
1062 2182 1122 2247 quo
1156 2166 1213 2229 ait:
1251 2168 1299 2231 llt

148 2271 285 2336 subito
323 2269 463 2334 uenist
499 2270 539 2333 in
570 2270 764 2353 templum
800 2288 923 2349 sunm,
957 2270 990 2334 id
1024 2275 1073 2335 est
1105 2272 1136 2334 in
1170 2290 1295 2336 earnem

149 2396 249 2453 suam,
279 2376 317 2440 de
345 2395 408 2457 qua
435 2375 514 2440 dixit
539 2376 573 2439 in
597 2377 777 2460 euangelio:
803 2376 965 2442 Soluito
994 2378 1189 2459 templum
1212 2379 1295 2456 hoo,

149 2488 187 2548 et
217 2483 256 2546 in
290 2482 427 2548 triduo
461 2482 722 2548 resuscitabo
754 2483 877 2559 illud;
912 2484 1088 2549 seeundum
1122 2503 1207 2564 uero,
1240 2486 1295 2549 ubi

150 2590 208 2654 ait:
250 2590 353 2654 Eoos
393 2589 518 2667 uenit,
562 2588 666 2653 dloit
707 2590 900 2655 Dominus
943 2590 1215 2673 omnipotens,
1255 2595 1296 2656 et

106 2722 134 2762 so
152 2698 240 2779 quis
264 2696 496 2761 sustinebit
523 2696 628 2761 diem
646 2696 847 2761 introitus
868 2697 978 2761 eius?
999 2702 1069 2761 ant
1088 2698 1180 2779 quis
1199 2700 1297 2764 resi·

151 2807 231 2867 stet
267 2804 306 2866 in
341 2802 535 2886 adspectu
569 2804 682 2867 eius?
707 2800 800 2882 Quod
828 2808 936 2868 autom
961 2803 1053 2869 dixit:
1089 2804 1297 2883 Dominus,

151 2929 261 2993 quem
290 2929 363 2974 nos
392 2910 604 2992 quaeritis,
633 2913 672 2974 et
699 2909 871 2994 angelus
900 2911 1151 2988 testamenti,
1185 2931 1298 2994 quem

152 3034 220 3080 uos
256 3015 401 3091 uultis,
439 3016 633 3100 significauit
668 3017 779 3097 utique
817 3016 913 3080 etiem
950 3016 1084 3081 Iudaeos
1123 3018 1298 3083 secundnm

153 3124 333 3206 scripturas,
358 3142 436 3205 quas
459 3124 582 3207 legunt,
603 3122 766 3188 Christum
785 3144 934 3206 quaerere
954 3126 986 3188 et
1005 3123 1097 3189 uelle.
1124 3124 1186 3189 Sed
1204 3126 1299 3189 multi

107 3252 135 3292 ss
156 3247 269 3303 eornm,
290 3249 384 3311 quem
405 3230 609 3311 quaesierunt
628 3232 660 3293 ot
674 3232 852 3305 uoluerunt,
873 3232 1001 3295 uenisse
1015 3251 1075 3295 non
1091 3234 1298 3315 agnouerunt,

155 3336 305 3399 excaecati
332 3336 364 3399 in
393 3336 541 3401 cordibus
570 3336 638 3401 suis
661 3336 923 3418 praecedentibus
952 3338 1074 3402 meritis
1100 3338 1176 3403 suis.
1208 3336 1299 3416 Quod

155 3460 224 3505 sane
251 3442 303 3505 hio
332 3442 474 3507 nominat
500 3446 740 3523 testamentum,
773 3442 827 3507 uel
855 3462 961 3526 supra,
990 3444 1045 3509 ubi
1075 3445 1133 3508 ait:
1163 3444 1299 3509 Testa·

156 3552 325 3614 mentum
359 3569 484 3614 meum
519 3552 607 3614 erat
640 3569 724 3613 oum
759 3569 812 3627 eo,
847 3552 899 3615 uel
931 3548 993 3627 hio,
1027 3550 1082 3614 ubi
1116 3570 1188 3615 sum
1222 3552 1301 3615 dixit

240 3812 257 3863 3
275 3810 310 3864 ib.
330 3812 357 3873 3,
379 3811 391 3863 l
413 3828 452 3879 sq.
510 3812 542 3864 ll
562 3811 602 3865 Io.
621 3812 646 3875 2,
667 3812 699 3865 19

190 3978 206 4029 2
223 3980 414 4049 omnipotentis
433 3980 485 4033 Dei
503 3996 520 4034 o
601 3981 617 4034 3
637 3945 741 4049 angelis
759 3997 777 4049 9
867 3983 909 4033 est
928 3978 1016 4033 dictus
1037 3997 1055 4033 a
1137 3979 1153 4031 4
1172 3978 1297 4047 formaml

155 4080 291 4132 personam
307 4085 328 4137 p
382 4070 398 4120 5
418 4069 457 4121 sic
477 4068 520 4121 ab
532 4086 666 4138 syppa5
683 4068 722 4122 sic
741 4072 802 4122 eto
867 4070 882 4122 6
901 4069 955 4121 ista
974 4068 1083 4121 nomina
1100 4086 1131 4137 g;
1150 4068 1204 4119 ists
1222 4066 1262 4118 its
1277 4083 1298 4133 p

157 4153 421 4224 interpretaremnre
465 4158 609 4211 8mittam
630 4174 791 4226 aesopum
809 4158 889 4211 mitto
910 4158 950 4211 bo
999 4158 1031 4211 10
1050 4158 1298 4225 quem....testa·

157 4271 286 4325 montiis
303 4289 422 4341 murae
477 4274 509 4327 12
528 4274 654 4327 ueniete
709 4270 941 4339 Itanumdrise
1002 4273 1034 4326 18
1055 4276 1082 4325 et
1101 4254 1127 4325 in
1148 4270 1249 4332 triduo,
1268 4272 1299 4322 iu

157 4400 238 4454 marg.
256 4368 283 4441 et
300 4388 399 4451 triduo,
419 4406 433 4441 e
487 4389 519 4441 21
541 4388 610 4442 dixit
626 4405 687 4459 9p;
705 4388 773 4444 dicIt
790 4390 849 4444 rell.
868 4406 884 4443 o
903 4389 1001 4443 Domb.

1213 4492 1263 4545 21*
