3192 4959
358 451 408 504 De
436 450 612 504 ciuitate
640 450 702 504 dei
729 451 794 504 lib.
819 450 905 504 XXII.
934 467 1008 520 cap.
1033 451 1076 504 29.
1227 453 1297 516 663

142 667 204 713 non
237 667 293 731 per
325 665 451 728 corpus,
476 644 531 710 sed
564 665 619 729 per
651 645 800 728 spiritum
832 645 922 710 uidit
957 643 1048 709 Sicut
1072 663 1146 728 ergo
1171 647 1298 709 constat

144 774 275 839 corpore
306 753 408 818 uideri
441 753 568 836 spiritu,
590 752 667 834 quid
701 752 728 816 si
761 755 850 818 tanta
884 752 944 816 crit
974 752 1119 833 potentia
1142 750 1295 832 spiritalis

143 860 356 946 conponant
386 879 517 944 corpore
551 860 699 924 uideatur
732 862 762 922 et
788 858 941 940 spiritus?
975 857 1115 941 Spiritus
1139 859 1222 922 enim
1246 861 1296 922 est

144 971 241 1036 Deus
264 967 386 1034 Deinde
409 967 508 1032 uitam
534 966 661 1048 quidem
686 984 789 1043 suam,
813 984 877 1047 qua
898 983 980 1029 nunc
1004 964 1088 1028 uiuit
1109 962 1141 1026 in
1166 982 1295 1045 corpore

111 1080 176 1142 oet
198 1076 277 1140 haec
309 1077 433 1140 terrena
466 1073 607 1138 membra
639 1074 770 1156 negetat
802 1071 942 1154 facitque
970 1070 1123 1147 uiuentis,
1147 1069 1295 1134 interiore

143 1203 240 1248 sensu
265 1181 412 1263 quisque,
436 1200 496 1246 non
520 1199 576 1262 per
599 1197 764 1260 corporeos
788 1179 899 1242 oculos
926 1176 1032 1253 nouit;
1061 1177 1196 1240 aliorum
1219 1194 1293 1239 uero

144 1289 240 1362 uitas,
255 1307 328 1352 curn
342 1287 407 1352 sint
420 1286 610 1364 inuisibiles,
625 1305 679 1368 ρετ
699 1304 813 1368 corpus
834 1285 930 1348 uidet.
949 1284 1031 1348 Nam
1051 1283 1134 1348 unde
1152 1282 1295 1347 uiuentis

144 1395 352 1462 discernimus
386 1413 404 1458 a
436 1413 496 1458 non
529 1392 714 1457 uiuentibus
752 1410 893 1475 corpora,
930 1391 992 1456 nisi
1029 1409 1160 1472 corpora
1196 1389 1294 1453 simul

143 1503 292 1584 uitasque
310 1500 488 1569 uideamus,
510 1518 587 1580 quas
607 1498 668 1562 nisi
687 1517 875 1582 percorpus
895 1497 1003 1562 uidere
1017 1517 1079 1562 non
1096 1499 1293 1580 possumus?

100 1629 124 1668 rr
143 1607 235 1672 Vitas
260 1611 366 1670 autem
391 1606 459 1670 sine
483 1604 666 1686 corporibus
692 1605 848 1687 corporeis
874 1605 974 1669 oculis
999 1623 1060 1668 non
1083 1604 1239 1667 uidemus.

189 1711 290 1791 Quam
324 1712 363 1778 ob
395 1731 461 1776 rem
495 1711 563 1775 fieri
590 1713 698 1792 potest
729 1711 887 1793 ualdeque
920 1711 1069 1776 credibile
1094 1714 1143 1776 est
1166 1711 1212 1776 sic
1235 1729 1293 1774 nos

144 1837 214 1885 esse
239 1819 365 1884 uisuros
389 1818 549 1882 mundana
573 1835 704 1900 corpora
723 1819 798 1882 tunc
820 1816 899 1880 caeli
918 1817 994 1880 noui
1013 1822 1045 1882 ot
1062 1821 1162 1882 terrae
1181 1835 1292 1894 nouae,

144 1930 182 1992 ut
212 1926 316 1990 Deum
349 1925 468 2007 ubique
504 1927 700 2007 praesentem
735 1928 768 1988 et
800 1924 950 1989 uniuersa
985 1924 1081 1988 etiam
1118 1923 1294 2006 corporalia

144 2034 370 2118 gubernantem
387 2053 443 2116 pen
457 2051 587 2117 corpora
598 2050 677 2112 quae
693 2031 891 2116 gestabimus
907 2035 939 2095 et
952 2050 1033 2114 quae
1048 2031 1292 2112 conspiciemus,

100 2159 126 2200 ro
146 2159 273 2223 quaqua
307 2159 436 2204 uersum
475 2141 585 2204 oculos
623 2138 814 2213 duxerimus,
853 2137 1029 2203 clarissima
1064 2136 1292 2220 perspicuitate

144 2245 321 2322 uideamus,
344 2265 405 2311 non
439 2246 523 2312 sicut
554 2265 638 2310 nunc
670 2244 845 2310 inuisibilia
869 2244 927 2309 Dei
955 2264 1011 2327 per
1034 2264 1080 2319 ea,
1104 2245 1293 2325 quaefacta

146 2356 230 2429 sunt,
254 2353 414 2428 intellecta
447 2353 686 2436 conspiciuntur
717 2371 772 2434 ρετ·
804 2351 970 2435 speculum
1003 2351 1033 2414 in
1059 2350 1237 2434 aenigmate
1261 2350 1293 2411 et

145 2479 181 2524 er
208 2462 308 2542 parte,
336 2460 392 2524 ubi
415 2459 486 2542 plus
510 2460 542 2522 in
567 2459 657 2524 nobis
681 2460 769 2523 ualet
791 2457 881 2536 fides,
911 2476 974 2540 qua
998 2457 1166 2534 credimus,
1197 2474 1290 2538 quarn

144 2585 250 2630 rerum
284 2566 492 2648 corporalium
527 2565 659 2648 species,
693 2585 788 2647 quam
817 2584 874 2646 per
901 2565 1011 2630 oculos
1040 2563 1197 2627 cernimus
1226 2579 1292 2626 cor·

99 2672 281 2756 soporales.
315 2671 377 2737 Sed
411 2673 495 2738 sicut
526 2672 679 2750 homines
712 2672 795 2736 inter
827 2690 907 2754 quos
941 2671 1088 2736 uiuentes
1120 2672 1291 2750 motusque

145 2781 261 2846 uitales
286 2783 463 2844 exserentes
482 2779 635 2854 uiuimus,
655 2797 728 2843 mox
751 2783 788 2843 ut
812 2778 1017 2861 adspicimus,
1046 2797 1107 2842 non
1132 2775 1291 2841 credimus

144 2887 266 2964 uiuere,
291 2887 346 2952 sed
369 2886 528 2964 uidemus,
552 2905 625 2950 curn
645 2905 753 2950 eorum
773 2885 874 2949 uitam
894 2886 961 2949 sine
980 2884 1165 2967 corporibus
1184 2880 1291 2947 uidere

143 3013 350 3076 nequeamus,
389 3011 484 3074 qoam
515 2995 620 3056 tamon
653 2993 684 3056 in
719 2991 764 3056 eis
797 3011 854 3074 per
891 3010 1022 3074 corpora
1054 2993 1175 3055 remota
1207 2987 1293 3053 omni

143 3099 355 3182 ambiguitate
380 3098 609 3180 conspicimus:
633 3098 679 3162 ita
703 3116 902 3180 quacumque
927 3095 1082 3179 spiritalia
1099 3096 1156 3159 illa
1172 3093 1293 3158 lumina

96 3224 122 3264 or
142 3226 311 3289 corporum
335 3210 514 3271 nostrorum
538 3205 807 3284 circumferemus,
827 3203 1045 3287 incorporeum
1064 3205 1168 3268 Deum
1187 3200 1294 3266 omnia

142 3316 307 3397 regentem
341 3312 436 3377 etiarn
465 3331 520 3396 per
549 3330 679 3394 corpora
707 3311 939 3376 contuebimur.
973 3311 1038 3374 Aut
1064 3329 1139 3393 ergo
1168 3309 1215 3373 sic
1237 3325 1294 3390 per

141 3420 218 3484 illos
243 3419 352 3484 oculos
376 3419 537 3484 uidebitur
555 3418 653 3496 Deus,
677 3421 715 3482 ut
737 3417 857 3500 aliquid
881 3417 1019 3482 habeant
1036 3417 1065 3480 in
1087 3419 1176 3480 tanta
1193 3414 1292 3478 excel-

237 3699 270 3753 τε
288 3698 365 3751 nom.
386 3698 410 3766 1,
429 3697 464 3752 so
521 3698 552 3751 rr
575 3698 598 3752 1.
617 3696 679 3751 cor.
699 3697 742 3765 13,
762 3697 796 3750 12

183 3863 266 3920 laed
285 3864 409 3934 spiritum
430 3881 463 3930 a,·
481 3863 529 3918 sed
549 3865 682 3935 spiritub
736 3867 801 3920 3et
819 3865 950 3934 spirituc
1003 3862 1105 3916 ldeoe
1124 3866 1199 3914 erte
1235 3825 1293 3912 ¹¹ita

144 3953 256 4026 quidem
276 3957 352 4018 suein
370 3970 405 4010 m.
424 3969 476 4008 rec.
496 3970 564 4007 corr.
584 3954 600 4007 b
647 3957 662 4008 6
683 3955 751 4008 ocul.
772 3971 912 4058 cmpprp
958 3953 992 4005 12
1012 3967 1070 4004 esse
1089 3967 1139 4004 oar.
1161 3967 1173 4020 ρ
1193 3948 1291 4003 Domb.

142 4071 266 4126 humana
285 4087 304 4124 a
387 4073 453 4123 tunc
473 4087 584 4140 corpora
603 4070 690 4138 celip
770 4067 946 4137 noue,rdrnb
1038 4068 1072 4120 14
1090 4063 1293 4136 gestabimusb

146 4189 180 4242 15
201 4202 308 4256 quaque
324 4203 361 4254 p;
378 4150 484 4255 quaqub
551 4187 583 4239 17
604 4189 632 4239 et
650 4201 701 4240 oar.
722 4185 790 4240 abc
857 4186 892 4239 20
910 4184 1066 4253 motusque]
1086 4183 1115 4236 in
1134 4199 1166 4236 ea
1185 4179 1258 4250 quod
1277 4180 1293 4234 b

144 4278 181 4332 22
200 4275 388 4330 uidebimusb
434 4275 469 4328 23
487 4291 577 4343 nequa
596 4275 722 4328 eamusb
768 4275 804 4327 26
822 4291 870 4343 per
885 4273 949 4326 illos
968 4273 1059 4327 oculos
1078 4273 1151 4326 sice
1196 4271 1228 4324 27
1244 4271 1294 4324 ha·

143 4365 231 4420 beant
248 4363 353 4433 aliquid
366 4381 388 4433 ρ
