3192 4959
306 433 371 496 470
656 429 682 481 S.
710 427 869 480 Aurelii
897 425 1111 493 Augustini

304 626 403 690 facies
422 626 526 689 luerat
545 624 650 688 deleta
669 623 801 688 diluuio.
828 593 902 702 Qui
926 624 1060 685 autem
1084 638 1186 683 nunc
1211 621 1316 692 sunt,
1340 615 1444 698 iuquit,

305 731 411 794 caeli
449 734 488 794 et
525 734 644 806 terra,
683 729 820 793 eodem
857 729 980 793 uerbo
1014 727 1193 809 repositi
1227 727 1330 794 suut,
1367 723 1445 807 igni

304 836 545 901 reseruandi
568 837 605 900 iu
627 836 730 901 diem
749 835 900 900 iudicii
921 839 959 899 et
977 825 1231 917 perditionis
1250 831 1446 896 hominum

304 942 517 1026 inpiorum.
541 942 676 1007 Proinde
700 942 754 1023 qui
779 942 859 1006 caeli
883 947 915 1005 et
939 960 1020 1023 quae
1042 945 1134 1014 terra,
1158 939 1270 1018 idest,
1290 939 1345 1020 qui
1366 955 1447 1000 muu-
1548 1003 1549 1018 χ

305 1050 365 1114 dus
393 1069 448 1133 pro
477 1071 513 1115 eo
542 1051 670 1125 mundo,
700 1051 755 1132 qui
783 1050 905 1115 diluuio
935 1049 1038 1132 periit,
1069 1067 1104 1112 er
1128 1047 1238 1111 eadem
1262 1064 1345 1127 aqua
1365 1061 1483 1123 repo-o
1548 1081 1549 1126 p

305 1157 388 1220 situs
422 1160 482 1233 est,
514 1158 583 1238 ipse
609 1157 678 1240 igni
706 1157 882 1221 nouissimo
911 1159 1092 1220 reseruntur
1119 1153 1151 1217 in
1176 1153 1261 1216 diem
1288 1151 1396 1216 iudicii
1418 1153 1448 1212 et
1548 1167 1549 1236 Τ

304 1262 491 1345 perditionis
529 1264 694 1327 bominum
730 1262 900 1345 inpiorum.
947 1261 1029 1326 Nam
1068 1266 1100 1324 ot
1132 1260 1296 1324 hominum
1328 1261 1447 1339 propter

304 1387 451 1451 magnam
480 1369 636 1450 quondam
666 1369 950 1434 commutationem
978 1386 1038 1431 non
1068 1366 1195 1430 dubitat
1222 1365 1325 1428 dicare
1353 1361 1446 1444 perdi·

304 1475 424 1538 tionem
452 1475 602 1551 futuram,
631 1495 704 1539 oum
726 1480 834 1540 tamen
863 1493 972 1538 eorum
996 1471 1143 1554 quamuis
1167 1472 1198 1535 iu
1223 1471 1359 1534 aeternis
1382 1487 1446 1552 poe·
1548 1469 1549 1482 ¹

305 1580 353 1644 uis
391 1581 434 1645 sit
470 1601 619 1644 mansura
653 1584 775 1646 natura.
815 1580 953 1661 Quaerat
988 1579 1122 1643 forsitan
1156 1577 1283 1659 aliquis,
1322 1577 1349 1640 si
1380 1578 1447 1657 post
1462 1598 1482 1632 u

303 1687 425 1750 lactum
461 1685 616 1750 iudicium
652 1686 715 1750 iste
751 1685 890 1750 muudus
927 1684 1060 1764 ardebit,
1100 1687 1268 1766 antequam
1306 1701 1360 1763 pro
1396 1680 1446 1744 illo

306 1792 429 1856 caelum
454 1811 573 1854 nouum
597 1795 630 1854 et
652 1794 736 1856 terra
759 1810 843 1856 noua
865 1795 1045 1873 reponatur,
1070 1809 1106 1854 eo
1130 1789 1201 1873 ipso
1220 1793 1363 1870 tempore
1382 1806 1446 1851 con·

304 1897 501 1981 flagrationis
529 1898 598 1962 eius
625 1898 682 1961 ubi
710 1901 801 1962 erunt
830 1898 942 1976 sancti,
971 1917 1043 1963 cum
1069 1917 1122 1962 eos
1148 1897 1301 1961 habentes
1325 1913 1446 1976 corpora

304 2004 337 2068 iu
365 2004 471 2086 aliquo
500 2005 654 2085 corporali
681 2006 751 2069 loco
780 2025 850 2069 esse
879 2023 1009 2069 necesse
1038 2003 1090 2070 sit.
1119 2004 1299 2068 Possumus
1325 2019 1444 2082 respou-

306 2109 378 2173 dere
410 2111 536 2176 firturos
566 2129 619 2175 eos
648 2130 719 2176 esse
746 2111 778 2175 in
808 2110 1025 2194 superioribus
1049 2110 1205 2192 portione,
1239 2127 1302 2190 quo
1324 2107 1368 2171 ita
1389 2123 1442 2168 non
1460 2125 1478 2167 n

306 2215 478 2280 adscendet
500 2217 627 2280 flamma
649 2217 738 2281 illius
762 2217 908 2292 incendii,
938 2237 1031 2301 quem
1061 2217 1101 2280 ad
1128 2216 1258 2280 modum
1288 2233 1343 2278 uec
1369 2210 1444 2276 unda

306 2322 430 2388 diluuii.
458 2323 548 2386 Talia
577 2322 693 2406 quippe
721 2323 787 2387 illis
815 2324 943 2387 inerunt
972 2341 1111 2406 corpora,
1140 2325 1178 2387 ut
1205 2321 1274 2385 illic
1297 2320 1366 2394 siut,
1393 2317 1441 2380 nbi

305 2448 376 2494 esse
402 2429 571 2494 noluerint.
600 2427 661 2494 Sed
690 2448 748 2493 uec
775 2429 882 2512 ignem
911 2429 1165 2513 conflagrationis
1193 2428 1281 2492 illius
1309 2424 1442 2508 pertime-

306 2538 395 2600 scent
417 2535 601 2600 inmortales
625 2535 729 2617 adque
752 2537 1005 2619 incorruptibiles
1029 2537 1116 2612 saneti,
1147 2537 1175 2600 si
1197 2536 1337 2599 uirorum
1354 2529 1440 2595 trium

305 2642 524 2724 corruptibilia
545 2661 675 2725 corpora
698 2641 800 2724 adque
825 2644 971 2708 mortalia
992 2643 1023 2706 in
1049 2643 1171 2707 camino
1196 2642 1316 2706 ardenti
1333 2639 1441 2702 inlaesa
1455 2659 1476 2697 so

305 2748 415 2812 uiuere
438 2753 620 2830 potuerunt.

735 2941 872 3006 CAPUT
895 2941 985 3006 XVII
1005 2941 1027 3004 1.

307 3044 409 3156 Qu'io
433 3081 651 3161 apostolus
676 3082 832 3146 Paulus
857 3081 1308 3147 Thessalonicensibus
1332 3075 1440 3156 serip-

308 3185 415 3248 serit
448 3185 492 3248 de
526 3186 867 3252 manifestatione
904 3187 1169 3266 Antichristi,
1209 3186 1326 3250 cuius
1360 3189 1440 3247 tem·

538 3312 612 3374 pus
637 3293 724 3358 dies
749 3294 910 3358 Domini
934 3294 1223 3376 subsequetur.
1454 3313 1473 3351 a

350 3431 470 3495 Multas
495 3433 697 3515 euangelicas
722 3435 977 3517 apostolicasque
1003 3435 1175 3500 sententias
1200 3435 1238 3498 de
1264 3434 1363 3498 diuino
1384 3429 1438 3492 isto

304 3536 423 3601 iudicio
460 3539 636 3603 nouissimo
675 3540 769 3605 uideo
807 3542 884 3605 mihi
923 3562 992 3607 esse
1025 3541 1282 3626 praetereundas,
1319 3559 1354 3603 ne
1386 3535 1438 3597 hot

306 3644 456 3707 uolumen
497 3644 529 3708 iu
567 3646 698 3710 nimiam
739 3647 973 3730 longitudinem
1011 3649 1234 3732 prouoluatur;
1278 3646 1328 3711 sed
1361 3640 1437 3705 nullo

306 3748 399 3812 modo
433 3752 484 3813 est
514 3753 762 3832 praetereundus
795 3755 959 3836 apostolus
993 3755 1124 3830 Paulus,
1159 3754 1213 3835 qui
1247 3753 1374 3817 scribens
1405 3742 1437 3806 ad

400 4010 432 4062 19
451 4009 521 4066 Dan.
540 4011 566 4073 3,
587 4012 620 4066 25

345 4130 457 4185 3diee
513 4134 544 4187 11
564 4135 680 4189 mundus
699 4137 781 4192 istev
834 4139 867 4192 14
886 4138 933 4207 sit]
956 4146 997 4192 est
1012 4139 1037 4208 Ιοι
1089 4142 1120 4193 15
1142 4155 1200 4192 esse
1222 4137 1294 4192 eosb
1341 4133 1369 4185 18
1383 4145 1434 4198 per·

308 4218 515 4275 timescerente
594 4226 626 4276 19
646 4225 668 4277 si
687 4244 764 4290 aoso.;
782 4227 887 4280 sicuto
964 4229 998 4282 20
1018 4229 1110 4280 uiuere
1129 4227 1267 4281 inlaesae·
1331 4222 1362 4274 ut
1380 4217 1433 4270 sub·

311 4309 469 4378 sequiturp
525 4312 559 4365 sss
578 4313 756 4380 protendatur
775 4333 793 4368 α
849 4317 882 4369 ‘29
902 4316 1002 4370 Paulus
1022 4333 1072 4372 ono.
1093 4315 1108 4368 t
