3192 4959
319 444 383 507 186
657 441 685 495 S.
712 440 870 495 Aurelii
897 440 1114 509 Augustini

317 632 413 698 ficent
448 634 600 710 carnales,
638 634 693 716 qui
726 653 761 698 ee
798 634 839 699 ad
869 636 1098 699 testamentum
1132 653 1251 698 nouum
1285 634 1463 699 existimant

318 740 494 823 pertinere?
526 740 646 805 Ambae
681 740 798 823 quippe
832 742 864 804 et
896 760 1007 805 uxores
1039 740 1184 805 Abrahae
1213 745 1246 807 et
1273 742 1462 807 concubinae

319 850 395 911 sunt
427 848 615 929 appellatam
650 846 742 912 Sarra
773 866 849 912 uero
882 866 1056 929 numquam
1090 848 1173 912 dicta
1204 853 1253 913 est
1281 848 1462 914 concubina.

318 954 400 1018 Nam
424 957 457 1018 et
479 954 603 1037 quando
628 955 702 1018 data
725 957 774 1019 eet
796 958 883 1039 Agar
905 954 1060 1033 Abrabae,
1085 954 1130 1019 ita
1153 956 1306 1038 scriptum
1330 957 1393 1019 eet:
1419 956 1462 1019 nt

319 1060 590 1145 adprehendit
631 1059 728 1125 Sara
770 1080 865 1125 uxor
902 1061 1045 1125 Abram
1081 1062 1187 1146 Agar
1222 1060 1501 1145 Aegyptiama
1572 1074 1573 1077 ’

319 1168 515 1233 ancillam
553 1188 663 1233 suam
700 1172 793 1249 poet
826 1168 962 1232 decem
995 1186 1129 1246 annea,
1163 1187 1277 1249 quam
1309 1168 1463 1232 habita-

317 1278 435 1340 uerat
457 1275 601 1338 Abram
624 1275 663 1338 in
686 1277 795 1338 terra
815 1273 1009 1349 Obanaan,
1030 1279 1069 1340 et
1086 1274 1199 1339 dedit
1218 1294 1300 1339 eam
1319 1275 1462 1340 Abram

318 1382 407 1445 uiro
442 1400 514 1445 suo
546 1380 629 1463 ipsi
660 1400 831 1445 uxorem.
869 1381 917 1446 De
950 1380 1080 1447 Cettura
1113 1385 1229 1459 autem,
1263 1402 1358 1465 quam
1390 1388 1464 1465 post

319 1488 440 1552 obitum
466 1486 576 1552 Sarrae
596 1487 728 1570 accepit,
750 1488 796 1552 sic
814 1487 946 1571 iegitur:
970 1487 1166 1553 Adiciens
1191 1492 1321 1553 autem
1345 1488 1463 1551 Abra·
1572 1498 1573 1507 ’

319 1594 405 1658 ham
430 1594 579 1658 sumsit
600 1613 775 1671 uxorem,
799 1594 864 1657 cui
887 1613 1026 1659 nomen
1047 1593 1225 1661 Cettura.
1250 1595 1332 1659 Ecce
1352 1594 1502 1658 ambacu
1572 1582 1573 1621 ³

318 1699 466 1765 dicuntur
492 1719 618 1775 uxores3
647 1700 758 1764 ambae
786 1719 878 1781 porro
908 1700 1101 1765 concubinae
1129 1701 1229 1765 fuisse
1253 1700 1462 1782 reperiuntur,
1571 1692 1573 1727 ³

318 1810 432 1890 postea
450 1807 574 1872 dicente
594 1808 766 1890 scriptura:
786 1806 909 1871 Dedit
933 1811 1064 1872 autem
1089 1806 1287 1872 Abraham
1313 1827 1463 1872 omnem
1571 1832 1573 1847 ¹

319 1913 1463 1991 censumeuumIeaaciiliosuo‚etiiliieconcubinarum
1571 1922 1573 1953 ³

320 2039 481 2083 suarum
515 2020 630 2084 dedit
667 2019 867 2084 Abrabam
906 2020 1095 2085 dationes
1130 2024 1168 2084 et
1201 2020 1363 2085 dimisit
1397 2038 1463 2084 eos
1571 2068 1573 2111 2

320 2125 364 2189 ab
389 2126 506 2190 Isaac
529 2126 623 2190 filio
649 2146 720 2191 suo
745 2126 876 2191 adhuc
905 2146 946 2191 ae
979 2128 1074 2192 uiuo
1108 2129 1153 2192 ad
1187 2128 1395 2200 orientem,
1426 2127 1462 2190 in
1482 2148 1503 2187 n
1571 2120 1573 2189 i

318 2236 467 2296 terram
487 2232 671 2296 orientis.
692 2231 819 2297 Habent
838 2252 911 2315 ergo
931 2232 1082 2297 nonnulla
1102 2252 1231 2296 munera
1245 2232 1303 2296 filii
1318 2234 1465 2298 concubi-

317 2358 439 2415 narum,
464 2338 520 2403 sed
543 2358 603 2404 non
627 2338 818 2421 perueniunt
841 2339 879 2402 ad
903 2358 1035 2424 regnum
1058 2340 1262 2421 promissum,
1282 2357 1340 2402 nec
1358 2338 1464 2403 haere·

317 2446 384 2523 tici,
408 2464 466 2510 nec
488 2445 600 2510 Iudaei
624 2447 776 2523 carnales,
802 2446 876 2528 quia
897 2449 1023 2527 praeter
1044 2446 1135 2510 Isaac
1157 2445 1264 2509 nullus
1289 2448 1339 2509 eat
1362 2445 1464 2519 heres,
1570 2462 1572 2495 ³

322 2555 354 2615 et
382 2572 457 2616 non
487 2553 556 2634 qui
583 2553 671 2616 filii
700 2553 844 2629 carnis,
873 2553 914 2616 hi
942 2552 1028 2617 filii
1056 2553 1139 2629 Dei,
1170 2552 1239 2617 aed
1267 2552 1355 2616 filii
1383 2572 1465 2635 pro-

318 2659 530 2723 missionis
560 2659 810 2741 deputantur
838 2660 875 2722 in
905 2659 1066 2736 semine,
1096 2658 1134 2722 de
1163 2678 1228 2741 quo¹
1250 2658 1371 2722 dictum
1397 2661 1505 2723 esua

318 2765 361 2829 In
398 2766 514 2829 Isaac
551 2764 773 2829 uocabitur
804 2765 884 2829 tibi
920 2785 1060 2830 semen.
1096 2765 1209 2846 Neque
1242 2764 1325 2828 enirn
1358 2765 1465 2841 uideo,
1570 2838 1571 2851 χ

318 2891 400 2953 quur
432 2872 528 2935 etiam
562 2870 693 2935 Cettura
718 2875 794 2954 post
821 2872 925 2936 uxoris
954 2874 1088 2936 mortem
1117 2870 1222 2947 ducta,
1251 2872 1313 2935 nisi
1337 2878 1466 2955 propter
1570 2854 1571 2869 ¹

317 2979 377 3043 hoc
409 2978 609 3060 mysterium,
642 2977 728 3041 dicta
756 2977 800 3042 sit
827 2978 1010 3043 concubina.
1039 2976 1100 3041 Sed
1129 2978 1273 3059 quisquis
1302 2978 1381 3043 haec
1405 2998 1465 3043 non

316 3085 390 3149 uult
411 3086 442 3149 in
466 3084 538 3149 istis
563 3084 849 3168 significationibus
875 3084 1026 3167 accipere,
1051 3102 1111 3149 non
1136 3085 1349 3149 calumnietur·
1367 3085 1466 3149 Abra-

316 3192 386 3256 hae.
421 3189 504 3269 Quid
537 3191 565 3255 si
598 3191 681 3255 enim
715 3195 747 3255 et
778 3191 838 3255 boc
870 3191 1035 3273 prouisum
1070 3195 1119 3255 est
1150 3194 1259 3255 contra
1287 3191 1465 3256 haereticos
1483 3215 1505 3255 a
1569 3218 1570 3235 ³

316 3298 441 3363 futuros
470 3297 680 3363 secundarum
708 3297 907 3362 aduersarios
936 3297 1128 3381 nuptiarum,
1158 3302 1194 3361 ut
1221 3298 1253 3360 in
1281 3297 1352 3380 ipso
1376 3300 1466 3381 patre

316 3405 489 3469 multarum
526 3404 669 3488 gentium
705 3408 779 3485 post
817 3404 938 3469 obitum
974 3405 1118 3487 coniugis
1152 3403 1267 3467 iterum
1300 3404 1464 3489 coniugari

317 3510 585 3575 demonstraretur
608 3531 669 3575 non
694 3530 763 3575 esse
787 3514 976 3593 peccatum?
1000 3512 1040 3575 Et
1059 3514 1204 3575 mortuus
1224 3512 1274 3573 est
1292 3511 1464 3585 Abraham,
1568 3544 1569 3569 r

317 3633 389 3678 cum
414 3619 500 3680 esset
523 3636 673 3680 annornm
698 3620 826 3679 centum
851 3616 1053 3699 septuaginta
1079 3615 1281 3698 (quinque).
1300 3618 1465 3681 Annorum

406 3856 608 3921 oceanea
647 3859 680 3912 12
699 3857 735 3911 ro.
755 3859 800 3921 ao,
822 3858 940 3927 aasq.
980 3860 1013 3912 19
1032 3858 1108 3911 nom,
1129 3858 1192 3925 aa
1233 3860 1264 3912 21
1287 3858 1354 3912 cen.
1371 3862 1413 3922 21.
1431 3860 1465 3912 12
1567 3834 1568 3883 ³

317 3944 537 4007 ascendat

353 4068 444 4123 duint
465 4068 500 4122 V¹
554 4068 698 4138 cquando
719 4072 780 4122 eta
853 4070 981 4125 scribtum
1001 4072 1100 4124 ammae
1120 4074 1161 4123 eut
1181 4070 1207 4124 V
1254 4072 1349 4125 deam
1371 4088 1418 4126 om.
1441 4070 1468 4122 V

316 4157 505 4211 inurereme
560 4160 592 4210 15
612 4175 641 4211 se
660 4158 736 4227 uiuo]
756 4174 854 4212 seuoe
910 4161 941 4213 16
960 4164 1068 4228 terrap
1122 4160 1155 4213 19
1175 4159 1221 4228 qui
1240 4176 1328 4214 none
1383 4160 1415 4215 20
1436 4160 1463 4211 in
1566 4180 1567 4201 ÷

316 4246 428 4315 nemine]
449 4247 718 4314 cfiwprap.182,
738 4250 773 4300 21
836 4250 869 4301 25
889 4248 941 4301 hoo
960 4266 1011 4302 om.
1030 4248 1055 4301 e¹
1123 4250 1157 4301 29
1178 4255 1202 4301 ed
1221 4252 1287 4311 187,
1306 4254 1322 4302 1
1344 4250 1463 4319 quinque

317 4351 368 4387 cm.
388 4334 466 4388 codd.
