3192 4959
319 429 384 492 670
665 422 879 482 S.‚Aurelii
907 421 1123 491 Augustini

316 639 418 703 usque
443 619 481 684 ad
510 617 820 702 transmigrationem
848 617 880 681 in
904 615 1124 699 Babyloniam,
1154 615 1249 680 tertia
1270 615 1345 680 inde
1367 633 1463 698 usque

318 727 358 791 ad
381 725 499 792 Christi
523 725 679 790 carnalem
703 723 915 790 natiuitatem.
941 723 1038 788 Fiunt
1058 723 1167 804 itaque
1187 742 1297 788 omnes
1317 723 1463 805 quinque.

318 833 413 898 Sexta
443 851 525 897 nune
553 832 659 916 agitur
682 831 769 896 nullo
800 831 1038 915 generationum
1062 848 1193 894 numero
1216 829 1379 894 metienda
1401 849 1463 912 pro·

317 943 387 1024 pter
414 939 446 1002 id
476 938 561 1022 quod
591 938 713 1002 dictum
741 939 809 1002 est:
837 938 921 1003 Non
952 941 1016 1002 est
1037 941 1221 1002 uestrum
1245 937 1354 1002 seire
1378 940 1464 1000 tem·

317 1065 423 1130 pora,
448 1064 548 1128 quae
573 1044 693 1109 Pater
716 1043 859 1126 posuit
881 1045 919 1108 in
945 1063 1016 1108 sua
1039 1045 1260 1126 potestate.
1284 1043 1367 1108 Post
1388 1042 1499 1106 banea

316 1157 479 1234 tamquam
503 1152 535 1215 in
560 1150 610 1216 die
634 1149 770 1233 septimo
795 1149 974 1233 requieseat
996 1149 1095 1228 Deus,
1127 1169 1200 1214 eum
1223 1149 1361 1214 eundem
1386 1149 1463 1213 diem

317 1260 500 1341 septimum,
525 1257 610 1340 quod
633 1276 689 1322 nos
709 1258 839 1334 erimus,
862 1257 895 1321 in
914 1277 949 1322 se
967 1257 1037 1341 ipso
1058 1257 1125 1323 Deo
1145 1257 1243 1323 faeiat
1259 1257 1463 1339 requiescere.

317 1365 364 1430 De
392 1366 464 1430 istis
492 1382 583 1448 porro
614 1364 773 1429 aetatibus
803 1364 939 1448 singulis
963 1383 1046 1429 nune
1071 1365 1241 1450 diligenter
1262 1366 1398 1448 longum
1420 1367 1464 1428 est

316 1473 494 1556 disputare;
524 1471 601 1536 haee
624 1474 730 1536 tamen
755 1472 893 1554 septima
915 1471 975 1536 erit
1001 1472 1171 1538 sabbatum
1194 1476 1354 1549 nostrum,
1377 1471 1464 1536 euius

316 1578 388 1642 fiola
412 1597 472 1643 non
497 1579 557 1642 erlt
579 1596 723 1660 uespera,
745 1576 802 1642 sed
820 1577 999 1643 dominicus
1018 1578 1086 1644 dies
1105 1578 1197 1644 uelut
1215 1582 1351 1643 oetauue
1370 1583 1463 1641 aeter.
1478 1596 1497 1635 o

317 1705 387 1762 nus,
423 1685 478 1768 qui
516 1684 635 1750 Christi
671 1684 902 1749 resurreetione
939 1688 1082 1751 sacratus
1116 1689 1176 1762 est,
1213 1688 1374 1750 aeternam
1407 1703 1462 1748 non

317 1793 421 1857 solum
450 1791 592 1875 spiritus,
621 1811 732 1855 nerum
767 1791 863 1856 etiam
896 1793 1036 1874 eorpon's
1064 1791 1209 1875 requiem
1240 1792 1461 1876 praefigurans.

316 1899 365 1964 Ibi
389 1897 574 1964 uaeabimus
599 1901 630 1963 et
653 1885 847 1976 uidebimus,
871 1897 1054 1963 uidebimus
1078 1900 1111 1962 et
1134 1897 1323 1973 amabimus,
1348 1895 1459 1960 amabi·

317 2023 389 2069 mus
417 2008 448 2070 et
475 2003 689 2069 laudabimus.
717 2005 800 2070 Ecee
828 2005 912 2087 quod
940 2005 1000 2069 erit
1026 2005 1058 2068 in
1086 2004 1147 2070 line
1176 2005 1244 2068 sine
1275 2003 1347 2069 fiae.
1379 2003 1455 2068 Nam

317 2111 389 2194 quis
418 2110 499 2176 alius
528 2114 636 2176 noster
663 2113 713 2176 est
739 2111 812 2176 finis
840 2111 903 2176 nisi
934 2111 1101 2196 peruenire
1129 2111 1168 2176 ad
1195 2130 1341 2195 regnum,
1374 2110 1492 2174 euinse

316 2217 425 2282 nullus
450 2221 500 2282 est
522 2217 616 2281 finis?

361 2323 478 2388 Videor
504 2323 584 2388 mibi
613 2325 755 2390 debitum
782 2325 921 2408 ingentis
949 2325 1045 2390 buius
1074 2325 1179 2408 operis
1209 2324 1378 2389 adiuuante
1399 2321 1453 2386 Do-

316 2429 401 2495 mino
424 2429 612 2496 reddidisse.
637 2430 760 2510 Quibus
783 2451 897 2514 parum
923 2431 977 2496 uel
1005 2431 1121 2514 quibus
1144 2430 1280 2496 nimium
1303 2435 1361 2507 est,
1383 2427 1451 2492 mihi

315 2536 497 2621 ignoscant3
523 2537 639 2620 quibus
663 2543 769 2603 autem
794 2539 874 2604 satis
898 2542 958 2617 est,
981 2557 1043 2604 non
1061 2538 1150 2617 mihi,
1175 2537 1232 2602 sed
1250 2536 1319 2602 Deo
1336 2554 1449 2600 meeum

317 2645 434 2725 gratias
459 2644 717 2728 congratulantes
743 2650 849 2730 agant.
872 2644 983 2710 Amen.
1462 2661 1484 2700 ’Φ

404 2831 500 2884 lant.
522 2831 581 2898 1,7

350 2955 505 3008 anessae
577 2954 758 3045 bseptimum
777 2953 883 3009 Demo
938 2956 1129 3026 leeptimnm]
1149 2957 1344 3025 sempIternmn
1361 2957 1447 3011 oman

315 3077 422 3132 diemb
514 3077 581 3132 deus
601 3095 620 3130 a
715 3055 840 3149 8'porro,
858 3081 891 3133 ia
908 3058 1119 3150 marq'antee
1192 3083 1226 3136 10
1246 3081 1403 3151 dominicus]
1419 3079 1447 3132 de

314 3192 475 3250 omnibusb
549 3193 607 3246 dies
625 3194 703 3248 uelut
721 3152 892 3249 VllI.urdies
911 3196 1055 3267 qtemusb
1111 3197 1144 3252 13
1163 3197 1211 3250 ubi
1230 3215 1274 3252 ae
1346 3199 1446 3251 olim

315 3281 464 3336 amabimus
483 3298 533 3335 om.
554 3283 597 3336 ab
655 3284 688 3337 14
704 3283 797 3338 uerbis
816 3285 885 3337 Eece
904 3285 976 3353 qnod
991 3285 1096 3354 finitur
1113 3287 1163 3341 eol.
1182 3287 1243 3353 Η.
1263 3291 1330 3349 289,
1347 3303 1363 3340 o
1379 3287 1406 3340 is
1421 3284 1447 3339 b:

312 3370 422 3437 reliqna
444 3371 531 3424 amba
555 3374 607 3424 erit
630 3372 658 3425 in
682 3373 734 3426 flns
759 3389 818 3441 sqq.
838 3389 872 3426 m.
892 3376 912 3427 2
929 3373 961 3426 ia
978 3375 1102 3443 marys'ne
1122 3375 1258 3443 Inferiore
1275 3378 1376 3445 serapte
1390 3379 1446 3427 aaut

315 3459 348 3512 15
368 3459 427 3528 quis
447 3459 509 3513 etl)
581 3461 615 3515 16
635 3460 735 3531 nullus]
755 3479 810 3516 non
830 3480 847 3513 α
922 3463 954 3516 17
974 3461 1054 3516 huius
1072 3461 1194 3533 ingentis
1214 3481 1233 3516 a
1308 3467 1339 3519 19
1356 3462 1444 3534 gratias

312 3563 416 3600 meeum
437 3547 452 3600 b
544 3549 579 3602 20
598 3549 802 3618 eugratnlantes
822 3552 838 3605 b
911 3568 988 3605 amen
1010 3567 1093 3618 anm
1111 3568 1199 3605 amen.
1219 3569 1299 3608 amen
1317 3571 1330 3624 ρ
1348 3550 1444 3609 Deae:

312 3653 363 3689 om.
385 3635 424 3689 be
487 3635 722 3705 Subscriptioaes:
740 3639 918 3696 EXPLICIT.
937 3641 1012 3695 DEO
1032 3639 1230 3696 senellae
1292 3637 1442 3697 EXPLICIT

311 3723 422 3777 LIBER
445 3724 642 3780 VICESIMVS
666 3727 855 3782 SECVNDVS
879 3727 975 3795 (xxn.
997 3735 1021 3801 ρ)
1047 3718 1104 3785 SCI
1128 3729 1325 3785 AVGVSTIRI
1341 3729 1386 3784 DE
1402 3725 1442 3782 Cl-

314 3811 443 3866 VITATE
463 3813 526 3867 DEI
546 3831 588 3883 ap
660 3815 826 3873 EXPLICIT
845 3818 954 3872 LIBER
974 3819 1067 3873 ¹llXIl·
1086 3817 1285 3874 AVCVSTINI
1302 3814 1441 3874 11110111-

312 3900 405 3954 TATE
423 3901 486 3956 DEI
506 3901 650 3957 CONTRA
668 3904 847 3960 PAGANOS.
867 3907 978 3961 AMEN.
999 3907 1014 3960 b
1121 3907 1292 3963 EXPLICIT
1314 3901 1439 3982 comm

311 3989 481 4044 PAGANOS
500 3991 609 4044 LIBER
628 3993 822 4048 thESlMVS
837 3993 1025 4050 SECVNDVS
1039 3995 1175 4049 AVRELI
1188 3993 1379 4051 AVGVSTINI
1390 3979 1438 4046 EPI

311 4077 643 4135 YPPONIREGIENSIS
663 4082 842 4138 CIVITATIS
860 4084 924 4138 DEI
943 4103 961 4136 α
