3192 4959
358 446 409 500 De
438 448 612 502 ciuitate
641 448 702 502 dci
729 449 794 502 lib.
823 448 935 502 XVIIII.
964 465 1039 518 cap.
1070 449 1093 501 1.
1241 450 1304 514 367

156 661 280 706 summo
308 640 389 705 bono
419 642 563 723 quaestio
592 644 651 719 est,
679 642 736 706 sed
760 641 798 706 de
827 641 1021 707 adsumendo
1045 642 1098 706 uel
1126 661 1186 706 non
1213 642 1305 706 adsu-

155 749 267 813 mendo
297 748 383 813 socio
413 749 450 812 ad
479 749 575 812 huius
603 749 876 832 participationem
906 749 991 828 boni,
1020 768 1081 814 non
1112 751 1241 833 propter
1271 768 1305 812 se

153 857 270 940 ipsum,
294 856 351 920 sed
374 859 502 938 propter
524 854 657 919 eundem
682 856 818 933 socium,
843 859 879 920 ut
903 857 970 921 eius
990 856 1072 922 bono
1091 857 1137 920 ita
1155 855 1304 940 gaudeat,
1393 839 1396 846 ⁵

155 965 239 1027 sicut
267 962 386 1047 gaudet
409 982 478 1028 suo.
507 963 589 1027 Item
618 982 690 1027 cum
720 963 883 1045 quaeritur
909 964 947 1026 de
977 963 1176 1028 Academicis
1200 962 1303 1039 nouis,

126 1071 271 1153 equibus
299 1069 419 1134 incerta
447 1070 523 1134 suut
550 1069 665 1147 omnia,
693 1074 802 1135 utrum
829 1072 875 1134 ita
903 1071 968 1133 sint
995 1089 1045 1134 res
1075 1069 1247 1137 habendae.
1271 1069 1303 1132 in

154 1177 270 1258 quibus
293 1175 583 1258 philosophandum
607 1179 667 1252 est,
687 1196 735 1252 an,
760 1177 845 1241 sicut
863 1177 935 1241 aliis
954 1177 1153 1259 pbilosophis
1173 1176 1304 1262 placuit,

154 1287 255 1348 certas
285 1301 338 1346 eas
366 1282 482 1346 habere
507 1282 692 1347 debeamus:
722 1303 783 1347 non
808 1284 970 1366 quiaeritur
993 1284 1068 1365 quid
1092 1284 1123 1347 in
1147 1282 1220 1349 boni
1243 1282 1303 1347 fine

154 1389 338 1454 sectandum
368 1388 421 1465 sit,
451 1388 507 1453 sed
535 1388 574 1453 de
601 1389 703 1470 ipsius
732 1389 805 1454 boni
837 1391 984 1466 ueritate,
1010 1390 1094 1472 quod
1118 1389 1303 1454 sectandum

153 1495 291 1573 uidetur,
319 1499 428 1559 utrum
452 1495 495 1558 sit
518 1513 615 1559 necne
640 1496 863 1570 dubitandum;
893 1496 954 1560 boc
979 1500 1037 1573 est,
1062 1499 1099 1560 ut
1121 1495 1154 1560 id
1176 1495 1302 1578 planius

114 1625 136 1663 ιο
154 1603 293 1684 eloquar,
318 1605 424 1666 utrum
447 1603 494 1665 ita
518 1603 703 1666 sectandum
728 1603 780 1682 sit,
804 1607 851 1676 ut,
876 1603 930 1685 qui
955 1607 1104 1678 sectatur,
1130 1601 1214 1666 dicat
1232 1621 1303 1667 essa

152 1728 274 1783 uerum,
309 1729 346 1772 an
379 1707 436 1785 ita,
468 1713 516 1786 ut,
550 1710 604 1790 qui
638 1712 787 1786 sectetur,
826 1709 911 1773 dicat
943 1729 1054 1774 uerum
1093 1709 1154 1773 sibi
1191 1708 1302 1782 uideri,

154 1815 280 1879 etiamsi
303 1815 385 1880 forto
409 1816 453 1879 sil
476 1815 604 1893 falsum,
628 1820 734 1880 tamen
760 1819 893 1898 uterque
918 1819 1059 1881 sectetur
1082 1835 1181 1878 unum
1200 1815 1302 1896 adque

151 1922 236 1987 idem
269 1923 400 1987 bonum.
431 1923 468 1987 In
500 1923 557 1988 illa
588 1923 684 1987 etiam
718 1923 903 2002 differentia,
941 1944 1021 2005 quae
1061 1923 1230 1988 adhibetur
1267 1943 1302 1988 ex

152 2027 264 2093 babitu
297 2032 329 2093 et
362 2030 591 2095 consuetudine
625 2029 824 2112 Cynicorum,
857 2050 918 2095 non
951 2031 1122 2112 quaeritur,
1157 2029 1300 2111 quisnam
1386 2072 1389 2079 -

111 2157 135 2196 u
152 2132 195 2199 sit
221 2135 294 2199 finis
317 2136 407 2212 boni,
436 2136 493 2200 sed
520 2139 626 2200 utrum
655 2137 687 2201 in
715 2137 771 2200 illo
800 2137 912 2201 habitu
941 2139 974 2200 et
1002 2137 1230 2202 cousuetudine
1260 2137 1302 2200 sit

151 2242 326 2306 uiuendum
352 2243 392 2319 ei,
417 2244 472 2326 qui
495 2262 607 2308 uerum
632 2248 773 2308 sectatur
795 2244 924 2320 bonum,
950 2244 1115 2326 quodlibet
1138 2244 1167 2308 ei
1190 2262 1301 2307 uarum

150 2349 299 2412 uideatur
331 2367 401 2413 esse
434 2349 536 2430 adque
569 2349 766 2414 sectandum.
800 2349 943 2432 Denique
976 2349 1114 2424 fuerunt,
1146 2349 1199 2431 qui
1228 2368 1299 2412 eum

151 2455 278 2520 diuersa
304 2457 512 2537 sequerentur
538 2455 621 2519 bona
647 2455 763 2532 finalia,
793 2455 848 2519 alii
875 2457 1039 2532 uirtutem,
1068 2455 1122 2518 alii
1155 2455 1300 2536 uolupta-

149 2565 226 2639 tem,
255 2561 390 2626 enndem
417 2564 522 2626 tamen
550 2562 695 2626 habitum
725 2567 757 2628 et
784 2562 1046 2627 consuetudinem
1075 2562 1234 2636 tenebant,
1264 2581 1299 2624 er

108 2688 133 2728 ao
150 2688 211 2750 qua
236 2669 348 2752 Cynici
371 2669 617 2751 appellabantur.
645 2669 696 2732 Ita
717 2669 798 2733 illud
828 2668 983 2750 quidquid
1006 2671 1065 2748 est,
1094 2667 1176 2732 unde
1199 2667 1300 2750 pbilo-

150 2776 243 2858 sopbi
263 2774 372 2859 Cynici
392 2775 612 2840 discernuntur
632 2796 649 2839 a
669 2776 794 2853 ceteris,
815 2776 852 2840 ad
873 2776 1054 2860 eligendum
1074 2795 1110 2840 aa
1128 2775 1299 2839 tenendum

150 2882 280 2961 bonnm,
310 2903 372 2966 quo
396 2883 482 2947 beati
505 2881 625 2960 fierent,
654 2883 766 2965 utique
789 2882 835 2946 nil
859 2883 997 2948 ualebat.
1020 2883 1102 2947 Nam
1128 2881 1155 2946 si
1179 2881 1298 2964 aliquid

149 2989 189 3052 ad
229 2989 290 3054 hoe
330 2990 510 3066 interesset,
551 2989 693 3071 profecto
735 2990 820 3054 idem
862 2989 991 3054 habitus
1034 2990 1167 3054 eundem
1205 2988 1299 3052 linem

150 3097 241 3178 sequi
268 3098 406 3180 cogeret,
435 3099 467 3160 et
495 3096 641 3161 diuersus
670 3097 799 3161 habitus
829 3097 962 3162 eundem
992 3097 1084 3179 sequi
1111 3097 1204 3160 finem
1237 3113 1297 3160 non

106 3223 131 3261 aa
149 3203 277 3266 sineret

184 3449 199 3500 1
218 3447 264 3500 uel
282 3464 336 3501 non
355 3447 503 3502 asumendo
521 3466 556 3502 m.
576 3450 645 3504 din
662 3466 746 3519 uturp.
764 3467 783 3518 p
837 3449 853 3501 9
873 3448 900 3500 id
918 3464 979 3517 sup.
999 3449 1048 3502 lin.
1069 3466 1082 3502 a
1134 3407 1295 3516 lO'eloque-

147 3587 214 3633 mur,
232 3572 265 3626 in
282 3550 544 3643 marpseloquarffi
616 3591 675 3638 ease
693 3591 727 3626 m.
747 3578 762 3626 1
781 3573 930 3626 deletume
993 3574 1022 3627 11
1046 3589 1079 3626 err
1094 3613 1188 3628 .....
1203 3589 1296 3626 uerum

148 3677 198 3713 om.
218 3678 232 3714 c
321 3661 357 3715 20
376 3679 429 3730 qna
448 3663 635 3732 abeppco;
653 3679 706 3732 quo
727 3660 766 3731 pl
784 3661 883 3714 Domb.
980 3662 1084 3730 spinosi
1105 3662 1134 3727 b‚·
1154 3662 1262 3730 cyniaco
1282 3677 1295 3714 e

148 3751 184 3804 23
202 3751 282 3804 finem
300 3767 351 3804 om.
369 3751 398 3820 9¹
