3192 4959
288 434 329 496 88
638 429 664 482 s.
692 428 850 481 Aurelii
878 395 1109 496 Augustini*

288 625 417 708 pluuias
448 627 672 700 memorantur,
706 623 761 706 qui
794 623 862 688 dies
894 642 956 687 non
989 622 1079 687 binas
1109 642 1145 687 ao
1173 622 1267 705 paulo
1295 621 1436 704 amplius

288 733 380 796 horas
403 731 571 807 habebant,
596 731 652 796 sed
676 731 805 796 nioeuas
829 733 862 794 et
885 735 1053 811 quaternas
1077 729 1127 794 die
1150 734 1309 811 noctuque
1331 733 1436 794 haus·

289 841 384 904 aetas.
415 839 462 903 Ao
494 857 550 920 per
578 837 636 902 hoo
670 841 734 902 tam
761 855 894 921 magnos
925 856 1023 902 anuos
1056 836 1202 902 aixerunt
1233 836 1281 900 illi
1313 836 1436 918 antiqui

288 963 391 1027 usque
415 945 552 1027 amplius
576 963 669 1026 quam
688 946 876 1028 nongentos,
895 948 1031 1027 quantos
1049 949 1160 1026 postea
1177 944 1260 1008 uiuit
1275 944 1436 1008 Abraham

290 1055 416 1116 eentum
449 1051 651 1135 septuaginta
683 1053 715 1114 et
747 1054 823 1132 post
853 1069 927 1116 eum
964 1050 1051 1115 filius
1084 1050 1153 1114 eius
1185 1050 1276 1114 Isaac
1307 1053 1437 1116 eentum
1467 1069 1480 1107 ⁶

290 1157 452 1242 octogiuta
480 1161 512 1222 et
538 1157 625 1222 filius
654 1157 722 1222 eins
746 1157 841 1221 Iaoob
870 1175 968 1240 prope
992 1162 1119 1221 eentum
1143 1156 1381 1240 qninquaginta,
1404 1161 1438 1220 et

290 1267 425 1345 quantos
457 1263 645 1347 interposita
675 1263 838 1346 aliquanta
865 1267 967 1328 aetate
995 1263 1125 1345 Moyses
1153 1265 1280 1327 eentum
1307 1262 1437 1346 uiginti,

292 1373 323 1434 et
352 1373 485 1452 quantos
515 1371 609 1434 etiem
633 1387 716 1434 nuno
739 1371 857 1434 uiuunt
884 1369 1026 1435 homiues
1051 1370 1253 1452 septuaginta
1274 1369 1328 1434 uel
1351 1373 1438 1434 0010-

291 1475 380 1560 ginta
411 1476 464 1540 uel
495 1495 556 1540 non
589 1475 690 1538 multo
729 1475 878 1556 amplius,
915 1475 953 1540 de
985 1475 1101 1557 quibus
1134 1475 1255 1540 dietum
1287 1479 1350 1542 est:
1390 1477 1439 1540 ut

292 1581 469 1663 emplius
494 1583 552 1647 eis
576 1582 693 1646 labor
716 1585 755 1646 et
778 1581 902 1647 dolor.
1457 1601 1482 1639 ro
1574 1628 1575 1675 ἢ

335 1689 395 1752 Illa
422 1707 497 1752 uero
521 1707 724 1754 numerorum
747 1689 896 1767 uarietas,
925 1707 1005 1771 quae
1027 1688 1109 1753 inter
1127 1689 1252 1754 codices
1276 1689 1438 1754 Hebraeos

292 1795 454 1860 inuenitur
482 1799 514 1860 et
540 1799 676 1874 nostros,
705 1813 806 1878 neque
834 1795 873 1860 de
901 1797 961 1860 hae
990 1796 1194 1878 antiquorum
1219 1796 1438 1880 longaeuitate

293 1901 450 1976 dissentit,
475 1906 506 1967 et
525 1902 553 1966 si
572 1902 649 1984 quid
667 1902 763 1968 habet
782 1903 828 1966 ita
847 1902 1019 1978 diuersum,
1039 1905 1077 1966 ut
1094 1921 1207 1966 uorum
1227 1921 1297 1967 esse
1316 1905 1439 1966 utrum·

293 2027 353 2090 qne
376 2028 436 2072 non
459 2011 571 2091 possit,
600 2029 704 2074 rorum
728 2013 891 2093 gestarum
913 2009 993 2073 fides
1017 2009 1055 2074 ab
1079 2028 1116 2074 ea
1137 2008 1248 2093 lingua
1269 2009 1441 2091 ‘repetenda

294 2116 353 2192 est,
382 2134 417 2179 er
446 2133 509 2199 qua
535 2117 778 2199 interpretatum
806 2120 857 2180 est
884 2115 970 2197 quod
996 2115 1161 2180 habemus.
1191 2113 1279 2193 Quae
1302 2115 1439 2180 facultas
1458 2132 1486 2173 ¹⁶

294 2239 366 2285 oum
389 2221 571 2287 uolentibus
596 2223 714 2304 ubique
738 2222 883 2306 gentium
905 2224 1031 2305 praesto
1052 2222 1104 2294 sit,
1129 2225 1315 2287 nontamen
1334 2228 1441 2298 uaoat,

226 2321 233 2329 ’
294 2327 378 2410 quod
402 2329 605 2414 septuaginta
627 2329 816 2411 interpretes
839 2329 870 2394 in
894 2329 1051 2408 plurimis,
1076 2348 1156 2412 quae
1181 2328 1309 2395 diuersa
1336 2328 1441 2393 dinero

293 2435 451 2512 uidentur,
485 2455 521 2500 ex
544 2437 698 2502 Hebraeis
732 2435 896 2501 oodioibus
929 2435 1095 2500 emendare
1127 2453 1226 2500 ausus
1259 2439 1310 2500 est
1334 2454 1440 2499 nemo.

293 2541 363 2606 Non
387 2543 472 2608 enim
496 2545 545 2608 est
567 2543 623 2607 illa
646 2543 818 2608 diuersitas
842 2545 955 2624 putata
977 2543 1189 2618 mendositas;
1213 2561 1271 2608 neo
1290 2561 1350 2624 ego
1373 2542 1441 2608 ullo

295 2647 388 2712 modo
415 2648 587 2730 putandam
622 2649 782 2714 existimo:
817 2650 873 2714 sed
900 2649 957 2714 ubi
985 2669 1047 2716 non
1075 2655 1126 2714 est
1153 2649 1316 2731 scriptoris
1346 2667 1440 2724 error,
1459 2665 1488 2704 so

294 2754 414 2835 aliquid
450 2773 504 2818 eos
542 2754 649 2820 diuino
688 2757 814 2838 spiritu,
851 2756 906 2820 ubi
944 2775 1058 2821 sensns
1091 2760 1178 2822 esset
1210 2759 1441 2821 consentaneus

294 2859 422 2923 ueritati
446 2865 478 2924 et
499 2861 685 2943 praedicans
709 2863 889 2938 ueritatem,
918 2881 979 2926 nou
1002 2861 1278 2944 interpretantium
1300 2879 1441 2936 munero,

295 2967 350 3030 sed
378 2968 633 3049 prophetantium
661 2968 809 3033 libertate
837 2969 929 3034 aliter
957 2968 1060 3033 dicere
1083 2968 1226 3033 uoluisse
1249 2967 1443 3033 eredendum

296 3077 353 3138 est¹
386 3073 477 3138 Unde
509 3076 623 3140 merito
656 3095 716 3141 non
751 3077 855 3139 solum
888 3075 1052 3153 Hebraeis,
1086 3094 1198 3140 uerum
1230 3074 1326 3139 etiam
1350 3075 1442 3168 ipsis,

296 3200 368 3244 oum
392 3180 522 3245 adhibet
544 3181 728 3247 testimonia
751 3181 788 3246 de
813 3182 991 3266 seripturis,
1015 3181 1064 3244 uti
1087 3182 1263 3266 apostoliea
1281 3181 1444 3246 inuenitur
1460 3195 1490 3236 ²⁵

295 3287 477 3353 auotoritas.
502 3287 563 3352 Sed
587 3287 660 3353 hino
683 3308 735 3353 me
759 3289 984 3371 opportuniore
1007 3290 1090 3364 loco,
1114 3289 1142 3353 si
1165 3289 1252 3354 Deus
1272 3287 1443 3364 adiuuerit,

254 3391 262 3406 ‘
295 3393 426 3476 promisi
460 3395 644 3478 diligentius
677 3397 875 3471 locuturum3
910 3415 992 3460 nuuc
1025 3394 1111 3478 quod
1141 3396 1242 3460 instat
1270 3393 1444 3476 expediam.

294 3499 365 3564 Non
395 3500 478 3564 enim
507 3501 730 3585 ambigendum
760 3504 811 3566 est
833 3502 872 3564 ab
896 3501 1034 3579 homine,
1055 3502 1109 3583 qui
1133 3519 1169 3564 er
1192 3501 1292 3584 primo
1316 3499 1445 3564 homine

384 3768 585 3834 attenuat
651 3769 753 3824 suen.
774 3771 818 3836 35,
837 3770 871 3824 28
939 3769 1042 3825 6Gen.
1061 3771 1158 3834 4128
1226 3771 1444 3836 spernant

296 3857 438 3920 arasa,
459 3858 493 3912 10

331 3983 348 4035 4
368 3983 413 4052 qui
433 3999 518 4052 nsque
537 4001 551 4037 e
650 4001 732 4052 nung.
757 3984 794 4050 V,·
812 3987 991 4054 nonagentos,
1010 4001 1024 4038 e
1042 4001 1075 4038 ex
1093 3984 1103 4036 i
1121 3999 1201 4046 corr,
1220 4000 1234 4037 e
1297 3985 1313 4037 5
1332 3988 1446 4052 septua-

298 4071 374 4140 ginta
392 4088 468 4138 mss.,·
487 4075 556 4142 sept.
576 4073 694 4142 quinque
712 4089 728 4126 n
792 4079 821 4126 et
838 4076 936 4142 post..
949 4078 1092 4142 ...octog
1111 4089 1163 4127 om.
1182 4073 1210 4126 b¹
1265 4073 1281 4125 7
1300 4089 1391 4126 moses
1409 4073 1445 4127 1⁷¹

299 4163 331 4214 12
350 4161 430 4231 longe
450 4164 506 4216 uite
526 4161 564 4228 e¹;
582 4163 701 4232 longana
719 4163 778 4216 uita¹
796 4161 823 4217 a²
891 4163 924 4216 19
941 4179 981 4231 aq.
1000 4180 1054 4216 non
1074 4162 1145 4216 enirn
1164 4162 1213 4216 illa
1231 4161 1377 4216 diuersitas
1395 4179 1447 4232 pu·

297 4249 381 4304 tanda
401 4253 442 4304 est
460 4251 627 4328 mendositas
642 4269 664 4320 p
732 4252 766 4306 20
784 4250 934 4321 putandum
954 4269 994 4320 ep
1062 4253 1096 4305 22
1114 4267 1225 4304 munere
1242 4265 1320 4318 mae,
1335 4267 1447 4306 morso

298 4339 332 4394 26
352 4339 539 4408 opportuniori
558 4355 572 4394 e
