3192 4959
345 384 409 445 160
692 382 718 435 S.
748 381 907 434 Aurelii
934 381 1151 450 Augustini

345 575 461 638 dotes
487 575 558 638 Dei
578 578 616 638 et
635 574 796 640 Christi
816 577 1048 660 regnabunt
1067 595 1152 640 cum
1173 595 1215 640 eo
1235 575 1349 640 mille
1369 573 1480 638 anuis.

345 685 384 744 et
407 700 493 744 cum
516 681 632 744 finiti
657 682 816 746 fuerint
840 682 954 746 mille
984 684 1085 760 enni,
1112 683 1303 746 soluetur
1331 685 1481 746 satanas

345 787 389 851 de
423 788 614 852 custodie
643 808 723 860 sua,
757 793 813 853 aut
840 809 899 852 non
929 790 1018 874 regni
1046 790 1142 853 buius
1167 792 1348 854 sanctorum
1371 787 1481 852 intelle·

343 913 456 977 gamus
480 913 578 958 anuos
601 894 690 958 mille
713 892 806 972 finiri,
831 895 886 958 sed
910 896 1030 960 uinculi
1054 895 1173 960 diaboli
1197 895 1299 976 adque
1320 893 1480 970 custodiae,

342 1005 380 1064 ut
403 1021 500 1065 annos
523 1001 622 1075 mille,
646 1001 680 1065 id
704 1005 754 1065 est
773 1021 871 1068 anuos
891 1021 1000 1066 omnes
1020 1021 1106 1077 suos,
1128 1021 1271 1085 quaeque
1290 1021 1360 1084 pars
1380 999 1482 1063 habeat
1504 1025 1514 1061 s

343 1107 477 1171 diuersis
497 1127 532 1171 oc
552 1108 687 1191 propriis
706 1108 941 1190 prolixitatibus
961 1109 1126 1190 liniendos,
1146 1109 1298 1191 ampliore
1315 1113 1480 1172 senctomn

342 1233 449 1298 regno,
486 1215 630 1280 breuiore
664 1214 781 1281 diaboli
814 1216 958 1290 uinculo;
999 1217 1055 1278 aut
1087 1219 1182 1292 certe,
1216 1215 1363 1298 quoniam
1393 1213 1479 1276 trium

344 1339 495 1382 annorum
525 1323 557 1384 et
585 1339 638 1384 ser
661 1339 808 1384 mensum
833 1320 1059 1384 breuissimum
1084 1319 1223 1402 spatium
1248 1323 1308 1396 est,
1333 1318 1480 1401 conputari

343 1426 484 1490 noluisse
518 1425 673 1503 credetur,
706 1426 775 1489 siue
810 1427 893 1507 quod
923 1424 1028 1489 miuus
1057 1427 1184 1490 satanae
1213 1425 1388 1501 uinculum,
1418 1425 1478 1488 siue

344 1531 428 1614 quod
464 1533 601 1614 emplius
640 1531 767 1596 uidetur
798 1551 930 1616 regnum
963 1532 1078 1596 hebere
1112 1536 1306 1609 sanctorum,
1339 1533 1419 1596 sicut
1447 1530 1511 1594 deo

343 1638 581 1721 quadringentis
613 1639 702 1702 annis
736 1639 765 1701 in
801 1642 888 1703 serto
922 1637 1044 1702 decimo
1074 1637 1169 1702 huius
1199 1640 1303 1722 operis
1331 1637 1477 1704 uolumine

343 1744 521 1827 disputaui;
550 1745 696 1826 quoniam
721 1744 794 1827 plus
819 1744 938 1828 aliquid
963 1749 1059 1821 eraut,
1089 1749 1249 1810 ettamen
1273 1743 1476 1828 quadringenti

343 1856 419 1916 sunt
447 1851 634 1933 nuncupeti;
663 1856 695 1916 et
722 1851 800 1916 talia
828 1871 922 1935 saepe
950 1852 1150 1933 reperiuntur·
1176 1853 1208 1916 in
1237 1853 1354 1916 litteris
1382 1849 1475 1915 sacris.

344 1959 370 2022 si
395 1959 466 2040 quis
491 1958 644 2023 aduertat.

785 2150 924 2216 CAPUT
948 2151 1053 2216 XIIII.
1487 2173 1506 2213 n
1555 2203 1556 2254 p

342 2291 396 2355 De
425 2289 684 2354 damnatione
712 2289 868 2353 diaboli
898 2308 982 2355 curu
1011 2291 1098 2356 suis
1127 2296 1166 2356 et
1194 2311 1263 2374 per
1291 2291 1473 2373 recapitu-

341 2398 540 2462 lationem
571 2395 615 2461 de
644 2396 951 2462 resurrectione
983 2417 1177 2481 corporea
1201 2399 1372 2464 omnium
1394 2415 1472 2460 mor·

410 2508 570 2568 tuorum
599 2506 638 2565 et
666 2502 711 2566 de
735 2502 891 2566 iudicio
916 2503 1088 2568 ultimae
1116 2504 1417 2570 retributionis.

386 2645 465 2710 Post
492 2645 571 2709 hene
596 2648 703 2708 autem
728 2645 1060 2709 commemorationem
1083 2647 1277 2710 nouissimae
1301 2643 1472 2729 persecutio·
1554 2631 1555 2654 ¹

342 2753 390 2815 nis
427 2751 567 2816 breuiter
604 2750 817 2832 conplectitur
852 2755 968 2828 toturn,
1010 2752 1094 2834 quod
1132 2753 1245 2817 ultimo
1280 2753 1342 2816 iam
1373 2749 1504 2816 iudicios·

342 2857 488 2921 diabolus
509 2861 632 2920 etcum
652 2875 710 2920 suo
729 2856 870 2939 principe
890 2857 1004 2922 ciuitas
1025 2858 1153 2922 inimica
1170 2878 1306 2942 passura
1325 2861 1381 2923 est.
1403 2855 1472 2920 Dicit

342 2965 442 3028 eninr:
476 2964 524 3026 Et
557 2962 757 3040 diabolus,
795 2963 861 3043 qui
895 2962 1116 3028 seducebat
1145 2983 1223 3042 coe,
1254 2961 1470 3028 missusest
1553 2945 1554 2968 ³

341 3071 379 3134 in
413 3074 600 3153 stagnum
632 3069 741 3153 ignis
774 3073 813 3134 et
847 3070 1073 3152 sulphuris,
1105 3089 1180 3152 quo
1214 3073 1254 3134 et
1285 3070 1414 3135 bestie
1440 3076 1469 3128 et

342 3177 718 3260 pseudoprophetam
751 3179 790 3240 et
823 3175 1119 3240 cruciabuntur·
1152 3176 1216 3240 die
1246 3196 1289 3240 ac
1314 3173 1469 3241 noetein

343 3283 507 3347 saecule
530 3282 798 3347 saeculorum.
823 3283 965 3346 Bestiam
989 3283 1069 3346 bene
1088 3281 1231 3366 intellegi
1251 3283 1351 3365 ipsam
1370 3279 1467 3361 inpianr
1481 3297 1501 3335 e
1552 3357 1553 3360 Ἴ

342 3390 504 3452 ciuitatem
530 3407 626 3470 supra
650 3389 796 3452 diximus.
826 3387 1111 3470 Pseudopropheta
1134 3407 1209 3452 uero
1234 3389 1303 3452 eius
1327 3393 1380 3452 aut
1399 3383 1468 3448 huti-
1552 3381 1553 3402 ¹

342 3495 481 3559 christus
515 3501 565 3559 est
596 3498 652 3559 aut
682 3494 788 3578 imago
821 3493 887 3570 ille,
919 3493 953 3557 id
982 3498 1032 3558 est
1059 3493 1259 3577 figmentum,
1292 3495 1329 3558 de
1356 3510 1411 3576 quo
1433 3487 1467 3549 ihi

341 3603 440 3666 locuti
469 3621 590 3666 sumus,
622 3602 701 3666 Post
728 3601 805 3664 haec
833 3601 939 3682 ipsum
969 3601 1181 3665 nouissinrum
1209 3600 1372 3676 iudicium,
1402 3591 1466 3679 quaed
1551 3687 1552 3692 γ

433 3791 463 3842 11
484 3790 521 3848 ΙΙ.
541 3809 566 3860 p.
587 3791 647 3850 168,
667 3793 701 3845 30
756 3793 790 3846 ab
810 3793 895 3862 Apoc.
914 3793 957 3856 20,
977 3794 993 3846 9
1013 3809 1053 3862 sq.

380 3916 392 3967 1
414 3931 472 3967 cunr
492 3915 539 3968 illo
559 3931 575 3968 o
648 3917 663 3968 3
683 3916 763 3970 huius
782 3933 834 3973 one.
856 3935 869 3986 ρ
941 3919 959 3970 4
978 3916 1117 3970 uinculum
1137 3916 1153 3970 b
1227 3917 1243 3968 5
1263 3931 1352 3968 omnes
1370 3921 1466 3970 annoso

341 4007 500 4056 emensum
520 4021 547 4068 c,·
564 4020 707 4056 mensuum
727 4005 794 4074 p¹u5
813 4005 945 4059 niensium
966 4007 1063 4074 ohpp
1110 4005 1250 4072 13aliap
1294 4005 1326 4057 21
1346 3993 1464 4056 ciuitateh

342 4093 376 4144 ‘23
395 4092 513 4160 sulpuris
534 4109 571 4161 cp
672 4098 701 4145 et
718 4093 809 4146 bestia
828 4093 922 4160 codri.,·
941 4098 969 4147 et
987 4111 1038 4147 om.
1057 4111 1074 4148 v
1164 4095 1199 4147 24
1217 4090 1434 4162 pseudoprophete
1450 4099 1463 4131 ‘¹
1550 4163 1551 4166 Ἴ

342 4182 377 4234 25
401 4181 470 4234 bene
494 4181 611 4234 bestiam
632 4199 651 4233 α
757 4183 884 4251 intellige
906 4183 994 4252 ipsam
1017 4183 1081 4251 imp.
1106 4183 1247 4237 ciuitatem
1272 4198 1347 4252 quum
1368 4187 1462 4246 suprad
1550 4167 1551 4216 ἶ

341 4271 375 4322 ‘ab
394 4286 476 4338 supra
496 4269 549 4321 iarn
570 4269 684 4322 diximus
703 4287 718 4323 o
790 4271 899 4324 Pseudo
920 4287 983 4324 uero
1004 4271 1170 4340 prophetae
