3192 4959
304 465 370 530 384
656 463 682 517 S.
712 463 869 516 Aurelii
896 461 1113 532 Augustini

302 659 387 724 riosa
414 658 528 722 ciuitas
556 676 618 722 non
646 655 751 720 solum
778 656 903 740 iugum,
931 675 1044 721 narum
1073 655 1169 720 etiam
1192 657 1335 741 linguam
1361 677 1451 722 suam

303 765 432 830 domitis
465 764 613 848 gentibus
646 781 701 846 par
732 781 844 844 pacem
873 762 1036 827 societatis
1063 763 1239 845 inponeret,
1269 783 1326 846 per
1358 783 1450 846 quam

301 890 362 937 non
394 859 532 948 deesset,
564 870 663 934 immo
696 874 729 934 st
760 869 934 934 abundaret
971 869 1066 934 etiam
1105 870 1313 954 interpretum
1351 872 1450 953 eopia.

301 977 419 1042 Verum
448 980 512 1052 est3
542 974 597 1039 sed
625 976 685 1039 boo
714 995 808 1057 qnam
834 976 944 1040 multis
970 979 1002 1040 et
1030 995 1124 1058 quam
1149 976 1322 1061 grandibus
1346 978 1450 1055 bellis,

301 1087 420 1169 quanta
451 1089 558 1166 straga
590 1083 766 1161 hominnm,
800 1087 917 1164 quanta
944 1083 1096 1148 effusione
1123 1083 1253 1148 humaui
1286 1085 1488 1168 sanguiniss

301 1194 506 1274 conparatum
535 1192 605 1254 eat?
637 1185 760 1267 Quibus
783 1189 964 1268 transactis,
990 1209 1050 1255 uon
1075 1191 1254 1254 esttamen
1279 1191 1449 1255 eorundem

300 1298 456 1363 malorum
488 1295 578 1360 finita
604 1295 743 1360 miseria.
773 1292 928 1374 Quamuis
957 1295 1039 1360 enim
1069 1315 1130 1361 non
1159 1295 1318 1362 defuerint
1349 1315 1450 1380 neque

301 1405 406 1469 desint
427 1404 536 1468 hostes
561 1405 684 1467 exterae
707 1401 863 1478 nationes,
888 1407 997 1467 eontra
1016 1421 1093 1485 quas
1114 1421 1239 1486 semper
1256 1404 1342 1469 bella
1361 1409 1449 1489 gesta

302 1514 377 1576 sunt
405 1514 437 1575 et
468 1513 633 1595 geruntur:
661 1513 767 1574 tamen
795 1507 891 1572 etiam
920 1510 990 1592 ipsa
1017 1510 1142 1592 imperii
1165 1511 1303 1575 latitudo
1326 1512 1449 1594 peperit

299 1617 415 1700 peioris
440 1617 564 1700 generis
589 1615 682 1694 bella,
702 1616 834 1682 socialia
854 1616 979 1681 seilicet
997 1620 1030 1681 et
1048 1616 1165 1694 ciuilia,
1186 1617 1303 1699 quibua
1322 1619 1448 1682 misera·
1464 1639 1485 1675 o

298 1723 397 1789 bilius
429 1724 572 1806 quatitur
602 1723 776 1787 humanum
811 1742 922 1807 genus,
957 1724 1026 1788 siue
1059 1741 1131 1786 oum
1164 1723 1381 1807 belligeratur,
1414 1729 1448 1788 ut

301 1829 468 1912 aliquando
484 1831 720 1912 conquiescant,
741 1830 810 1894 sina
831 1849 904 1894 oum
918 1830 1060 1909 timetur,
1079 1849 1117 1894 ne
1137 1849 1247 1895 111111
1268 1835 1445 1914 exsurgant.

301 1935 442 2017 Quomm
465 1937 621 2002 malorum
644 1937 763 2001 multas
788 1940 821 2001 et
843 1937 1038 2020 multiplices
1058 1937 1175 2014 clades,
1199 1936 1295 2002 duras
1314 1941 1348 2001 et
1367 1937 1446 2001 diras

298 2043 507 2108 necessitates
532 2042 560 2106 si
582 2045 620 2107 ut
643 2043 775 2126 dignum
800 2045 849 2107 est
868 2042 974 2124 eloqui
993 2043 1101 2120 uelim,
1122 2063 1314 2126 quamquam
1333 2063 1445 2126 nequa·

300 2169 394 2232 qnam
414 2151 499 2214 sient
516 2169 566 2214 res
585 2149 729 2231 postulat
747 2150 883 2232 possim:
904 2151 975 2233 quis
995 2151 1054 2214 erit
1067 2151 1205 2232 prolixae
1221 2151 1443 2234 disputationis
1462 2171 1481 2207 1

299 2256 436 2321 modus?
461 2254 525 2321 Sed
548 2257 685 2339 sapiens,
705 2257 862 2339 inquiunt,
887 2257 973 2320 iusta
996 2257 1079 2321 bella
1098 2261 1248 2340 gesturus
1269 2261 1328 2322 ost.
1349 2255 1443 2338 Quasi

298 2381 371 2439 non,
399 2363 428 2428 si
455 2382 490 2427 so
517 2363 678 2427 hominem
706 2362 863 2441 meminit,
892 2363 994 2428 multo
1018 2364 1121 2447 magis
1145 2363 1267 2428 dolebit
1287 2363 1442 2430 iustorum

297 2469 520 2534 necessitatem
554 2469 615 2534 sibi
648 2470 791 2535 extitisse
819 2470 987 2548 bellorum,
1021 2470 1096 2552 quia
1123 2469 1184 2534 nisi
1212 2470 1298 2534 iusta
1331 2473 1442 2546 essent,

298 2575 327 2638 ei
349 2575 488 2658 gerenda
510 2595 571 2640 non
595 2580 711 2656 essent,
735 2596 771 2641 11
794 2596 851 2659 per
873 2577 934 2642 hoo
958 2577 1093 2659 sapienti
1116 2577 1205 2642 nulla
1227 2576 1313 2640 balla
1331 2580 1441 2644 essent.

296 2682 453 2765 Iniquitas
487 2682 569 2746 enim
587 2680 701 2764 ¹partis
732 2683 884 2748 aduersas
920 2684 1007 2748 insta
1043 2684 1128 2747 bella
1158 2683 1275 2766 ingerit
1312 2681 1478 2767 gerendas

297 2789 447 2870 sapienti3
491 2809 571 2871 quae
608 2789 759 2873 iniquitas
798 2789 908 2873 utique
945 2789 1067 2854 homini
1104 2795 1155 2854 eat
1191 2789 1335 2867 dolenda,
1372 2789 1441 2871 quia

297 2895 462 2958 bominum
491 2899 550 2972 est,
580 2895 641 2959 etsi
669 2896 813 2960 11111111
838 2917 873 2960 aa
896 2895 1035 2960 bellandi
1058 2895 1233 2962 nenessitas
1256 2900 1440 2960 nasoeretur.

296 2999 386 3064 Haeo
421 2999 529 3082 itaque
566 3001 649 3064 mala
686 3005 751 3064 tam
789 3021 914 3086 magna,
951 3003 1016 3066 tam
1054 3000 1217 3077 horrenda,
1250 3005 1317 3066 tam
1350 3019 1440 3066 saeua

298 3105 444 3187 quisquis
472 3126 544 3171 oum
573 3107 681 3172 dolore
710 3108 897 3183 considerat,
925 3108 1086 3172 miseriam
1113 3109 1264 3184 fateatur3
1300 3107 1438 3192 quisquis

297 3215 403 3276 autem
436 3212 490 3276 111
520 3213 641 3294 patitur
673 3233 710 3278 aa
742 3215 810 3278 sine
838 3215 935 3279 animi
962 3215 1069 3280 doloro
1097 3215 1150 3279 uel
1178 3216 1310 3299 cogitat,
1342 3213 1437 3280 multo
1452 3232 1474 3272 a

297 3318 408 3399 utique
431 3319 580 3384 miserius
603 3319 674 3386 ideo
698 3339 731 3385 sa
754 3325 848 3402 putat
870 3321 1009 3399 beatum,
1035 3321 1110 3404 quia
1133 3325 1165 3386 st
1183 3322 1358 3387 humanum
1374 3339 1438 3402 par·

298 3422 379 3488 didit
402 3443 541 3490 sensum.

334 3614 547 3687 lsuamom.p
601 3614 756 3670 3babund.
773 3633 792 3685 p
847 3615 974 3670 8hostea
995 3615 1118 3670 desinto
1178 3617 1209 3671 ll
1230 3633 1317 3686 genus
1336 3617 1435 3672 huma

296 3695 506 3799 belligeratbrp
579 3731 611 3784 17
629 3731 760 3784 meminet
775 3733 804 3800 9¹
877 3731 1229 3802 asmabtarn]n1ultap
1331 3737 1434 3802 taquam

297 3834 397 3888 aeuap
450 3819 660 3888 2111111111
