3192 4959
291 449 354 513 152
633 445 660 499 S.
688 445 846 498 Aurelii
874 444 1092 513 Augustini

290 642 466 705 camelos
505 639 550 704 de
584 639 752 704 camelis
795 637 947 702 domini
988 638 1052 703 sui
1089 642 1128 703 et
1165 637 1211 702 de
1249 638 1436 702 omnibus

289 745 407 810 honis
441 745 589 810 domiui
623 745 688 810 sui
720 763 867 820 seeum,
901 746 941 808 et
973 762 1196 829 exsurgens
1220 745 1435 827 profectus

291 855 353 918 est
382 851 420 914 in
450 849 785 932 Mesopotamiam
814 850 853 914 in
882 849 1098 913 ciuitatem
1122 849 1288 917 Nachor.
1312 852 1381 916 Isto
1406 855 1438 915 et

287 957 359 1023 aliie
379 975 486 1022 sacrae
504 957 601 1022 huius
619 956 770 1020 historiae
789 956 983 1020 testimoniis
1004 956 1182 1021 ostenditur
1200 955 1295 1021 etiam
1311 956 1438 1021 Naohor

287 1066 382 1129 frater
409 1063 552 1129 Abrahae
581 1063 682 1128 exisse
710 1062 747 1128 de
770 1062 899 1147 regione
924 1062 1154 1129 Chaldaeorum
1186 1063 1341 1146 sedesque
1365 1082 1474 1128 eon-s

288 1171 432 1236 stituisse
470 1171 501 1233 in
539 1169 780 1252 Mesopotamia,
820 1169 875 1234 ubi
912 1189 985 1234 eum
1023 1174 1112 1252 petre
1146 1189 1206 1234 suo
1236 1171 1438 1235 habitauerat

287 1279 455 1343 Abraham.
478 1275 567 1355 Qum·
587 1295 660 1360 ergo
682 1295 753 1340 eum
774 1277 931 1359 scriptura
949 1295 1009 1341 uon
1025 1277 1296 1353 commemorauit,
1312 1276 1436 1358 quando

290 1404 325 1449 ex
350 1389 443 1468 gente
468 1383 721 1448 Chaldaeorum
746 1384 813 1447 suis
837 1382 999 1465 proiectus
1026 1385 1076 1448 eet
1098 1383 1200 1447 'lbera
1223 1386 1256 1447 et
1277 1382 1438 1447 habitauit

286 1491 318 1554 in
343 1490 588 1573 Mesopotamia;
623 1490 678 1554 ubi
706 1509 765 1554 non
798 1489 902 1554 solum
925 1489 1084 1554 Abraham
1109 1489 1195 1554 lilius
1219 1490 1299 1567 eius,
1323 1508 1437 1554 uerum

288 1598 384 1663 etiam
409 1595 500 1663 Sarra
528 1617 626 1661 nurus
655 1599 687 1660 et
709 1596 790 1662 Loth
815 1615 913 1680 nepos
938 1597 1006 1660 eius
1031 1599 1326 1673 commemorantur,
1351 1595 1436 1678 quod
1455 1620 1477 1657 ro

288 1724 342 1770 eos
368 1703 491 1769 duxerit
515 1707 644 1768 seeum?
669 1700 768 1780 Quur,
788 1707 950 1786 putamus,
971 1702 1031 1766 nisi
1056 1703 1137 1768 forte
1161 1703 1246 1784 quod
1269 1708 1437 1784 aputema

288 1816 320 1876 et
342 1811 479 1876 fraterna
500 1811 618 1892 pietate
643 1809 822 1874 desciuerat
843 1812 875 1873 et
894 1808 1114 1892 superstitioni
1139 1809 1326 1874 adhaeserat
1345 1808 1436 1874 Chal-

287 1919 437 1982 daeorum
466 1921 498 1981 et
525 1919 637 2000 postea
663 1916 735 1980 inde
764 1916 833 1980 siue
861 1915 1050 1999 paenitendo
1079 1916 1149 1980 siue
1181 1917 1437 2000 persecutionem
1574 1868 1576 1947 1

287 2043 412 2106 passus,
437 2024 521 2106 quod
545 2025 714 2104 suspectus
738 2021 917 2101 haberetur,
938 2025 970 2086 et
988 2022 1057 2105 ipse
1080 2022 1272 2107 emigrauitl
1295 2023 1331 2087 In
1354 2022 1436 2087 libro

288 2131 370 2194 enim
395 2130 448 2212 qni
472 2129 659 2194 inscribitur
681 2129 801 2207 Iudith,
825 2147 898 2193 cum
923 2133 1088 2210 quaereret
1109 2129 1308 2206 Holofernae,
1332 2128 1435 2194 hostis
1454 2150 1478 2189 rs
1575 2136 1576 2143 ’

287 2236 512 2312 Israelilarum,
542 2254 696 2318 quaenam
722 2235 779 2298 illa
806 2254 884 2318 gens
914 2237 1009 2312 esset,
1038 2240 1146 2300 utrum
1178 2235 1332 2300 aduersus
1366 2254 1436 2300 eam

285 2342 469 2408 bellandum
493 2341 618 2418 fuisset,
641 2340 687 2404 sie
711 2339 739 2405 ei
763 2340 926 2422 respondit
943 2340 1063 2405 Aehior
1084 2341 1147 2406 dux
1165 2341 1436 2407 emmanitarum:

285 2449 437 2515 Audiat
465 2449 650 2514 dominus
679 2449 820 2512 noster
848 2447 1014 2511 uerbum
1043 2448 1088 2512 de
1117 2467 1181 2513 ore
1210 2448 1325 2531 pueri
1360 2447 1436 2523 sui,
1574 2480 1575 2485 κ

289 2561 328 2622 et
361 2556 532 2620 referam
561 2554 640 2618 tibi
668 2554 889 2618 ueritatem
917 2553 962 2618 de
989 2556 1150 2637 populo,
1176 2555 1242 2638 qui
1270 2555 1437 2624 habitat

287 2664 400 2728 iuxta
424 2665 462 2726 te
486 2665 716 2727 montanam
741 2661 852 2735 hana,
873 2665 913 2725 et
934 2680 1008 2726 nou
1033 2661 1162 2725 exibit
1181 2661 1435 2727 mendacium
1454 2685 1480 2727 ao

287 2770 330 2833 de
361 2787 426 2833 ore
460 2768 571 2832 serui
595 2767 666 2832 tui.
705 2767 812 2831 Haeo
836 2767 940 2831 euim
963 2767 1181 2852 progenies
1204 2769 1349 2852 populi
1373 2775 1439 2833 est

287 2876 596 2952 Chaldaeorum,
635 2877 673 2938 et
714 2877 832 2938 antea
873 2875 1174 2940 habitauerunt
1209 2876 1438 2957 Mesopota-

286 2983 412 3060 miam,
437 2982 532 3064 quia
561 2981 786 3045 noluerunt
814 2980 932 3063 sequi
956 2979 1050 3046 deos
1073 2983 1235 3063 patrum
1259 3000 1437 3058 auorum,

287 3090 355 3172 qui
393 3089 561 3154 fuerunt
598 3088 635 3152 in
673 3090 783 3151 terra
816 3086 1111 3152 Chaldaeorum
1144 3087 1331 3172 gloriosi,
1365 3089 1437 3153 sed

286 3195 605 3260 declinauerunt
633 3193 677 3257 de
707 3193 774 3258 uia
801 3197 1014 3276 parentum
1045 3213 1209 3260 suorum
1238 3198 1277 3260 et
1300 3195 1481 3261 adora-se
1572 3198 1573 3287 l

287 3308 435 3366 uerunt
454 3303 574 3366 Deum
601 3300 716 3381 caeli,
737 3319 850 3382 quem
876 3305 1170 3383 cognorerunt,
1196 3305 1235 3366 et
1257 3301 1436 3384 proieee-
1572 3322 1573 3379 i

285 3413 380 3472 runt
403 3428 471 3472 eos
495 3427 513 3470 a
537 3407 641 3470 iaeie
667 3407 830 3470 deorum
855 3425 1019 3472 suorum
1038 3410 1077 3470 et
1095 3407 1436 3490 fugeruntMeso-
1572 3384 1574 3409 ¹

289 3515 509 3598 potamium
536 3518 575 3578 et
597 3513 897 3577 habitauerunt
918 3512 976 3577 ibi
1001 3512 1088 3577 dies
1112 3514 1274 3578 multos.
1307 3513 1437 3580 Dixit

378 3723 410 3777 18
430 3721 523 3775 Iudith
543 3725 568 3790 5,
588 3723 603 3775 5
623 3737 681 3790 sqq.

319 3901 335 3953 5
354 3899 438 3952 irater
456 3916 488 3952 m.
510 3899 578 3952 21η
596 3898 706 3952 fratrem
727 3914 794 3952 corr.
813 3915 831 3967 φ
922 3899 956 3952 de
974 3902 1055 3962 terre,
1073 3901 1105 3953 in
1122 3917 1209 3970 mare.
1225 3875 1262 3954 de
1280 3901 1403 3969 regione,
1422 3919 1437 3955 c
1570 3914 1571 3963 l

284 3989 412 4058 iseript.
433 4004 527 4042 eume
583 3988 616 4042 10
635 4004 750 4058 nepusp
802 3990 835 4042 13
855 3988 915 4042 siue
933 3988 1036 4058 paenit.
1054 4003 1115 4057 sup.
1134 3988 1184 4042 lin.
1207 3989 1234 4041 V
1287 3990 1320 4045 15
1338 3990 1437 4044 scribi·

282 4081 328 4131 tur
350 4077 377 4130 V
437 4076 571 4130 oloiemes
595 4076 666 4146 ch
713 4077 745 4130 16
765 4093 833 4146 gens
852 4077 935 4132 illae
987 4077 1018 4130 ll
1038 4081 1064 4130 et
1083 4077 1143 4144 153,
1162 4078 1179 4130 3
1198 4077 1338 4132 ammanit.
1357 4095 1437 4147 ωας

284 4166 456 4220 ammonita
524 4167 558 4218 20
577 4169 606 4218 te
625 4181 711 4234 ome
784 4164 915 4219 exiuitl'
981 4165 1137 4218 abantea
1207 4168 1436 4236 mesopotamiam
1569 4208 1570 4243 ,

284 4254 393 4324 obem
413 4254 610 4323 mesopotamia
634 4254 670 4320 V;
694 4254 722 4306 in
747 4255 944 4322 mesopotamia
962 4251 1001 4307 eb
1108 4253 1142 4306 27
1161 4255 1387 4324 mesopotamiam
1411 4257 1440 4309 V

284 4343 431 4414 abeppl
450 4343 564 4412 Domb.;
583 4345 609 4397 in
629 4360 730 4414 mesop.
749 4359 788 4412 pv
