3192 4959
368 417 417 472 De
446 419 621 472 ciuitate
649 418 711 474 dei
733 419 799 473 lih.
823 419 908 473 XVII.
938 436 1012 489 cap.
1043 422 1084 475 16.
1238 423 1302 485 249

149 615 286 678 amanda
309 614 411 696 adque
434 614 585 689 miranda,
611 618 727 696 quanto
756 615 862 678 minus
887 634 1035 696 corporea
1057 615 1303 697 pulchritudine,

150 722 223 803 quis
258 721 386 805 gladius
421 721 501 797 eiua,
536 740 616 803 quae
650 721 797 804 sagittae,
831 724 863 785 et
895 724 1000 786 cetera
1025 722 1089 786 isto
1118 722 1212 787 modo
1241 741 1303 787 non

147 829 289 911 proprie,
313 828 370 893 sed
393 829 514 911 tropice
537 828 642 911 posita
660 828 724 892 iam
744 828 894 893 subditus
914 828 953 907 ei,
974 829 1027 911 qui
1047 833 1159 913 regnat
1176 833 1304 913 propter

147 936 321 999 ueritatem
346 939 378 999 et
400 934 678 999 mansuetudinem
702 940 734 999 et
757 934 926 1012 iustitiam,
950 935 1090 1018 inquirat
1113 956 1148 999 ex
1174 936 1250 1001 otio.

115 1066 127 1103 ⁵
191 1041 318 1105 Deinde
356 1042 512 1124 adspiciat
543 1042 612 1105 eius
645 1041 813 1105 ecclesiam
846 1046 934 1106 tanto
968 1043 1036 1106 uiro
1071 1061 1129 1107 suo
1163 1041 1302 1126 spiritali

147 1148 288 1213 conubio
322 1152 355 1213 et
387 1148 495 1213 diuino
525 1168 631 1213 amore
659 1148 871 1226 coniunctam,
900 1148 939 1213 de
967 1169 1029 1232 qua
1057 1150 1173 1215 dicitur
1194 1150 1225 1213 in
1251 1151 1300 1213 his

147 1274 232 1337 quae
257 1258 444 1338 sequuntur.
467 1254 634 1319 Adstitit
653 1255 819 1338 reginae
839 1255 980 1319 dextris
1000 1256 1078 1320 tuis
1098 1256 1134 1319 in
1153 1257 1301 1321 uestitu

147 1361 345 1441 deaurato,
371 1361 659 1427 circumamicta
681 1361 879 1427 uarietate.
903 1362 1011 1439 Audi,
1035 1363 1190 1439 filiast
1212 1364 1300 1427 uide

146 1474 184 1533 et
209 1469 356 1533 inclina
379 1488 505 1533 aurem
528 1473 641 1545 tuam,
669 1472 707 1533 et
731 1469 963 1533 obliuiscere
991 1470 1173 1552 populum
1197 1473 1301 1535 tuum

102 1599 129 1639 ro
146 1580 184 1639 et
205 1576 357 1639 domum
379 1575 501 1657 patris
519 1576 594 1650 tui3
616 1575 790 1657 quoniam
812 1576 1039 1657 concupiuit
1056 1594 1117 1641 rer
1138 1576 1301 1658 speciem

145 1686 264 1758 tuam,
303 1682 392 1763 quia
424 1682 507 1765 ipse
541 1685 599 1745 est
630 1682 730 1745 Deos
764 1684 862 1745 tuus.
896 1682 942 1745 ut
974 1681 1183 1746 adorabunt
1215 1701 1297 1746 eum

143 1789 258 1853 tiliae
278 1788 366 1871 Tyri
384 1789 420 1851 in
442 1788 676 1863 muneribus;
695 1788 844 1853 uultum
870 1791 974 1852 tuum
995 1788 1300 1871 deprecabuntur
1323 1800 1327 1810 '

144 1896 296 1961 diuites
325 1896 459 1979 plebis.
490 1894 617 1959 Omnis
647 1896 770 1979 gloria
797 1896 880 1960 eius
908 1896 1016 1960 filiae
1045 1896 1145 1979 regia
1170 1896 1302 1959 intrin-

144 2022 273 2079 secus,
315 2003 351 2066 in
393 2002 561 2067 fimbriis
605 2004 730 2067 aureis
771 2004 1059 2067 circumamicta
1099 2002 1299 2067 uarietate.

98 2110 383 2173 raAdferentur
419 2110 499 2193 regi
536 2109 707 2193 uirgines
745 2113 832 2194 post
869 2129 958 2185 eam,
991 2110 1181 2193 proximae
1218 2111 1300 2174 eins

142 2218 374 2281 adferantur
410 2216 492 2280 tihi.
527 2217 756 2281 Adlerentur
788 2236 869 2281 cum
907 2217 1059 2281 laetitia
1092 2220 1128 2281 et
1160 2216 1301 2281 exulta-

143 2326 269 2397 tione;
307 2322 545 2388 adducentur
581 2324 616 2387 in
654 2325 838 2406 templum
871 2324 983 2407 regis.
1019 2323 1089 2388 Pro
1125 2324 1300 2406 patribus

141 2431 227 2493 tuis
268 2430 349 2493 nati
386 2437 477 2495 sunt
511 2430 584 2495 tibi
620 2431 713 2506 filii;
752 2432 967 2496 constitues
1006 2450 1068 2496 eos
1106 2432 1303 2515 principes

141 2557 265 2620 super
294 2557 436 2601 omnem
463 2542 613 2602 terram.
640 2538 825 2603 Memores
855 2542 964 2602 erunt
992 2538 1154 2602 nominis
1184 2536 1242 2602 tui
1265 2538 1301 2601 in

96 2646 250 2711 ooomni
286 2644 531 2727 generatione
564 2648 601 2708 et
635 2646 894 2727 generatione.
933 2645 1139 2727 Propterea
1170 2644 1303 2726 populi

141 2752 443 2818 confitebuntur
474 2750 547 2815 tibi
579 2751 615 2815 in
650 2757 844 2815 aeternum
877 2756 914 2816 et
941 2752 976 2815 in
1009 2752 1202 2815 saeculum
1227 2770 1304 2814 sae-

140 2860 233 2923 culi.
274 2856 345 2921 Non
382 2857 491 2940 opinor
522 2876 713 2939 quemquam
744 2858 791 2921 ita
825 2858 977 2941 desipere,
1015 2862 1052 2922 ut
1079 2858 1130 2922 hic
1164 2856 1301 2939 aliquam

139 2965 371 3031 mulierculam
416 2963 591 3045 praedicari
637 2964 744 3029 credat
789 2965 892 3047 adque
939 2964 1091 3039 describi;
1136 2964 1302 3046 coniugem

138 3072 305 3137 uidelicet
331 3070 430 3149 illius,
464 3071 515 3135 cui
544 3071 665 3135 dictum
695 3074 759 3135 est:
788 3071 903 3136 Sedes
928 3075 1003 3148 tua,
1029 3072 1139 3151 Deus,
1163 3071 1199 3134 in
1225 3090 1300 3134 sae-

92 3180 235 3243 rscula
271 3176 524 3252 saeculorum
560 3178 666 3259 uirga
701 3178 926 3242 directionis
961 3178 1071 3261 uirga
1100 3177 1204 3260 regni
1235 3177 1301 3242 tui.

138 3284 335 3351 Dilexisti
354 3284 547 3347 iustitiam
567 3288 603 3347 et
622 3283 705 3347 odio
726 3284 899 3348 habuisti
915 3284 1171 3365 iniquitatem,
1192 3303 1302 3366 prop·

137 3400 252 3457 terea
294 3391 399 3455 unxit
440 3394 476 3455 te
514 3390 626 3468 Deus,
663 3390 764 3455 Deus
802 3394 891 3455 tuus
930 3391 1012 3454 oleo
1047 3390 1301 3454 exultationis

135 3520 234 3584 prae
264 3497 520 3579 participibus
548 3498 643 3572 tuis3
672 3498 835 3563 Christum
868 3497 977 3580 utique
1002 3516 1075 3580 prce
1101 3496 1301 3561 Christianis.

237 3674 255 3725 r
277 3672 314 3727 ro.
335 3672 368 3725 ro
387 3688 447 3740 sqq.

174 3796 359 3865 2eagittae
422 3798 528 3865 3trop.
549 3796 655 3850 dictae
718 3794 904 3863 'ladstetitp
980 3796 1035 3847 tuis
1055 3797 1083 3848 et
1102 3794 1153 3863 rlq.
1173 3810 1224 3848 om.
1244 3811 1300 3862 sqq.

134 3902 232 3956 usque
252 3884 294 3937 ad
311 3884 446 3937 namstede
466 3885 482 3939 b
538 3885 568 3937 ll
591 3883 657 3937 deus
676 3900 770 3953 eppo
782 3884 819 3951 ,ἡ
838 3883 961 3937 dominus
982 3900 1025 3952 op
1044 3883 1157 3947 Domb.,·
1177 3882 1301 3935 dominus

136 3976 211 4030 deus
233 3974 279 4027 bv
389 3974 422 4027 12
442 3977 470 4026 et
489 3974 561 4027 filiae
579 3975 633 4043 tyri
653 3978 681 4027 et
699 3975 751 4043 rlq.
771 3991 824 4028 om.
842 3988 898 4041 sqq.
917 3990 1003 4040 raquo
1021 3972 1060 4026 od
1077 3972 1164 4040 plebis
1184 3972 1201 4023 l.
1223 3976 1266 4039 13,
1286 3973 1301 4025 b

137 4068 174 4119 14
195 4062 324 4118 fimbreis
340 4078 359 4131 9
412 4061 525 4117 fimbriis
545 4068 574 4117 et
591 4063 644 4131 rlq.
664 4079 715 4117 om.
733 4079 789 4130 sqq.
809 4078 894 4129 aeque
912 4061 952 4114 ad
969 4061 1112 4123 uarietate,
1132 4060 1147 4112 h
1199 4062 1232 4113 15
1247 4062 1302 4112 uir-

135 4156 224 4225 gines
246 4155 277 4204 et
294 4152 347 4221 rlq.
366 4168 418 4205 om.
431 4167 487 4219 sqq.
501 4168 586 4219 uoqaoe
601 4152 640 4205 ad
653 4152 705 4204 tihi
745 4154 776 4205 tc
793 4150 950 4204 adferentur
963 4166 1015 4202 om.
1023 4167 1044 4217 p
1100 4165 1160 4201 cum
1175 4152 1302 4217 oppos,-

135 4244 166 4296 in
187 4240 268 4294 abo
286 4238 385 4292 Domh.
482 4239 586 4292 16-22
604 4239 713 4292 laetitia
732 4241 760 4291 et
777 4238 830 4307 rto,
849 4236 1027 4307 Propatrihus
1045 4236 1100 4289 tuis
1120 4239 1148 4289 et
1166 4235 1218 4303 rlq.
1236 4236 1301 4287 Pro·

140 4335 250 4400 pterea
268 4328 363 4397 populi
382 4330 411 4381 et
428 4328 481 4397 rlq.
501 4328 564 4381 Non
583 4328 679 4396 opinor
698 4326 713 4379 b
