3192 4959
315 448 379 511 624
660 442 687 498 S.
715 441 873 496 Aurelii
901 441 1118 510 Augustini

313 637 474 702 hominem
501 636 532 700 in
561 636 750 699 detrimenta
778 653 910 718 uergere
939 634 1095 718 grauioris
1124 653 1161 699 ac
1185 635 1297 700 senilis
1321 635 1452 718 aetatisi:

314 747 346 808 et
372 743 444 808 ideo
473 763 534 808 non
566 763 636 808 esse
668 741 789 805 dictum
820 743 851 805 in
876 761 1058 806 mensuram
1082 743 1222 824 corporis
1246 744 1300 806 uel
1322 745 1355 807 in
1377 762 1453 806 men·

315 870 421 915 suram
442 854 594 923 staturae,
620 849 675 914 sed
698 849 736 912 in
760 868 988 913 mensuram
1012 851 1166 914 aetatis
1185 849 1452 932 plenitudinis

315 957 484 1022 Christ-i.

766 1149 902 1216 CAPUT
931 1150 1015 1216 XVI.
1476 1185 1486 1222 5

316 1291 459 1370 erafis
502 1293 785 1376 intellegenda
828 1293 884 1358 sit
920 1295 1154 1357 sanctorum
1192 1293 1451 1358 conformatio

637 1400 683 1463 ad
707 1399 923 1483 imaginem
947 1399 1034 1463 filii
1059 1399 1142 1464 Dei.

359 1538 443 1602 lllnd
473 1537 579 1613 etiam,
609 1537 693 1620 quod
717 1538 762 1601 ait
789 1537 1040 1620 praedestinatos
1070 1539 1299 1604 conformes
1329 1540 1453 1622 imagi·

317 1643 377 1706 nis
402 1642 488 1706 filii
511 1643 593 1707 Dei.
618 1646 727 1724 potest
750 1646 783 1706 et
802 1643 975 1707 seeundum
995 1642 1174 1709 interiorem
1194 1645 1355 1710 hominem
1374 1645 1454 1708 intel·

315 1751 379 1834 legi
402 1750 499 1832 (unde
522 1749 614 1814 nobis
638 1751 701 1814 alio
724 1750 794 1815 loco
816 1749 909 1814 dicit:
934 1748 1074 1814 Nolite
1099 1751 1347 1815 conformari
1370 1752 1452 1814 huie
1468 1769 1486 1808 n

317 1857 495 1932 saeculo,
531 1856 599 1920 sed
632 1856 910 1920 reformamini
945 1856 982 1920 in
1011 1857 1198 1921 nouitate
1227 1860 1375 1924 mentis
1402 1878 1452 1922 ue·

317 1966 442 2038 atrae3
472 1962 527 2026 ubi
556 1981 629 2046 ergo
658 1963 876 2039 reformamur,
904 1981 942 2026 ne
972 1962 1205 2028 conformemur
1228 1963 1302 2030 hnic
1327 1964 1452 2033 saeculo.

314 2069 360 2134 ibi
392 2070 626 2134 conformamur
657 2069 718 2133 Dei
746 2067 843 2155 filio);
876 2072 984 2152 potest
1012 2073 1044 2134 et
1071 2071 1117 2135 sic
1146 2072 1257 2155 accipi,
1293 2075 1337 2148 nt,
1369 2091 1452 2154 quem

316 2176 354 2240 ad
378 2177 509 2240 modum
533 2177 624 2242 nobis
648 2174 702 2240 ille
720 2177 925 2252 mortalitate,
948 2176 995 2240 ita
1012 2195 1070 2240 nos
1089 2176 1138 2240 illi
1157 2178 1334 2243 efficiamur
1351 2179 1452 2243 inmor-

314 2283 439 2348 talitate
468 2283 661 2358 conformes;
692 2282 776 2364 quod
802 2282 930 2364 quidem
959 2285 991 2346 et
1014 2281 1052 2345 ad
1077 2283 1179 2364 ipsam
1204 2285 1450 2350 resurrectionem
1465 2301 1484 2342 a

316 2408 483 2473 corporum
511 2390 655 2471 pertinet.
684 2389 717 2455 Si
745 2392 853 2454 autem
883 2388 979 2453 etiam
1003 2389 1034 2452 in
1060 2389 1109 2452 his
1133 2389 1252 2464 uerbis
1282 2409 1342 2471 qua
1364 2390 1450 2454 forma

314 2500 529 2562 resurrectura
551 2495 617 2559 siut
635 2514 774 2578 corpora,
800 2513 912 2560 sumus
937 2494 1101 2572 admoniti,
1125 2497 1211 2560 sicut
1234 2497 1289 2560 illa
1308 2515 1449 2565 mensura,
1500 2574 1506 2581 Ι

315 2604 361 2668 ita
389 2606 421 2667 et
448 2603 512 2666 ista
539 2603 746 2667 conformatio
775 2621 836 2666 non
866 2601 1054 2684 quantitatis
1082 2601 1299 2686 intellegenda
1322 2606 1377 2676 est,
1403 2601 1449 2665 sed

316 2711 440 2775 aetatis.
474 2710 655 2792 Resurgent
681 2709 789 2791 itaque
824 2727 934 2774 omnes
962 2713 1029 2772 tam
1057 2709 1164 2793 magni
1197 2728 1337 2792 corpore,
1368 2727 1448 2791 quam

315 2819 368 2881 uel
405 2821 493 2881 erant
525 2818 577 2881 uel
614 2817 714 2879 futuri
746 2819 835 2879 erant
872 2820 975 2880 aetate
1009 2815 1165 2890 iuuenali3
1204 2817 1350 2897 quamuis
1382 2813 1480 2878 nihils

316 2924 427 2999 oberit,
456 2922 582 2986 etiamsi
611 2921 671 2986 erit
696 2921 852 2986 infantilis
881 2923 933 2986 uel
961 2921 1069 2986 senilis
1099 2923 1239 3003 corporis
1267 2923 1373 2998 forma,
1402 2919 1446 2984 ubi

314 3049 373 3093 nec
409 3029 536 3106 urentis,
573 3048 632 3092 nec
669 3029 771 3111 ipsius
810 3027 949 3111 corporis
983 3028 1048 3092 nlla
1080 3029 1257 3093 remanebit
1289 3028 1444 3093 infirmitas.

315 3135 405 3200 Unde
435 3135 532 3198 etiam
561 3135 590 3198 si
617 3135 688 3216 quis
717 3135 749 3200 in
778 3155 814 3199 eo
843 3134 982 3219 corporis
1012 3133 1117 3208 mode,
1146 3133 1178 3197 iu
1206 3153 1268 3215 quo
1298 3134 1445 3200 defunctus

317 3244 650 3317 est,resu1reeturum
675 3260 935 3324 unumquemque
960 3241 1132 3317 contendit,
1157 3259 1219 3305 non
1245 3245 1294 3306 est
1317 3261 1384 3306 cum
1400 3239 1444 3302 ilu

316 3347 475 3412 laboriosa
498 3349 744 3414 contradictione
768 3348 982 3432 pugnandum.
1458 3357 1477 3398 ὅ

404 3540 516 3594 saum.
536 3543 561 3598 a.
581 3542 615 3594 aa
673 3540 706 3595 ro
725 3540 761 3593 m.
782 3541 860 3606 raa

351 3666 367 3718 6
387 3663 517 3718 conform.
536 3669 727 3732 sanctorump
791 3665 808 3717 8
828 3663 980 3718 conformes
999 3663 1077 3716 codd.
1094 3669 1207 3730 promer
1227 3683 1249 3733 p,
1269 3681 1297 3730 a‚·
1315 3660 1442 3717 conformes

317 3751 376 3804 fieri
394 3772 408 3822 p
427 3753 525 3806 Donat.
582 3756 613 3806 ll
635 3752 734 3805 mentis
753 3755 844 3806 nostre
860 3769 895 3820 p;
915 3769 1009 3806 sensus
1028 3753 1113 3805 nostri
1133 3753 1177 3806 ba
1238 3753 1271 3806 14
1289 3751 1334 3804 ille
1351 3747 1442 3802 nobisr

317 3838 349 3890 17
370 3841 511 3894 ammoniti
528 3857 546 3909 p
636 3841 671 3893 ‘20
690 3839 718 3893 in
738 3839 852 3893 iuuenili
871 3843 962 3893 aetate
981 3858 996 3894 a
1105 3839 1227 3893 iuuenali
1247 3841 1334 3908 be¹p,·
1350 3831 1440 3890 iuuenili

315 3927 422 3997 ae²pv
495 3928 657 3998 nihiloperit
673 3945 691 3996 p
