3192 4959
309 436 360 489 Da
388 437 562 491 cinitate
589 436 652 491 dei
679 436 744 491 lib.
772 438 873 493 XVIII.
902 454 976 509 cap.
1006 440 1049 493 22.
1078 439 1121 493 23.
1227 440 1289 505 297

139 649 174 695 aa
192 648 274 695 uero
291 630 430 695 Hebraei
448 632 559 715 pepuli
576 636 675 714 parte,
695 650 776 715 qnae
795 633 1015 716 appellabatur
1032 634 1142 711 Israel,
1161 652 1291 717 regnare

140 741 293 819 coeperat
317 736 406 802 Osee.

576 929 714 997 CAPUT
735 932 856 996 XXIII.

138 1070 192 1135 De
227 1069 394 1153 Sibylla
424 1072 660 1155 Erythraea,
694 1093 795 1156 quae
827 1075 937 1139 inter
969 1074 1072 1138 alias
1107 1073 1289 1157 Sibyllae

109 1177 417 1260 scognoscitur
440 1177 485 1241 de
510 1176 676 1243 Christo
696 1178 910 1243 euidentia
928 1180 1056 1243 multa
1075 1177 1290 1245 cecinisse.

181 1316 309 1384 Eodem
332 1322 474 1403 tempore
502 1322 642 1385 nonnulli
669 1320 823 1405 Sibyllam
847 1322 1056 1405 Erythraeam
1084 1320 1291 1385 uaticinatam

137 1426 258 1491 ferunt.
285 1426 424 1511 Sibyllae
447 1433 552 1494 autem
577 1430 674 1496 Varro
698 1430 805 1512 prodit
831 1430 940 1512 plures
963 1428 1075 1507 fuisse,
1100 1446 1161 1493 non
1184 1447 1291 1492 unam.

137 1532 226 1597 Haec
258 1552 334 1598 sane
360 1534 534 1619 Ilrythraea
562 1536 684 1619 Sibylla
711 1535 866 1617 quaedam
895 1535 934 1599 de
964 1534 1090 1601 Christo
1123 1534 1292 1598 manifesta

138 1640 348 1722 conscripsit;
377 1641 461 1723 quod
490 1643 584 1707 etiam
614 1661 672 1707 nos
700 1643 789 1725 prius
816 1641 848 1705 in
872 1642 983 1705 Latina
1009 1641 1121 1727 lingua
1143 1640 1291 1705 uersibus

96 1748 223 1810 ramale
242 1747 366 1812 Latinis
391 1750 424 1812 et
445 1768 507 1813 non
531 1748 690 1813 stantibus
713 1749 852 1832 legimus
876 1766 932 1830 per
954 1748 1060 1813 nasein
1085 1747 1175 1811 cuius
1198 1747 1291 1811 inter·

137 1854 239 1934 pretia
264 1853 455 1935 inperitiam,
479 1854 565 1920 sicut
586 1858 660 1938 post
683 1854 903 1939 cognorimus.
923 1854 1005 1918 Nam
1025 1853 1075 1917 uir
1094 1852 1291 1917 clarissimus
1325 1904 1329 1913 .

137 1958 342 2038 Flaccianus,
356 1962 412 2043 qui
431 1962 527 2025 etiam
546 1961 715 2043 proconsul
733 1960 805 2038 fuit,
825 1960 918 2025 homo
938 1960 1109 2025 facillimae
1126 1958 1292 2024 facundiae

138 2068 328 2149 multaeque
351 2067 523 2147 deciduae,
547 2087 620 2133 cum
639 2068 678 2132 de
698 2066 824 2133 Christo
845 2067 1115 2149 conloqueremur,
1136 2064 1292 2130 Graecum

139 2173 233 2237 nobis
255 2174 398 2237 codicem
416 2175 559 2258 protulit,
575 2176 714 2238 earmina
728 2192 799 2239 esse
815 2173 922 2237 dicens
938 2172 1077 2255 Sibyllae
1091 2172 1291 2254 Erythraeae,

96 2296 121 2337 rs
138 2278 194 2341 ubi
220 2278 365 2343 ostendit
388 2280 523 2362 quodam
547 2280 618 2344 loco
642 2280 673 2343 in
697 2279 856 2361 capitibus
875 2296 1027 2343 uersuum
1047 2278 1189 2342 ordinem
1207 2278 1292 2342 litte-

137 2404 248 2449 rarum
281 2385 328 2449 ita
359 2404 393 2451 se
425 2386 605 2466 habentem,
638 2389 675 2450 ut
706 2386 784 2450 haec
817 2384 848 2449 in
887 2404 923 2450 eo
960 2385 1058 2449 uerba
1095 2384 1290 2469 legerentur:

138 2488 263 2575 Ἰησοῦς
286 2488 433 2575 Χρειστός
457 2490 535 2555 Θεοῦ
559 2488 622 2562 υἱὸς
646 2495 757 2575 σωτὴρ,
782 2492 867 2573 qued
886 2494 936 2555 est
953 2492 1074 2567 Latine,
1093 2491 1184 2555 Iesus
1204 2490 1292 2555 shri-

137 2602 212 2662 stus
247 2596 310 2663 Dei
343 2596 428 2661 filius
462 2597 613 2661 saluator.
645 2598 689 2663 Hi
721 2602 828 2663 autern
856 2616 980 2675 uersus,
1010 2616 1143 2679 quorum
1171 2596 1292 2679 primae

136 2705 269 2768 litterae
292 2703 394 2767 istum
417 2722 557 2781 sensum,
582 2723 676 2787 quem
701 2705 848 2781 diximus,
872 2704 1019 2782 reddunt,
1044 2705 1128 2768 sicut
1151 2722 1204 2769 eos
1224 2704 1292 2785 qui·

94 2830 120 2870 ae
138 2811 216 2875 dem
239 2809 364 2875 Latinis
389 2813 421 2875 et
443 2812 603 2875 stantibus
627 2812 774 2876 uersibus
800 2816 850 2877 est
877 2812 1114 2895 interpretatus,
1138 2811 1197 2876 hoc
1221 2829 1292 2876 con-

136 2918 260 2982 tinent:

291 3028 437 3091 a-Iudicii
461 3028 577 3101 signum
600 3030 687 3088 tellus
711 3026 816 3089 sudore
840 3031 997 3089 madescet.

291 3118 356 3184 :E
381 3118 460 3176 caelo
483 3136 533 3176 rer
556 3118 692 3177 adueniat
714 3137 766 3193 per
788 3120 886 3178 saecla
908 3118 1033 3189 futurae,

291 3206 450 3273 mScilicet
472 3208 505 3265 ut
528 3224 643 3266 carnem
667 3226 817 3281 praesens,
842 3212 875 3266 ut
897 3207 1006 3266 iudicet
1030 3208 1137 3267 orbem.

94 3328 119 3369 ,ᾗ
291 3296 417 3360 0Unde
440 3296 534 3355 Deum
559 3299 679 3355 cernent
700 3297 868 3356 incredulus
893 3298 986 3371 adque
1009 3296 1104 3355 fidelis

234 3482 269 3536 22
290 3480 382 3537 Orace.
402 3482 499 3552 Sibyll.
519 3482 593 3546 VIII,
612 3484 663 3537 217
683 3500 742 3553 sqq.
762 3488 800 3552 (p.
820 3486 871 3539 153
891 3483 932 3538 ed.
952 3483 1052 3551 Raach)

177 3609 192 3661 1
214 3606 328 3659 hebraei
346 3622 424 3673 arsa.;
442 3605 605 3661 Hebraicis
651 3670 654 3674 ¹
676 3608 692 3661 3
711 3606 811 3660 XXIII.
831 3608 863 3661 a'a
881 3607 1018 3675 marpissa:
1037 3606 1144 3675 quando
1163 3606 1208 3659 uel
1227 3604 1292 3674 quid

137 3696 229 3750 fuerit
248 3693 359 3762 erythea
379 3695 440 3762 (sic)
460 3694 560 3764 sibylla
572 3694 724 3750 uaticinata
738 3694 771 3749 de
786 3695 885 3765 lipoq
919 3698 937 3749 4
956 3694 1091 3748 aerithrea
1104 3695 1142 3763 sy
1178 3698 1194 3749 5
1209 3710 1292 3762 agne·

138 3786 269 3853 sciturp
323 3783 526 3852 6erytheream
541 3800 564 3852 p
619 3784 803 3853 'lproditep
821 3783 934 3846 Dema:
953 3782 1073 3854 prodidit
1092 3784 1157 3852 bys
1213 3783 1245 3837 10
1265 3788 1294 3837 ct

138 3871 368 3929 constantibuse
436 3872 469 3925 12
488 3872 647 3941 proconsule
661 3890 683 3941 p
758 3873 789 3926 ll
811 3871 983 3929 CREISTOS
998 3888 1019 3941 p
1090 3888 1138 3943 yos
1152 3888 1191 3940 p,-
1208 3871 1292 3925 hosb

138 4000 176 4053 20
192 3975 376 4065 testantibus.
394 3998 427 4049 a'n
444 3973 578 4066 marqset
595 4013 659 4063 nou,
678 4013 692 4051 s
781 3998 817 4051 22
835 4013 890 4067 sqq.
909 4012 1006 4049 masse
1024 4012 1082 4049 noa
1100 3995 1211 4049 disereti
1227 4002 1292 4049 eruat

139 4090 172 4142 iar
189 4104 225 4156 9,-
242 4101 359 4154 praecroe
375 4086 501 4139 tattiales
512 4085 630 4155 aspum
642 4086 768 4139 sambae
780 4087 953 4155 procrescere
965 4090 1031 4139 aaut
1043 4086 1102 4137 toa
1138 4084 1172 4137 23
1192 4084 1228 4153 Η]
1242 4084 1264 4137 Ε
1280 4102 1294 4137 e

139 4178 177 4231 24
197 4178 233 4229 ut
252 4190 358 4228 carnem
376 4175 426 4245 ορι
446 4174 482 4241 (?)
501 4174 601 4228 Domb.
624 4174 670 4243 (cf.
692 4191 795 4245 praeca
819 4172 908 4245 Σάρκα
930 4173 1020 4244 παρὼν
1044 4180 1129 4225 πᾶσαν
1148 4178 1231 4242 κρῖναι
1249 4173 1293 4224 καὶ

140 4265 249 4335 adapes
267 4262 392 4334 damasc),
501 4280 609 4318 carnem
625 4280 658 4333 q;
676 4280 755 4317 carne
775 4281 806 4330 u;
824 4263 852 4317 in
872 4279 988 4329 carnem,
1006 4262 1034 4314 in
1053 4262 1084 4315 ita
1102 4278 1157 4315 ras.
1178 4258 1244 4329 bp²,·
1263 4261 1291 4315 in

141 4369 227 4409 carne
249 4353 349 4421 apso
403 4352 438 4405 25
458 4354 583 4421 cernetq
