3192 4959
393 426 445 480 De
476 427 652 481 ciuitate
681 426 741 481 dei
770 427 838 482 lib.
863 427 933 480 XXI.
964 444 1040 496 cap.
1064 429 1089 482 8.
1250 431 1316 493 533

161 621 376 686 consideratio
410 619 694 698 dissimilitudinis
728 622 875 702 quoniam
915 622 1157 686 similitudinem
1195 621 1315 686 iustius

159 729 291 792 uidetur
318 746 485 810 exposcere
514 732 627 790 natura
651 728 841 792 communis
865 728 905 792 Et
929 732 1033 792 tamen
1060 729 1208 811 qnoniam
1234 747 1313 810 quae

159 837 238 900 sunt
264 853 333 898 rara
358 835 429 917 ipsa
455 838 531 898 sunt
559 832 648 910 mira,
679 834 782 898 multo
808 835 945 915 amplius
976 835 1167 899 admiramur
1190 834 1314 918 quando

159 942 241 1006 duos
264 941 310 1005 ita
332 941 454 1004 similes
477 940 662 1024 reperimur,
687 944 723 1005 ut
746 941 779 1004 in
805 941 850 1005 eis
876 941 1094 1006 discernendis
1115 946 1172 1005 aut
1191 960 1317 1023 semper

128 1051 218 1113 saut
242 1049 422 1130 frequenter
444 1067 597 1112 erremus,
1289 1117 1295 1127 ,

206 1155 270 1221 Sed
299 1153 384 1236 quod
411 1154 474 1218 diri
502 1154 659 1236 scriptum
687 1173 705 1217 a
728 1153 877 1233 Varrone,
907 1155 985 1218 licet
1013 1174 1121 1218 eorum
1151 1153 1194 1218 sit
1216 1152 1316 1216 histo-

158 1265 248 1328 ricus
279 1262 428 1343 idemque
460 1261 680 1339 doctissimus,
718 1262 854 1326 fortasse
892 1282 966 1326 uere
1000 1265 1120 1326 factum
1153 1281 1223 1326 esse
1255 1281 1316 1326 uon

159 1370 308 1445 credunt3
333 1373 389 1433 aut
407 1368 561 1450 quianon
582 1367 637 1432 diu
657 1368 777 1433 mansit
794 1369 877 1433 alius
897 1368 1039 1433 eiusdem
1059 1368 1172 1432 sideris
1193 1387 1316 1446 corsae,

160 1475 220 1540 sed
251 1474 389 1540 reditum
417 1477 466 1538 est-
495 1474 535 1537 ad
563 1473 706 1548 solitum,
738 1475 844 1539 minus
873 1476 935 1540 isto
965 1478 1133 1540 mouentur
1162 1475 1315 1557 exemplo.

115 1605 140 1644 11
161 1584 292 1647 Habent
324 1601 398 1666 ergo
431 1581 529 1660 aliud,
562 1582 646 1664 quod
679 1584 774 1646 etiam
807 1603 889 1646 nunc
917 1583 1020 1664 possit
1053 1581 1177 1647 ostendi
1206 1582 1316 1663 eisque

159 1694 243 1772 puto
268 1687 381 1752 debere
404 1686 560 1765 sufficere,
585 1707 647 1769 quo
672 1692 939 1765 commoneantur,
964 1707 1036 1752 cum
1061 1687 1181 1769 aliquid
1205 1686 1316 1751 aduer-

160 1796 263 1861 teu'nt
291 1795 322 1858 in
352 1793 458 1876 aliqua
484 1794 686 1858 institutione
714 1798 845 1859 naturae
870 1814 1001 1878 eamque
1033 1794 1094 1858 sibi
1119 1793 1317 1858 notissimam

161 1902 308 1976 fecerint,
332 1921 393 1966 non
417 1919 450 1964 ae
473 1899 546 1964 iude
570 1901 637 1964 Deo
663 1901 775 1964 debere
798 1901 1022 1982 praescribere,
1048 1900 1139 1983 quasi
1163 1919 1232 1964 eam
1255 1917 1316 1962 non

160 2009 269 2094 possit
299 2008 331 2072 in
362 2007 455 2090 longe
489 2006 585 2085 aliud,
619 2027 715 2090 quam
744 2006 789 2072 eis
818 2009 946 2091 cognita
975 2011 1034 2086 cst,
1063 2010 1186 2072 uertere
1214 2005 1316 2088 adque

115 2140 140 2178 11
160 2120 298 2182 mutare.
328 2115 424 2178 Terra
451 2113 661 2179 Sodomorum
688 2134 750 2178 non
779 2115 842 2178 fuit
866 2115 975 2198 utique
1006 2119 1042 2177 ut
1064 2133 1147 2178 nunc
1171 2115 1230 2188 est,
1260 2110 1315 2176 sed

157 2219 288 2288 iacebat
311 2221 408 2286 simili
427 2221 541 2285 ceteris
561 2220 641 2286 facie
661 2221 834 2304 eademque
859 2222 910 2286 uel
931 2222 1026 2286 etiam
1045 2221 1190 2285 uberiore
1210 2219 1316 2282 secun-

159 2331 265 2395 ditato
288 2328 443 2412 pollebat,
468 2347 540 2392 uam
558 2327 619 2392 Dei
637 2327 783 2409 paradiso
803 2329 834 2392 iu
855 2328 972 2392 diuinis
992 2327 1127 2410 eloquiis
1149 2328 1317 2410 conparata

158 2443 222 2504 est.
247 2437 336 2500 Haec
358 2438 470 2518 postca
492 2453 586 2516 quam
609 2438 694 2500 tacta
719 2435 758 2498 de
781 2437 868 2500 caelo
894 2438 953 2513 est,
978 2435 1064 2500 sicut
1086 2434 1214 2498 illorum
1240 2452 1316 2516 quo-

159 2563 227 2628 que
255 2542 432 2607 adtestatur
458 2541 592 2606 historia
619 2545 652 2606 et
678 2561 761 2606 nune
789 2542 828 2605 ab
858 2543 903 2606 eis
933 2542 988 2624 qui
1016 2541 1151 2606 ueniunt
1179 2539 1217 2604 ad
1245 2540 1318 2604 loca

115 2673 142 2712 11
158 2653 221 2722 illa
250 2649 455 2731 conspicitur,
483 2648 667 2732 prodigiosa
694 2648 827 2732 fuligine
850 2649 971 2713 horrori
1001 2651 1051 2712 est
1074 2651 1106 2712 et
1129 2665 1223 2730 poma
1247 2646 1316 2711 cius

158 2752 345 2822 interiorem
373 2755 517 2820 fauillam
547 2754 691 2819 mendaci
718 2754 885 2838 superficie
914 2755 1106 2820 maturitatis
1138 2753 1316 2818 includunt.

159 2867 247 2930 Ecce
271 2882 331 2928 nou
357 2865 424 2926 erat
446 2862 530 2939 talis,
558 2862 590 2924 et
613 2862 687 2927 talis
712 2865 771 2925 est.
800 2863 882 2926 Ecce
906 2882 923 2926 a
947 2861 1107 2927 conditore
1132 2865 1315 2926 naturarum

160 2973 279 3034 natura
305 2969 373 3033 eius
397 2968 428 3033 iu
452 2968 533 3031 banc
557 2967 776 3032 foedissimam
805 2967 1024 3032 diuersitatem
1053 2966 1190 3030 mirabili
1214 2969 1316 3030 muta-

159 3080 252 3142 tione
276 3094 430 3139 connersa
454 3078 516 3148 est;
543 3077 575 3137 et
598 3074 683 3157 quod
707 3076 780 3157 post
803 3078 869 3138 tam
893 3075 1024 3159 longum
1044 3073 1158 3138 accidit
1177 3077 1316 3156 tempus,

116 3207 142 3246 11
161 3189 231 3247 tam
254 3184 350 3264 longo
373 3185 515 3263 temporo
539 3185 730 3263 perseuerat.

211 3289 303 3355 Sicut
326 3307 399 3372 ergo
423 3287 569 3353 nonfuit
592 3288 779 3369 inpossibile
803 3287 881 3356 Deo.
907 3306 985 3369 quas
1009 3287 1115 3352 uoluit
1137 3287 1317 3363 instituere,

161 3398 212 3462 sic
237 3395 266 3460 ei
289 3415 350 3460 uon
374 3398 424 3459 est
446 3394 644 3477 inpossibile,
667 3393 699 3458 in
723 3393 878 3476 quidquid
898 3395 1045 3470 uoluerit,
1066 3413 1144 3476 quas
1163 3393 1316 3472 instituit,

161 3505 289 3567 mutare
312 3505 450 3565 naturas.
473 3501 563 3566 Unde
587 3500 715 3565 illorum
743 3519 869 3584 quoque
893 3500 1117 3564 miraculorum
1141 3499 1315 3564 multitudo

163 3609 324 3686 siluescit,
353 3627 433 3690 quae
463 3612 605 3672 monstra
633 3610 768 3685 ostenta,
797 3611 944 3690 portenta
967 3607 1111 3690 prodigia
1134 3625 1315 3686 nuncupan-

257 3855 290 3907 17
311 3851 378 3907 Gen.
400 3854 441 3916 13,
463 3853 496 3906 10
553 3851 758 3905 remearat.
780 3851 812 3914 V,
834 3853 848 3904 7

205 3977 355 4032 listiusb
432 3978 586 4033 damac
675 3976 837 4046 1111111119
914 3975 929 4027 7
949 3975 1048 4028 ucrab
1143 3991 1275 4028 uoucsse
1297 3991 1315 4026 a

164 4084 222 4121 non
249 4083 341 4121 1111
456 4065 571 4118 dalius
598 4082 675 4130 11111.,·
701 4065 807 4118 taliso
929 4063 1107 4116 9redditurn
1133 4065 1173 4116 be
1281 4063 1315 4116 ad

167 4154 281 4208 solitum
300 4155 387 4208 onab
443 4154 600 4223 ideisque]
622 4154 713 4206 erbis
733 4152 817 4222 qupb
869 4153 898 4205 11
922 4155 1144 4206 commaneantur
1160 4169 1179 4221 p
1235 4153 1267 4206 13
1286 4152 1315 4206 in

168 4243 219 4297 deo
238 4243 254 4296 b
345 4243 378 4295 21
398 4241 532 4296 mendacii
552 4242 595 4310 bp
680 4243 790 4309 matun]
812 4240 982 4294 auctoritatis
1003 4241 1018 4294 b
1105 4239 1279 4294 includuntur
1299 4241 1314 4294 11

167 4334 203 4386 25
221 4333 411 4402 perseueratnr
431 4330 446 4382 b
501 4331 535 4383 29
555 4330 684 4392 siluescit,
705 4347 738 4381 111.
758 4329 827 4383 2111
845 4329 954 4382 uilescit
972 4333 1151 4398 rrrutateou,p
