3192 4959
335 439 386 492 De
415 439 589 492 ciuitate
617 437 680 492 dei
707 439 772 494 lib.
804 437 859 492 XX.
885 455 960 506 cap.
985 438 1008 492 8.
1180 442 1244 504 445

99 653 222 698 numero
261 631 409 715 appellat,
450 651 509 696 uon
548 631 699 696 seducere
737 631 915 705 ecelesiam,
954 631 1078 713 quando
1117 631 1244 713 quidem

98 741 179 805 iilam
208 759 265 804 neo
295 741 421 803 solutus
449 738 561 819 utique
586 736 777 802 seducturus
807 740 864 802 est.
892 737 973 802 Nam
998 738 1138 821 profecto
1164 736 1192 802 ei
1217 739 1244 802 si

99 847 225 931 adligari
249 849 383 910 estnon
411 862 507 927 posse
535 843 687 908 seducere
716 843 784 908 siue
812 863 873 908 uon
897 844 1056 926 permitti:
1086 844 1162 927 quid
1186 846 1246 908 erit

98 953 176 1017 solui
202 953 266 1016 nisi
292 970 389 1034 posse
416 950 567 1016 seducere
596 951 665 1016 siue
695 951 860 1033 permitti?
890 950 982 1030 Quod
1006 951 1090 1016 absit
1112 956 1149 1015 ut
1171 951 1242 1028 fiat;

71 1061 148 1124 ised
170 1059 325 1142 adligatio
349 1058 467 1123 diaboli
490 1061 540 1121 est
563 1076 623 1121 non
647 1057 790 1139 permitti
814 1075 955 1122 exserere
974 1061 1075 1121 totam
1094 1059 1244 1122 tentatio-

97 1186 173 1241 nem,
201 1185 297 1247 quam
320 1166 428 1248 potest
451 1164 503 1228 uel
526 1164 559 1228 ui
583 1165 637 1228 uel
660 1165 733 1229 dolo
758 1163 796 1228 ad
822 1163 1018 1230 seducendos
1043 1165 1187 1230 homines
1211 1165 1243 1227 in

96 1277 211 1354 partem
236 1291 327 1335 suam
351 1269 491 1356 cogendo
515 1269 673 1336 uiolenter
695 1269 955 1335 fraudulentorue
978 1269 1126 1336 fallendo.
1152 1267 1243 1348 Quod

97 1379 120 1441 si
151 1378 390 1461 permitteretur
421 1377 453 1440 in
484 1381 550 1441 tam
582 1378 677 1462 longo
709 1380 850 1459 tempore
884 1380 916 1440 et
945 1378 1031 1441 tanta
1059 1375 1243 1441 infirmitate

96 1486 276 1562 multorum,
304 1484 459 1567 plurimos
487 1483 579 1561 tales,
608 1485 718 1566 quales
747 1483 835 1546 Deus
862 1482 896 1546 id
922 1483 1045 1566 perpeti
1074 1501 1135 1546 uon
1160 1483 1242 1560 uult,

60 1615 80 1650 o
97 1594 125 1654 et
146 1590 256 1654 fideles
280 1590 419 1654 deiceret
441 1594 473 1654 et
495 1609 534 1654 ne
557 1590 722 1654 crederent
746 1589 917 1671 inpediret3
943 1589 1028 1672 quod
1051 1608 1088 1653 ne
1115 1589 1242 1668 faceret,

96 1697 251 1780 adligatus
275 1699 335 1762 est.

136 1804 223 1867 Tunc
251 1806 358 1868 autem
387 1803 540 1879 soluetur,
569 1803 693 1884 quando
722 1806 753 1866 et
776 1803 872 1866 breue
896 1806 1023 1884 tempus
1048 1803 1116 1870 erit.
1147 1803 1240 1882 (Nam

95 1910 194 1974 tribus
227 1911 317 1974 annis
351 1913 383 1974 et
414 1929 470 1974 sex
496 1909 661 1974 mensibus
693 1909 813 1993 tegitur
839 1909 917 1974 totis
945 1909 1012 1973 suis
1046 1929 1241 1992 suorumque

94 2018 215 2083 uiribus
243 2017 437 2101 saeuiturus)
465 2021 497 2083 et
523 2020 604 2082 tales
628 2020 729 2095 erunt,
759 2035 833 2081 cum
857 2017 973 2098 quibus
1003 2017 1030 2080 ei
1054 2016 1241 2100 belligeran-

60 2148 80 2185 n
97 2123 170 2188 duur
198 2129 256 2200 est,
288 2127 326 2188 ut
347 2125 434 2188 uinci
461 2128 550 2188 tanto
578 2124 647 2188 eius
670 2123 780 2205 inpetu
808 2123 997 2204 insidiisque
1021 2143 1080 2188 non
1105 2125 1240 2206 possint.

96 2229 127 2293 Si
148 2234 255 2296 autem
279 2249 451 2314 numquam
476 2231 665 2306 solueretur,
691 2231 796 2294 minus
822 2235 986 2312 appareret
1009 2230 1077 2294 eius
1101 2231 1242 2314 maligna

93 2338 243 2417 potentie.
270 2337 377 2401 minus
405 2341 532 2402 sanctae
560 2337 703 2402 ciuitatis
733 2335 919 2400 fidelissima
947 2335 1099 2417 patientia
1131 2337 1240 2419 proba-

93 2447 186 2520 retur,
218 2444 326 2508 minus
353 2443 489 2526 denique
517 2443 759 2526 perspiceretur,
792 2462 887 2525 quam
914 2461 1029 2526 magno
1058 2443 1126 2506 eius
1156 2445 1238 2508 malo

91 2557 155 2614 tam
177 2551 257 2615 bene
280 2549 377 2614 fuerit
400 2569 477 2613 usus
501 2549 720 2631 Omnipotens,
745 2549 801 2630 qui
820 2567 892 2612 eum
911 2567 968 2612 neo
988 2549 1113 2614 omnino
1132 2549 1239 2614 abstu-

56 2656 129 2719 nlit
160 2676 178 2720 a
206 2656 381 2721 tentatione
414 2660 605 2731 sanctorum,
643 2655 790 2738 quamuis
824 2654 862 2718 ab
896 2675 1003 2719 eorum
1036 2655 1238 2722 interioribus

92 2761 282 2839 hominibus,
319 2763 375 2826 ubi
412 2763 444 2826 iu
476 2763 580 2826 Deum
618 2762 767 2837 creditur,
804 2762 888 2826 foras
920 2762 1067 2837 missum.¹
1101 2766 1138 2826 ut
1169 2762 1237 2826 eius

91 2867 264 2933 forinsecus
299 2867 536 2951 obpugnatione
568 2867 771 2950 proficerent3
808 2871 840 2929 et
866 2867 898 2930 in
931 2867 988 2940 eis,
1017 2867 1071 2948 qui
1100 2872 1174 2932 eunt
1202 2887 1238 2932 eu

90 2979 177 3051 parte
199 2973 311 3056 ipsius,
335 2973 500 3058 adligauit,
525 2991 563 3037 ne
588 2978 738 3056 quantam
761 2976 870 3057 posset
889 2973 1074 3038 effundendo
1100 2977 1133 3038 et
1155 2994 1238 3038 erer-

91 3079 186 3144 cendo
217 3080 374 3144 malitiam
401 3079 646 3144 innumerabiles
675 3079 827 3156 infirmos,
860 3099 895 3144 er
925 3079 1041 3162 quibus
1070 3081 1236 3145 ecclesiam

52 3210 75 3250 u
91 3187 294 3269 multiplicari
321 3190 354 3250 et
381 3186 493 3268 inpleri
520 3186 696 3270 oportebat,
730 3186 809 3250 alios
843 3186 1028 3264 credituros,
1062 3186 1141 3252 ulios
1174 3189 1236 3252 iarn

127 3447 349 3502 iinuumeroe
421 3447 538 3502 aureo
625 3446 960 3516 eisibepppDomt.,·
980 3451 1007 3500 et
1027 3447 1050 3500 si
1070 3465 1101 3514 a‚·
1121 3448 1143 3501 si
1164 3449 1236 3516 einp

89 3536 147 3588 eins
166 3535 288 3605 alligatio
308 3539 351 3589 est
367 3553 453 3604 morp.
473 3553 487 3589 e
557 3536 680 3591 diuciat
698 3537 740 3605 bp
812 3538 828 3589 5
848 3552 968 3589 exserere
988 3555 1016 3604 ρ;
1036 3553 1141 3590 exerere
1157 3537 1237 3606 dep,-

90 3624 212 3677 exherere
231 3643 261 3690 ας
280 3641 404 3678 exercere
423 3641 494 3693 opo
583 3627 600 3678 6
619 3625 663 3678 uel
682 3627 710 3678 ui
729 3639 780 3678 om.
802 3624 817 3678 b
904 3625 919 3676 7
940 3625 1116 3687 uiolenterue,
1136 3627 1235 3680 oramen

88 3711 316 3774 fraudulentum
398 3713 414 3766 9
434 3713 528 3782 quales
546 3731 606 3782 sup.
627 3715 676 3767 lin,
696 3730 709 3788 c
796 3714 829 3766 12
849 3712 970 3765 soluetur
987 3729 1072 3780 usque
1092 3714 1130 3766 od
1147 3715 1234 3768 tribus

89 3800 175 3853 om.h
245 3802 282 3872 et]
304 3803 329 3855 ei
346 3819 365 3871 p
436 3805 511 3855 este
602 3803 634 3856 13
654 3802 830 3870 suorumque]
851 3801 1019 3870 supraqueb
1108 3803 1140 3855 14
1160 3805 1234 3856 eisb

88 3889 120 3942 ‘21
136 3896 201 3958 poet
218 3891 372 3970 hominitus
390 3891 422 3944 in
441 3908 454 3946 e
471 3896 637 3959 sequuntur:
654 3890 682 3943 id
702 3895 745 3943 eet
764 3891 797 3942 ab
818 3905 908 3942 eorum
928 3889 1064 3942 mentibus
1084 3890 1154 3943 iores
1170 3893 1232 3944 mir·

88 3995 147 4030 sum
170 3979 270 4048 inquid.
296 3979 374 4033 Sicut
396 3980 513 4049 contigit
535 3981 563 4033 in
587 3979 629 4034 ido
653 3979 707 4032 iob.
727 3983 759 4031 ut
781 3979 807 4030 in
834 3979 891 4030 eius
916 3978 1045 4031 exteriore
1064 3977 1181 4032 homine.
1205 3980 1233 4034 id

88 4067 177 4120 estin
199 4069 254 4122 eius
283 4085 394 4138 corpore
417 4073 582 4138 potestatem
607 4068 764 4137 accepisset.
787 4069 821 4120 ab
841 4067 964 4121 interiori
983 4073 1072 4120 autem
1092 4068 1120 4120 id
1139 4073 1180 4121 est
1199 4071 1232 4122 ab

88 4155 178 4207 anima
198 4157 242 4209 nel
264 4161 356 4210 mente
381 4157 439 4212 eius
463 4157 535 4210 foras
558 4157 657 4210 missus
677 4162 756 4210 esset.
777 4172 847 4208 unos
867 4155 936 4208 enim
956 4155 1035 4207 homo
1057 4159 1083 4207 et
1103 4158 1232 4209 exteriore

87 4243 195 4297 homine
213 4251 320 4300 constat
339 4248 368 4299 et
385 4245 521 4309 interiore,
541 4246 665 4316 apostolo
685 4245 800 4298 dicente.
819 4243 857 4298 Et
876 4244 898 4296 si
918 4245 1033 4296 exterior
1046 4243 1126 4296 homo
1142 4250 1233 4299 noster

88 4333 272 4403 corrumpitur.
291 4333 341 4388 sed
359 4335 472 4388 interior
490 4338 635 4388 renouetur
690 4334 783 4388 forins.
800 4335 886 4388 eiuso
923 4333 1042 4386 2¹2hise
1079 4334 1231 4388 asininae
