3192 4959
319 453 371 508 De
399 452 574 507 ciuitate
603 451 665 506 dei
692 451 758 507 lib,
785 451 899 505 XVIIII.
929 469 1004 522 cap.
1034 451 1074 507 10.
1106 452 1146 506 1'1.
1243 455 1307 518 389

156 649 268 711 saneto
302 647 418 711 dieitur
447 647 586 730 psalmo:
620 646 755 710 Lauda
789 646 1047 711 Hierusalem
1086 646 1307 721 Dominum,

156 754 359 817 conlauda
387 753 511 818 Deum
538 755 650 817 tuum
680 751 792 827 Sion3
824 753 1011 836 quoniam
1040 753 1309 818 confirmauit

156 879 272 924 seras
304 863 513 943 portarum
548 863 717 935 tuarum,
750 859 960 924 benedixit
995 860 1113 924 filios
1146 863 1239 924 tuos
1270 861 1308 924 iu

154 971 205 1044 te,
237 967 305 1048 qui
333 968 474 1051 posuit
501 967 608 1031 lines
636 970 730 1031 tuos
761 986 909 1050 paoem.
937 965 1067 1046 Quando
1092 968 1174 1030 enim
1200 967 1309 1031 confir-

126 1079 261 1138 ematae
286 1075 404 1138 fuerint
422 1093 508 1138 serae
527 1077 690 1156 portarum
710 1073 791 1151 eius,
810 1074 873 1137 iam
894 1073 924 1137 in
944 1074 1032 1137 illam
1052 1075 1159 1138 nullus
1180 1073 1309 1138 intrabit

154 1199 211 1244 nee
237 1181 277 1244 ab
301 1181 357 1244 illa
379 1181 466 1245 ullus
491 1181 597 1245 exibit.
625 1182 671 1244 Aa
694 1200 751 1262 per
773 1181 833 1244 boo
862 1179 939 1244 lines
971 1181 1039 1244 eius
1064 1199 1132 1244 eam
1156 1181 1307 1246 debemus

154 1287 205 1351 hic
239 1288 426 1371 intellegere
460 1307 581 1370 paoem,
615 1307 710 1370 quam
742 1288 893 1351 uolumus
928 1285 1140 1350 demonstrare
1172 1287 1308 1351 finalem.

153 1393 236 1458 Nam
266 1398 299 1458 et
325 1395 427 1476 ipsius
457 1395 599 1459 ciuitatis
623 1395 796 1476 mysticum
819 1411 944 1470 nomen,
968 1392 1001 1456 id
1025 1396 1073 1458 est
1095 1393 1307 1472 Hierusalem,

155 1500 240 1581 quod
274 1504 307 1564 et
339 1504 409 1566 ante
441 1501 506 1564 iam
538 1500 686 1577 diximus,
724 1499 807 1564 nisio
844 1500 932 1582 pacis
971 1499 1204 1582 interpretatur.
1246 1499 1308 1566 Sed

114 1605 305 1686 aequoniam
327 1606 415 1688 panis
438 1625 552 1670 nomen
581 1605 677 1668 etiam
700 1604 732 1668 in
757 1603 806 1668 his
830 1605 926 1668 rebus
954 1605 1142 1669 mortalibus
1166 1604 1308 1688 frequen-

154 1715 251 1788 tatur,
281 1711 336 1775 ubi
364 1711 475 1792 utique
504 1730 564 1775 non
594 1713 644 1774 est
667 1710 736 1774 uita
760 1712 895 1788 aeterna,
924 1713 1090 1792 propterea
1112 1710 1205 1775 finem
1231 1712 1308 1776 elui-

155 1816 232 1880 tatis
261 1815 369 1893 huius,
403 1816 458 1880 ubi
487 1816 547 1880 erit
575 1835 736 1907 summum
765 1815 882 1880 bonum
912 1816 991 1894 sius,
1025 1821 1184 1882 aeternam
1207 1819 1307 1883 uitam

154 1922 329 1988 maluimus
357 1941 603 1988 commemorare
633 1942 727 2004 quam
750 1941 871 2004 pacem.
901 1923 949 1986 Da
973 1943 1034 2006 quo
1058 1923 1119 1988 fine
1144 1926 1307 2008 apostolus

155 2031 214 2094 ait:
253 2030 365 2094 Nune
403 2049 498 2094 uero
536 2030 706 2094 liberati
744 2049 762 2094 a
798 2034 979 2112 peccato,
1022 2033 1132 2096 serui
1175 2034 1306 2096 autem

114 2165 137 2203 s
155 2137 260 2201 faeti
290 2136 381 2212 Deo,
405 2137 570 2202 habetis
599 2138 778 2202 fructum
802 2140 984 2202 uestrum
1008 2139 1046 2203 in
1072 2140 1307 2204 sanetifica-

156 2243 318 2320 tionem,
348 2243 473 2307 finem
497 2262 592 2307 uero
616 2244 742 2308 uitam
766 2249 988 2309 aeternam.¹
1013 2244 1075 2310 Sed
1098 2265 1209 2311 rursus
1235 2247 1308 2328 quia

155 2349 224 2414 uita
247 2355 373 2414 aeterna
397 2350 435 2413 ab
461 2351 517 2427 eis,
537 2350 591 2432 qui
616 2350 865 2416 familiaritatem
886 2372 946 2416 non
971 2351 1088 2417 babent
1112 2372 1184 2417 eum
1209 2353 1304 2436 serip-

154 2457 237 2521 turis
269 2457 398 2534 sanetis,
431 2460 539 2539 potest
571 2456 672 2540 accipi
705 2457 801 2521 etiam
834 2458 990 2523 malorum
1014 2458 1092 2538 uita,
1121 2459 1173 2524 uel
1198 2479 1307 2524 seeun-

154 2561 231 2625 dum
263 2562 417 2644 quosdam
451 2565 549 2628 etiam
581 2565 788 2647 philosophos
821 2568 949 2648 propter
981 2567 1102 2630 animae
1134 2566 1306 2632 inmortali-

111 2672 254 2735 aotatem
291 2669 345 2733 uel
382 2669 558 2734 seeundum
596 2672 691 2734 etiam
730 2670 823 2734 fidem
857 2674 995 2736 nostram
1030 2677 1158 2756 propter
1188 2693 1305 2758 poenas

152 2775 403 2841 interminabiles
431 2777 600 2859 inpiorum,
630 2777 685 2859 qui
708 2779 819 2859 utique
844 2777 874 2841 in
904 2783 1064 2843 aeternum
1090 2779 1222 2844 eruciari
1245 2801 1306 2846 nnn

152 2885 312 2964 poterunt,
341 2883 403 2948 nisi
427 2885 524 2948 etiam
548 2885 682 2949 uirerint
705 2887 736 2948 in
762 2890 940 2950 aeternum:
969 2887 1114 2968 profecto
1134 2886 1204 2951 finis
1230 2887 1306 2952 ciui-

153 2990 230 3053 tatis
254 2989 363 3066 lmius,
387 2991 418 3053 in
444 3010 505 3072 qno
530 3011 693 3055 summum
717 2992 847 3057 habebit
871 2993 999 3068 bonum,
1024 2993 1077 3057 uel
1101 3013 1160 3076 pax
1183 2995 1213 3058 in
1238 2994 1306 3058 uita

153 3099 281 3159 aeterna
303 3096 361 3188 luel
384 3099 452 3160 uita
476 3099 604 3160 aeterna
631 3098 663 3161 in
687 3118 763 3180 paee
787 3099 941 3164 dicendus
966 3103 1028 3176 est,
1056 3103 1092 3163 ut
1116 3101 1242 3164 facilius
1266 3100 1304 3163 ab

110 3232 135 3271 aa
153 3202 301 3266 omnibus
329 3203 432 3285 possit
458 3203 612 3286 intellegi.
642 3205 778 3269 Tantum
808 3211 856 3270 est
885 3207 967 3270 enim
996 3207 1084 3287 pacis
1113 3207 1239 3285 bouum,
1269 3209 1306 3270 ut

155 3308 250 3372 etiam
277 3311 309 3372 iu
338 3310 433 3374 rebus
458 3311 590 3374 terrenis
615 3311 716 3393 adque
740 3311 929 3376 mortalibus
954 3312 1033 3376 nihil
1057 3313 1179 3396 gratius
1204 3314 1306 3377 soleat

154 3415 265 3493 audiri,
294 3415 374 3479 nibil
402 3416 645 3482 desiderabilius
674 3419 866 3498 concupisci,
899 3419 977 3482 nibil
1010 3423 1168 3500 postremo
1202 3420 1306 3500 possit

153 3521 268 3586 melius
291 3522 437 3587 inueniri.
462 3523 509 3587 De
534 3543 595 3605 quo
620 3523 648 3588 si
667 3524 828 3607 aliquanto
849 3524 970 3589 diutius
989 3526 1078 3606 loqui
1099 3527 1303 3601 uoluerimus,

153 3646 214 3691 non
243 3629 372 3707 erimus,
401 3635 555 3711 quantum
585 3630 728 3706 arbitror,
758 3632 882 3695 onerosi
905 3631 1097 3715 legentibus,
1123 3635 1155 3696 et
1177 3637 1305 3714 propter

244 3819 256 3871 l
277 3819 323 3872 Pa.
345 3819 404 3887 146,
425 3820 458 3873 12
477 3838 537 3890 sqq.
595 3821 628 3874 14
647 3821 724 3876 Rom.
745 3823 770 3884 6,
789 3823 823 3875 22

193 3994 332 4064 lpsalmo
351 4000 445 4051 saneto
465 3997 597 4052 diciture
660 3999 778 4052 2lauda
797 4016 838 4068 ep
912 3998 1076 4052 confortarit
1094 3997 1146 4066 e¹p
1208 3999 1302 4054 3er5

158 4083 242 4151 safres
262 4083 390 4154 solarer
409 4102 523 4156 eraa.‚9
580 4088 660 4140 deni
677 4105 696 4157 9
763 4088 852 4141 5iam
872 4103 932 4156 orep.
953 4089 1034 4140 lim
1106 4087 1155 4140 illa
1171 4104 1189 4156 9
1260 4085 1302 4138 in-

155 4173 275 4242 trauity
337 4174 602 4245 dnullusexiuitq
656 4176 782 4230 thineo
839 4177 871 4229 12
892 4177 976 4228 uitam
997 4178 1151 4228 etnmnme
1216 4174 1248 4228 17
1269 4175 1302 4228 ab

153 4259 196 4313 his
216 4277 260 4314 ao
326 4263 359 4315 19
378 4263 486 4317 oosdam
506 4265 531 4317 e¹
609 4265 692 4318 etiam
710 4281 770 4333 sup.
791 4265 874 4318 lime
964 4265 998 4319 20
1019 4265 1100 4316 etiam
1121 4262 1303 4316 secunduma>

153 4348 187 4400 21
206 4350 425 4405 interminalese
479 4353 514 4407 23
534 4353 606 4423 quod
623 4371 642 4424 9
695 4354 729 4407 28
749 4354 823 4424 quos,
843 4352 861 4406 d
879 4369 958 4416 eros,
975 4369 994 4422 9
