3192 4959
281 449 321 511 70
626 444 651 497 S.
680 442 837 497 Aurelii
865 442 1087 513 Augustini

280 640 460 717 diuidendo,
484 640 544 704 hoo
572 642 622 703 est
648 657 709 703 non
738 642 824 704 recte
851 638 999 717 uiuendo,
1022 642 1055 703 et
1081 624 1230 723 indignus
1258 638 1349 705 cuius
1373 639 1428 703 ad-

279 748 466 830 probaretur
489 746 618 823 oblatio,
639 765 733 828 qnam
757 748 845 810 esset
866 744 1024 821 iniustior,
1047 745 1132 827 quod
1154 746 1282 811 fratrem
1305 746 1428 811 iustum

281 854 379 938 gratis
404 853 536 931 odisset,
561 853 711 917 ostendit.

324 960 394 1023 Non
422 963 529 1023 tamen
558 979 631 1024 eum
659 958 824 1023 dimittens
852 958 920 1021 sine
948 957 1097 1023 mandato
1131 961 1252 1036 sancto,
1279 960 1366 1024 iusto
1399 963 1432 1024 et

281 1066 378 1131 bono:
413 1063 599 1144 Quiesce,
622 1066 740 1146 inquit3
766 1064 813 1129 ad
836 1068 874 1128 te
899 1065 1001 1128 enim
1027 1065 1244 1130 conuersio
1269 1066 1368 1143 eius,
1392 1072 1431 1129 et
1460 1090 1472 1127 s

281 1176 322 1236 tu
357 1172 635 1237 dominaberis
668 1172 800 1236 illius.
834 1171 999 1253 Numquid
1032 1172 1159 1236 fratris?
1191 1171 1296 1237 Absit.
1331 1172 1431 1238 Cuius

280 1278 387 1363 igitur,
421 1278 483 1343 nisi
515 1280 658 1363 peccati?
692 1278 822 1342 Dixerat
855 1278 954 1343 enim:
986 1277 1188 1356 Peccasti,
1218 1282 1288 1345 tum
1318 1279 1432 1343 deiude

280 1385 417 1450 addidit:
450 1384 639 1465 Quiosoe;
670 1385 716 1449 ad
744 1392 781 1449 tc
811 1385 912 1449 enim
942 1386 1160 1450 conuersio
1190 1386 1289 1457 eius,
1319 1390 1359 1450 et
1388 1389 1432 1451 tu

281 1492 557 1557 dominaberis
581 1492 714 1556 illius.
738 1492 851 1556 Potest
875 1491 1004 1573 quidem
1027 1492 1074 1555 ita
1096 1492 1241 1575 intellegi
1265 1492 1305 1556 ad
1324 1492 1432 1574 ipsum

281 1598 442 1663 hominem
466 1598 705 1665 consessionem
729 1616 800 1661 esse
824 1597 1243 1680 debe1·epeocati‚utnulli
1263 1598 1317 1663 alii
1337 1617 1432 1680 quam
1453 1624 1477 1663 ιο

282 1704 343 1769 sibi
367 1704 448 1769 sciat
470 1704 607 1768 tribuere
632 1704 745 1769 debere
769 1704 854 1786 quod
872 1708 993 1786 peccat.
1017 1704 1105 1768 Haec
1124 1710 1174 1769 est
1192 1704 1275 1769 enim
1295 1705 1432 1769 salubris

281 1810 493 1892 paenitentiae
531 1811 687 1875 medicina
722 1814 755 1874 et
786 1812 897 1875 ueniae
929 1810 1041 1893 petitio
1073 1830 1135 1875 non
1166 1810 1350 1893 incongrua,
1384 1816 1432 1888 ut,

282 1917 337 1981 ubi
366 1917 425 1981 ait:
459 1918 514 1981 Ad
546 1924 584 1983 to
618 1918 720 1981 enim
754 1919 971 1990 conuersio
1006 1917 1104 1994 eius,
1132 1936 1195 1981 non
1224 1917 1434 1982 subandiatur

282 2018 372 2100 ‘erit’‚
398 2024 453 2089 sed
477 2024 554 2099 ‘sit‘;
579 2024 802 2106 praecipientis
825 2023 987 2097 uidelicet,
1008 2042 1069 2087 non
1092 2023 1303 2106 praedicentis
1326 2024 1432 2089 modo.

282 2130 371 2195 Tunc
396 2132 478 2195 enim
503 2131 717 2195 dominabitur
741 2130 876 2213 quisque
899 2134 1041 2212 peccato,
1061 2130 1090 2193 si
1110 2130 1144 2193 id
1162 2130 1224 2195 sibi
1241 2149 1303 2195 non
1328 2130 1433 2195 defen·
1452 2153 1477 2193 n

284 2236 384 2302 dendo
409 2238 637 2321 praeposuerit,
663 2237 717 2301 sed
741 2237 929 2319 paenitendo
954 2236 1140 2313 subiecerit3
1165 2237 1305 2320 alioquin
1330 2238 1434 2301 atilli

284 2344 403 2408 seruiet
435 2344 619 2419 dominanti,
649 2343 676 2409 si
708 2344 920 2427 patrocinium
953 2343 1133 2409 adbibuerit
1165 2344 1331 2410 accidenti.
1370 2343 1434 2409 Sed

283 2452 320 2513 ut
343 2451 510 2531 peecatum
532 2448 738 2531 intellegatur
762 2448 1020 2530 concupiscentia
1042 2450 1113 2531 ipsa
1136 2449 1281 2528 carnalis,
1305 2449 1344 2514 de
1372 2469 1435 2532 qua

284 2556 363 2620 dicit
386 2558 564 2639 apostolus:
591 2554 690 2620 Caro
716 2556 980 2639 concupiscit
1003 2556 1202 2621 aduersus
1228 2557 1435 2639 spiritum,

282 2662 314 2725 in
340 2662 431 2726 cuius
457 2662 557 2727 carnis
582 2662 738 2727 fructibus
762 2666 793 2726 et
812 2662 964 2726 inuidiam
985 2667 1221 2740 commemorat,
1241 2682 1303 2746 qna
1321 2665 1434 2746 utiquo
1451 2682 1479 2721 ao

285 2768 360 2834 Cain
394 2768 619 2833 stimulabatur
651 2773 683 2832 et
716 2770 947 2833 accendebatur
974 2769 1005 2832 in
1035 2769 1141 2833 fratris
1175 2770 1320 2834 exitium:
1354 2770 1434 2833 bene

285 2875 475 2941 subauditur
506 2876 594 2953 ‘orit'‚
628 2875 660 2939 id
693 2880 754 2941 est:
785 2876 842 2940 Ad
880 2881 917 2939 te
956 2876 1057 2939 enim
1091 2876 1310 2941 conuersio
1344 2876 1432 2941 eius

285 2982 375 3059 erit,
409 2984 447 3046 et
478 2988 519 3045 tu
559 2981 836 3046 dominaberis
873 2980 1004 3045 illius.
1044 2980 1123 3046 Cum
1157 2982 1242 3045 enim
1275 2988 1435 3046 commota

284 3088 380 3151 fucrit
406 3107 478 3171 pars
505 3088 576 3171 ipsa
605 3088 751 3165 carnalis,
776 3107 871 3169 quam
902 3092 1070 3168 peccatum
1094 3086 1235 3169 appellat
1257 3088 1434 3169 apostolus.

285 3194 340 3257 ubi
372 3193 463 3257 dicit:
496 3194 580 3257 Non
614 3212 685 3276 ego
719 3212 862 3275 operor
892 3192 1008 3270 illud,
1038 3193 1107 3257 sed
1141 3192 1245 3274 quod
1272 3192 1481 3257 habitatas

285 3301 321 3363 in
356 3318 412 3363 me
445 3302 657 3383 peccatum
690 3300 798 3381 (quam
831 3302 953 3381 partem
986 3298 1082 3362 animi
1118 3299 1215 3363 etiam
1251 3298 1435 3381 philosophi

286 3407 396 3471 dicunt
424 3424 494 3471 esso
523 3406 683 3481 uitiosum,
712 3424 772 3469 non
802 3423 881 3486 qnae
908 3409 1047 3469 mentem
1077 3404 1191 3469 debeat
1220 3406 1353 3482 trahere,
1377 3403 1433 3471 sed

286 3514 337 3577 oui
362 3531 449 3576 mons
474 3512 586 3577 debeat
607 3512 760 3593 imperare
784 3530 917 3593 eamque
936 3511 974 3575 ab
994 3511 1125 3575 inlicitis
1145 3512 1293 3594 operibus
1312 3510 1433 3575 ratione

286 3618 461 3701 cohibere);
486 3637 625 3683 —oum
655 3638 728 3701 ergo
758 3622 915 3683 commota
939 3618 1035 3681 suerit
1058 3618 1098 3681 ad
1121 3618 1242 3700 aliquid
1268 3636 1432 3699 perperam

151 3732 153 3739 '
212 3784 215 3789 .
286 3724 558 3803 committendum,
578 3726 605 3790 si
625 3726 808 3808 quiescatur
828 3730 859 3788 et
878 3726 1113 3808 obtemperetur
1132 3725 1248 3790 dicenti
1271 3724 1431 3806 apostolo:
1451 3748 1481 3789 so

286 3831 367 3896 Neo
392 3832 669 3897 exhibueritis
695 3831 869 3895 membra
893 3836 1033 3896 uestra
1057 3851 1163 3896 arma
1188 3830 1430 3914 iniquitatis

378 4040 409 4092 lo
430 4036 489 4093 Gal.
511 4040 535 4101 5,
556 4038 588 4091 17
643 4040 676 4093 25
696 4038 772 4094 Rom.
794 4040 818 4103 7,
840 4038 871 4091 17
928 4038 960 4091 sl
981 4037 1021 4090 ib:
1039 4039 1064 4106 6,
1087 4038 1119 4093 13

324 4164 355 4216 17
375 4161 510 4217 accidenti
534 4160 637 4229 Vaep
649 4178 704 4228 uo;
723 4162 862 4216 accedenti
882 4161 923 4233 hp
941 4160 1041 4215 Domb.
1115 4163 1149 4215 20
1169 4162 1210 4215 uti
1234 4160 1268 4215 V¹
1336 4162 1371 4215 21
1390 4161 1430 4214 in-

287 4253 387 4305 stimul.
412 4252 437 4305 V
525 4252 559 4305 23
579 4251 619 4303 illi
643 4250 678 4305 V¹
758 4257 824 4319 post
843 4250 918 4305 illius
936 4252 967 4304 in
987 4268 1000 4304 e
1019 4251 1132 4321 decitur:
1149 4250 1246 4304 Potest
1265 4248 1374 4319 quidem
1392 4252 1432 4303 itu

286 4340 418 4409 intellegi.
440 4340 485 4409 (cs,
509 4342 535 4407 9)
