3192 4959
355 502 406 555 Do
435 502 610 555 ciuitate
639 502 701 556 dei
729 503 793 558 lib.
824 504 908 559 XVII.
939 522 1013 577 cap.
1045 508 1085 561 12.
1228 512 1292 575 243

139 698 302 762 exultabat
335 697 437 779 adque
470 697 645 761 insultabat
678 716 747 763 esse
777 700 952 781 captiuum,
982 702 1058 783 qnid
1086 702 1172 767 aliud
1198 724 1292 786 quarn

140 806 258 869 Christi
282 805 573 875 commutationem.
604 805 659 869 sed
683 806 857 871 scientibus
882 808 1038 885 nescisne,
1064 811 1291 892 exprobrabat?

139 912 178 975 Et
205 912 280 975 ideo
310 911 395 993 quod
423 911 576 991 seqnitur,
607 912 662 975 ubi
686 914 831 995 psalmus
855 914 915 977 istc
941 916 1155 981 concluditur:
1180 918 1291 981 Bane-

140 1018 259 1083 dictio
292 1017 444 1081 Domini
476 1018 512 1080 in
543 1021 750 1083 aeternum:
780 1019 860 1097 fiat,
889 1020 970 1099 fiat,
995 1022 1144 1086 uniuerso
1169 1025 1287 1106 populo

111 1125 197 1189 aDei
235 1125 276 1188 ad
313 1127 482 1189 caelestem
518 1124 718 1188 Hierusalem
752 1127 921 1207 pertinenti
960 1128 1028 1191 siue
1060 1129 1092 1191 in
1126 1130 1201 1205 illis,
1236 1132 1290 1211 qui

138 1232 281 1296 latebant
307 1232 340 1295 in
372 1234 564 1295 testamento
593 1234 711 1309 uetere,
741 1235 910 1315 antequam
939 1234 1135 1299 reuelaretur
1159 1256 1289 1316 nouum,

139 1338 206 1402 sine
242 1340 276 1401 in
315 1338 375 1416 his,
412 1338 466 1419 qui
504 1338 566 1402 iam
603 1341 794 1402 testamento
832 1358 914 1403 nouo
947 1341 1089 1405 reuelato
1122 1342 1289 1408 manifeste

138 1445 294 1525 pertinere
328 1448 498 1508 comuntur
529 1444 568 1507 ad
598 1443 771 1521 Christum,
806 1447 884 1511 satis
919 1449 1074 1531 congruit.
1104 1448 1288 1514 Benedictio

139 1552 255 1633 quippe
293 1550 422 1614 Domini
459 1551 491 1613 in
528 1551 648 1614 semine
681 1550 786 1614 Dauid
818 1570 879 1616 non
912 1552 949 1615 ad
988 1552 1115 1635 aliquod
1149 1557 1289 1645 tempus,

100 1678 122 1714 ro
139 1658 241 1737 qualis
271 1656 384 1720 diebus
414 1656 592 1721 Salomonis
622 1658 776 1740 apparuit,
806 1658 861 1722 sed
889 1661 920 1722 in
945 1664 1108 1724 aeternum
1134 1664 1289 1744 speranda

138 1768 195 1839 est,
227 1764 259 1828 in
295 1784 358 1847 qua
390 1764 568 1829 certissima
600 1784 656 1847 spe
690 1764 820 1829 dicitur:
850 1766 943 1844 Fiat
973 1767 1053 1831 fiat.
1081 1768 1174 1832 Illius
1205 1771 1286 1832 enirn

139 1871 205 1952 spei
223 1876 275 1935 cst
294 1870 489 1935 confirmatio
510 1870 600 1934 uerbi
623 1870 719 1934 buius
743 1872 882 1939 iteratio.
906 1870 976 1937 Hoc
1001 1892 1074 1957 ergo
1099 1874 1286 1958 intellegens

139 1976 241 2042 Dauid
266 1978 312 2042 ait
334 1979 367 2041 in
386 1978 525 2043 secundo
543 1998 712 2063 regnorum
731 1979 822 2056 libro,
843 1980 924 2043 unde
949 1980 988 2043 ad
1007 1981 1106 2043 istum
1125 1982 1287 2063 psalmum

138 2085 274 2169 digressi
306 2104 434 2149 sumus:
468 2085 513 2148 Et
544 2085 699 2149 locutus
733 2105 770 2149 es
804 2106 869 2169 pro
900 2086 1005 2151 domo
1036 2088 1138 2152 serni
1168 2088 1225 2151 tui
1249 2089 1285 2152 in

98 2210 120 2247 1⁵
136 2192 395 2277 longinquum.
424 2191 499 2255 Ideo
523 2194 630 2256 autem
653 2193 728 2274 post
754 2192 920 2273 paululum
945 2193 1003 2255 ait:
1032 2190 1138 2257 Nunc
1161 2192 1285 2277 incipe

137 2303 173 2361 et
204 2298 366 2363 benedic
400 2297 551 2361 domum
585 2297 687 2361 serui
722 2297 778 2360 tui
811 2317 928 2379 usque
961 2298 997 2360 in
1031 2302 1225 2363 aeternum
1255 2304 1286 2363 et

136 2408 249 2482 cetera,
276 2406 351 2486 quia
373 2407 449 2468 tunc
474 2404 639 2486 geniturus
662 2402 864 2481 arabilium,
889 2424 924 2468 ex
949 2423 1010 2486 quo
1029 2406 1196 2489 progenies
1216 2406 1285 2470 eius

136 2510 307 2575 duceretur
338 2510 377 2574 ad
410 2508 582 2587 Christum,
614 2530 670 2593 per
703 2530 796 2593 quem
830 2510 937 2575 futura
970 2515 1037 2573 erat
1069 2511 1182 2575 domus
1216 2512 1283 2577 eius

134 2622 262 2682 aeterna
294 2617 467 2700 eademque
500 2616 613 2680 domus
647 2618 716 2681 Dei.
749 2618 873 2681 Domus
907 2616 989 2683 enim
1025 2615 1128 2680 Dauid
1157 2622 1285 2700 propter

90 2744 115 2779 w
134 2744 235 2808 genus
259 2722 379 2799 Dauid;
403 2724 517 2788 domus
542 2728 648 2787 autem
673 2724 732 2787 Dei
757 2726 865 2787 eadem
890 2724 961 2807 ipsa
983 2725 1110 2806 propter
1128 2724 1283 2806 templum

131 2832 191 2895 Dei
226 2832 264 2895 do
297 2831 477 2896 hominibus
505 2830 635 2907 iactum,
663 2847 724 2893 non
753 2829 791 2893 de
819 2830 990 2913 lapidibus,
1019 2830 1074 2894 ubi
1104 2830 1281 2893 habitatin

131 2942 295 3002 aeternum
328 2937 467 3020 populus
500 2956 573 3001 cnm
605 2936 673 3001 Deo
707 2939 739 3000 et
770 2937 801 2999 in
833 2937 900 3000 Deo
934 2956 1002 3014 suo,
1033 2940 1065 3001 et
1092 2936 1179 3001 Deus
1210 2956 1283 3001 oum

130 3045 251 3128 populo
275 3044 377 3125 adque
400 3044 430 3108 in
451 3044 569 3127 populo
590 3062 661 3117 suo;
681 3044 728 3106 ita
745 3045 783 3106 ut
802 3044 889 3107 Deus
914 3044 957 3107 sit
979 3043 1102 3127 inplens
1127 3044 1281 3126 populum

131 3171 239 3226 suum,
263 3155 295 3215 ct
322 3153 461 3233 populus
489 3152 602 3232 plenus
631 3149 699 3213 Deo
728 3168 796 3227 suo,
829 3168 902 3213 cum
925 3149 1012 3213 Deua
1038 3150 1096 3213 erit
1120 3150 1226 3214 omnia
1249 3150 1281 3213 in

86 3278 112 3317 aa
130 3257 290 3335 omnibus,
322 3258 390 3341 ipse
422 3257 454 3321 in
486 3276 563 3337 pace
593 3256 779 3340 praemium,
809 3256 863 3337 qui
892 3256 995 3319 uirtus
1024 3256 1054 3319 in
1085 3255 1178 3320 bello.
1206 3255 1280 3319 ldeo

129 3384 206 3427 cum
231 3365 259 3427 in
281 3364 388 3428 uerbis
408 3363 535 3427 Nathan
555 3362 674 3425 dietum
696 3362 751 3426 sit:
774 3362 821 3425 Et
843 3361 1035 3426 nuntiabit
1058 3361 1132 3424 tibi
1157 3361 1282 3425 Domi·

129 3488 210 3547 nus,
244 3470 417 3553 quoniam
451 3468 598 3534 domum
632 3467 861 3532 aedificabis
894 3467 980 3551 ipsi,
1013 3472 1125 3550 postea
1158 3467 1279 3532 dictum

129 3581 180 3642 est
213 3578 243 3641 in
267 3577 373 3642 uerbis
397 3576 517 3640 Dauid:
552 3574 734 3654 Quoniam
763 3579 804 3638 tu
832 3575 1015 3639 Dominus
1041 3574 1278 3656 omnipotens

129 3684 230 3748 Deus
247 3683 380 3760 Israel,
405 3682 588 3747 reuelasti
614 3701 739 3745 aurem
760 3681 863 3744 serui
882 3680 938 3744 tui
959 3680 1103 3744 dicens:
1123 3680 1279 3743 Domum

218 3962 296 4016 31³⁸.
316 3961 361 4029 88,
379 3960 414 4015 50
433 3978 492 4030 sqq.
583 3961 616 4013 14
635 3959 707 4029 Reg.
727 3958 764 4025 ΙΙ,
784 3960 809 4023 7,
832 3960 877 4023 19;
897 3958 931 4012 29
1004 3959 1038 4011 25
1059 3958 1082 4011 1.
1103 3956 1162 4011 Cor.
1184 3959 1224 4021 15,
1244 3957 1279 4010 28

126 4052 162 4104 26
182 4050 248 4119 Reg.
266 4050 302 4115 ll,
324 4052 348 4113 7,
370 4052 416 4114 11;
436 4050 469 4104 21

163 4229 320 4299 bacterip
386 4227 502 4298 ildeip
578 4226 612 4281 ad
631 4244 692 4295 sup.
713 4227 798 4297 liuga
867 4227 899 4279 12
919 4226 976 4291 eiqq
995 4224 1105 4278 uerbie
1175 4224 1207 4276 13
1228 4222 1272 4291 ad]

126 4320 190 4369 ete
276 4316 681 4387 rspaulolump;pau1ume
770 4316 805 4368 23
829 4331 877 4367 suo
901 4330 988 4370 ome
1096 4312 1161 4365 deus
1181 4326 1232 4364 om.
1252 4312 1277 4364 e¹

126 4405 162 4456 21
184 4404 260 4460 aedis.
280 4406 388 4459 domum
408 4422 421 4458 e
480 4406 514 4459 29
534 4405 640 4458 dicens:
660 4404 788 4472 Domum]
809 4402 997 4456 dicendomum
1016 4420 1044 4469 e;
1063 4402 1170 4455 domum
1189 4416 1241 4454 om.
1263 4419 1276 4470 ρ

1188 4507 1236 4559 16*
