3192 4959
312 407 377 470 422
475 485 479 491 .
663 403 690 457 S.
718 405 876 486 durelii
903 405 1146 473 Augustini·
1189 431 1192 438 ·

313 599 412 664 oratio
445 599 546 663 totius
579 598 721 662 ciuitatis
753 597 824 674 Dei,
853 617 933 680 quae
961 599 1180 683 peregrinatur
1211 599 1242 663 in
1270 599 1376 664 terris.
1402 598 1457 662 Per

313 707 417 770 omnia
436 705 553 787 quippe
571 705 714 768 membra
732 724 792 769 sua
811 704 928 768 clamat
946 705 985 768 ad
1005 704 1124 768 Deum:
1148 704 1323 770 Dimitte
1346 705 1458 769 nohis

313 812 454 878 debita
476 814 627 887 nostra,
654 811 766 876 sicut
786 814 823 876 et
842 831 912 876 nos
933 810 1183 876 dimittimus
1204 811 1458 878 debitoribus

313 919 478 985 nostris.
510 918 578 982 Nec
605 937 661 1000 pro
690 917 736 982 cis
765 923 815 982 est
843 917 952 982 efficax
980 917 1059 982 haec
1087 917 1198 998 oratio,
1227 937 1364 1000 quorum
1386 917 1459 982 fides

314 1026 382 1090 sine
419 1025 567 1107 operibus
604 1027 730 1089 mortua
762 1027 827 1100 est3
866 1024 922 1088 sed
953 1044 1009 1107 pro
1043 1024 1098 1102 ais,
1134 1043 1268 1106 quorum
1300 1023 1381 1088 fides
1410 1043 1497 1106 pers

314 1132 517 1197 dilectionem
542 1134 699 1214 operatur.
729 1130 812 1210 Quia
835 1131 919 1196 euim
943 1132 1010 1196 Deo
1035 1131 1164 1213 quidem
1188 1130 1327 1206 subdita,
1351 1131 1383 1194 in
1407 1131 1459 1194 hac

312 1241 419 1303 tamon
443 1237 626 1302 condicione
649 1236 776 1302 mortali
800 1240 833 1300 et
856 1255 986 1319 corpore
1014 1237 1223 1318 corruptibili,
1248 1237 1334 1318 quod
1358 1235 1460 1321 adgra-

314 1347 371 1409 uat
393 1345 540 1421 animam,
565 1362 625 1407 non
649 1345 787 1425 perfecte
810 1343 900 1408 uitiis
924 1343 1060 1426 imperat
1082 1344 1173 1421 ratio,
1198 1343 1269 1407 ideo
1288 1344 1459 1408 necessaria

315 1455 365 1516 est
395 1451 491 1514 iustis
523 1451 598 1514 talis
631 1449 741 1514 oratio.
774 1448 857 1514 Nam
890 1451 1030 1532 profecto
1060 1469 1252 1532 quamquam
1282 1451 1458 1533 imperetur,

314 1577 513 1639 nequaquam
537 1557 604 1620 siue
628 1555 778 1621 conflictu
801 1555 891 1620 uitiis
914 1557 1105 1637 imperatru·;
1135 1559 1166 1620 et
1189 1557 1300 1639 utique
1324 1557 1459 1636 subrepit
1474 1579 1494 1617 u

314 1664 434 1746 aliquid
465 1666 498 1728 in
530 1663 591 1726 hoo
621 1662 692 1726 loco
724 1661 920 1726 infirmitatis
954 1663 1051 1727 etiam
1077 1664 1157 1728 bene
1185 1663 1369 1746 confligenti
1396 1662 1457 1724 siue

314 1771 462 1835 hostibus
493 1770 613 1834 talibus
645 1769 743 1833 uictis
776 1769 979 1851 subditisque
1013 1769 1197 1849 dominanti,
1230 1770 1315 1834 unde
1346 1769 1372 1833 si
1403 1787 1456 1832 non

314 1876 402 1942 facili
425 1877 616 1958 operatione,
640 1880 724 1940 certe
747 1875 837 1940 labili
860 1875 1021 1940 locutione
1045 1879 1101 1939 aut
1123 1876 1249 1941 uolatili
1273 1875 1455 1959 cogitatione

315 1986 473 2066 peccetur.
504 1983 547 2047 Et
573 1982 655 2059 ideo,
688 1982 841 2065 quamdiu
869 1981 958 2046 uitiis
986 1981 1170 2063 imperatur,
1198 1983 1293 2065 plena
1319 2001 1376 2066 par
1402 1999 1454 2044 non

316 2096 376 2167 est,
401 2090 475 2171 quia
499 2094 531 2153 et
548 2089 614 2167 illa,
634 2108 715 2172 quae
733 2091 900 2166 resistunt,
920 2089 1098 2171 periculoso
1119 2087 1318 2153 debellantur
1335 2087 1453 2172 proelio,
1470 2110 1488 2146 u

317 2203 349 2262 et
379 2198 444 2272 illa,
478 2216 558 2278 quae
589 2196 678 2260 uicta
705 2198 790 2273 sunt,
818 2195 956 2260 nondum
986 2214 1097 2261 securo
1126 2196 1363 2277 triumphantur
1388 2194 1454 2268 otio,

316 2305 373 2368 sed
397 2304 498 2367 adhuc
522 2302 661 2367 sollicite
685 2305 873 2386 premuntur
895 2302 1039 2383 imperio.
1063 2303 1098 2366 ln
1123 2303 1174 2366 his
1193 2320 1267 2386 crgo
1287 2299 1454 2366 tentationi·

316 2411 387 2489 bus,
421 2410 459 2473 de
487 2409 604 2490 quibus
633 2409 780 2474 omnibus
807 2410 839 2473 in
869 2408 985 2472 diuinis
1015 2408 1150 2490 eloquiis
1177 2407 1320 2472 breuiter
1346 2407 1452 2471 dictum

317 2521 381 2580 est:
408 2515 612 2597 Numquid
640 2534 713 2579 nun
743 2516 921 2578 tentatio
952 2519 1013 2579 est
1043 2515 1129 2579 uita
1153 2514 1325 2579 humana
1347 2531 1453 2596 super

317 2626 489 2686 terram?
528 2621 600 2702 quis
637 2622 683 2685 ita
719 2620 829 2684 uiuere
868 2639 901 2684 se
938 2625 1131 2702 praesumat,
1171 2626 1209 2688 ut
1246 2622 1349 2686 dicere
1380 2621 1486 2684 Dema

318 2729 492 2792 Dimitte
524 2727 641 2792 nobis
675 2725 813 2790 debita
844 2729 985 2790 nostra
1018 2746 1146 2790 neccsse
1175 2747 1235 2792 non
1264 2728 1377 2792 haheat
1402 2724 1452 2789 nisi

318 2837 413 2898 homo
442 2834 570 2897 elatus?
594 2851 651 2897 nec
674 2851 749 2896 uero
774 2852 920 2916 magnus,
949 2831 1005 2896 sed
1028 2832 1155 2897 inflatus
1180 2853 1215 2896 ac
1238 2833 1389 2909 tumidus,
1411 2830 1452 2892 oui

316 2959 374 3020 per
396 2939 553 3003 iustitiam
575 2939 707 3016 resistit,
733 2938 785 3020 qui
812 2937 947 3022 gratiam
970 2938 1106 3020 largitur
1128 2939 1314 3004 humilibus.
1338 2940 1454 3020 Propter

319 3044 404 3125 quod
428 3043 584 3125 scriptum
608 3048 675 3107 est:
699 3043 806 3108 Deus
832 3043 1023 3125 superbis
1043 3044 1220 3113 resistit.
1241 3044 1451 3111 humilibus

319 3154 453 3214 autem
479 3148 547 3211 dat
569 3151 753 3232 gratiam.
778 3151 840 3215 Hic
863 3149 972 3232 itaque
994 3151 1026 3213 iu
1051 3169 1243 3234 unoquoque
1267 3153 1387 3217 iustitia
1403 3153 1485 3218 estu

319 3261 357 3320 ut
380 3255 559 3320 oboedienti
583 3255 670 3319 Deus
694 3255 824 3333 homini,
851 3257 975 3321 animus
996 3259 1129 3341 corpori,
1148 3259 1228 3323 ratio
1254 3263 1358 3323 autern
1377 3255 1451 3318 uitiis

320 3363 415 3426 etiam
449 3362 700 3444 repugnantibus
732 3363 876 3445 imperat,
905 3364 957 3428 uel
990 3363 1167 3448 subigendo
1199 3366 1251 3429 uel
1284 3361 1451 3434 resistendo,

319 3470 421 3550 adque
449 3473 486 3532 ut
513 3469 550 3531 ab
577 3468 649 3551 ipso
678 3469 744 3534 Deo
773 3473 900 3552 petatur
927 3474 959 3534 et
982 3473 1168 3536 meritorum
1197 3472 1300 3556 gratia
1322 3475 1354 3535 et
1374 3467 1451 3534 uenia

250 3652 253 3667 Ι
319 3574 508 3639 delictorum
537 3593 573 3638 ac
601 3574 640 3639 de
668 3577 806 3659 acceptis
835 3576 926 3641 bonis
950 3578 1122 3660 gratiarum
1152 3578 1235 3642 actio
1259 3579 1449 3660 persoluetur.

409 3766 556 3830 astaus,
578 3767 610 3818 12
683 3767 818 3830 41ac,2,
841 3767 872 3820 17
893 3785 953 3836 sqq.
1026 3766 1203 3832 abactas
1273 3765 1448 3837 mapali

323 3855 356 3907 19
374 3853 423 3907 Iob
444 3855 501 3918 7,1
560 3853 981 3921 24120.4,o;1.Petr.5‚a

358 4029 489 4098 ltotius]
510 4029 589 4083 huius
603 4047 625 4098 p
667 3991 765 4094 trion,
784 4032 816 4082 in
834 4048 920 4098 uturp.
939 3991 1032 4094 {icco
1071 4033 1154 4087 baed
1173 4031 1231 4102 ipsa
1251 4033 1324 4086 eisb
1362 4027 1444 4084 Brutia

321 4121 437 4188 imperat
455 4135 473 4172 o
526 4119 736 4187 9tamquamb
787 4121 819 4173 10
839 4121 963 4187 subripet
979 4138 997 4190 p
1051 4120 1154 4190 aliquid
1174 4121 1315 4190 subrepo
1363 4119 1391 4172 13
1407 4115 1445 4168 fla-

320 4207 371 4260 bili
391 4207 417 4278 ρι
502 4207 536 4260 20
556 4206 666 4277 diceret,
685 4211 697 4260 t
715 4224 830 4271 eroa.,e
916 4210 947 4261 21
969 4226 1022 4263 non
1042 4225 1186 4264 necessev
1273 4211 1306 4264 23
1324 4207 1444 4266 resistere

323 4296 381 4365 qu]
400 4312 417 4363 n
437 4310 451 4348 e
