3192 4959
316 442 380 505 264
665 438 693 492 S.
721 435 877 489 Aurelii
904 434 1120 503 Augustini

314 633 496 717 prophetae,
522 633 575 715 qui
599 633 694 697 etiam
720 632 878 695 mirabilia
901 631 1002 695 multe
1025 631 1176 707 fecerunt,
1196 630 1307 694 Helias
1327 632 1360 691 et
1377 628 1454 691 Heli·

316 760 409 804 saeus
443 740 619 822 discipulus
653 740 737 814 eius;
775 738 821 801 ibi
855 738 949 802 etiam
987 738 1102 801 dicenti
1135 737 1261 801 Heliae:
1296 735 1453 809 Domino,

317 848 520 930 prophotas
554 849 640 909 tuos
678 845 909 922 occiderunt,
948 844 1084 908 altaria
1116 846 1180 907 tua
1212 842 1454 917 suffoderunt,

318 956 354 1017 et
378 972 444 1037 ego
468 953 630 1017 relictus
654 971 732 1016 sum
759 950 876 1027 solus,
898 954 935 1014 et
953 952 1137 1033 quaerunt
1161 950 1318 1013 animam
1337 968 1455 1023 meam,

316 1078 503 1141 responsum
532 1062 581 1123 est
609 1077 679 1122 esse
706 1057 773 1121 illic
798 1060 920 1139 septem
943 1057 1032 1121 milia
1059 1056 1210 1135 uirorum,
1235 1056 1371 1138 quinon
1396 1073 1456 1118 cur·
1482 1074 1491 1110 r

317 1169 476 1230 uenerunt
498 1185 601 1249 genua
625 1169 697 1229 ante
721 1164 833 1227 Bahal.

753 1356 890 1421 CAPUT
913 1356 1030 1421 XXIII.

318 1500 369 1563 De
402 1499 508 1564 uario
543 1498 742 1581 utriusque
774 1498 879 1581 regni
913 1498 1166 1561 Hebraeorum
1201 1499 1316 1574 statu,
1350 1495 1457 1559 donec

319 1609 427 1671 ambo
461 1607 592 1690 populi
625 1607 659 1669 in
689 1605 953 1687 captiuitatem
984 1604 1133 1667 diuerso
1165 1606 1331 1685 tempore
1361 1602 1459 1665 duce-

318 1717 458 1790 rentur,
492 1716 670 1777 reuocato
699 1714 833 1793 postea
860 1710 951 1773 Iuda
979 1710 1015 1773 in
1043 1729 1197 1793 regnum
1222 1728 1339 1781 suum,
1369 1706 1458 1790 quod
1476 1730 1493 1767 o

401 1820 609 1883 nouissime
632 1817 667 1881 in
693 1818 939 1881 Romanorum
962 1817 1122 1881 transiIt
1144 1817 1385 1897 potestatem.

364 1962 507 2042 Itemque
543 1961 575 2023 in
613 1977 709 2041 regno
742 1958 823 2022 Inda
854 1958 1029 2040 pertinente
1067 1956 1106 2021 ad
1137 1957 1338 2020 Hierusalem
1371 1954 1459 2018 etiarn

318 2084 427 2148 regum
467 2066 706 2131 succedentium
744 2064 940 2145 temporibus
984 2082 1043 2127 non
1083 2062 1250 2126 defuerunt
1281 2060 1458 2144 prophetam

320 2172 405 2235 sicut
428 2172 495 2235 Deo
518 2172 664 2254 placebat
686 2190 740 2234 eos
764 2171 890 2235 mittere
914 2170 968 2233 uel
995 2169 1034 2233 ad
1057 2168 1354 2251 praenuntiandum,
1382 2166 1461 2250 quod

320 2296 400 2359 opus
425 2281 500 2355 erat,
524 2278 578 2341 uel
601 2278 640 2341 ad
664 2276 861 2359 corripienda
889 2278 1018 2358 peccata
1040 2274 1356 2358 praecipiendamque
1377 2274 1460 2337 iusti·
1478 2299 1496 2338 o

319 2386 408 2449 tiam.
437 2383 519 2448 Nam
547 2390 578 2448 et
605 2384 682 2460 illic,
712 2384 772 2448 etsi
801 2384 895 2466 longe
925 2382 1030 2446 minus
1056 2402 1150 2463 quam
1173 2382 1205 2445 in
1230 2382 1339 2459 Israel,
1363 2382 1460 2445 tamen

321 2491 509 2555 exstiterunt
535 2511 637 2574 reges,
666 2490 721 2573 qui
749 2491 816 2555 suis
845 2489 1051 2570 inpietatibus
1076 2487 1179 2552 Deum
1207 2489 1348 2571 grauiter
1374 2488 1461 2552 olien-

321 2597 430 2661 derent
457 2601 490 2661 et
516 2598 686 2661 moderatis
713 2597 849 2679 flagellis
878 2615 950 2661 oum
980 2596 1096 2678 populo
1121 2594 1218 2659 simili
1246 2596 1460 2676 plecterentur.

321 2704 451 2767 Plorum
475 2723 550 2767 sane
574 2723 684 2787 regum
708 2703 821 2766 merita
843 2702 889 2766 ibi
912 2722 973 2766 non
997 2721 1094 2783 parua
1113 2702 1296 2777 laudantur;
1321 2702 1353 2765 in
1371 2698 1461 2765 Israel

322 2814 429 2874 autem
453 2828 543 2892 reges
567 2810 647 2873 alios
671 2810 784 2892 magis,
810 2808 889 2873 alios
913 2810 1029 2886 minus,
1058 2827 1167 2872 omnes
1191 2811 1296 2871 tamen
1321 2808 1459 2890 reprobos
1475 2831 1496 2869 n

323 2916 467 3001 legimus.
493 2916 633 2997 Utraque
655 2916 756 2998 igitur
777 2936 861 2998 pars,
886 2917 971 2979 sicut
992 2915 1123 2979 iubebat
1146 2913 1253 2977 diuina
1270 2912 1461 2996 prouidentia

322 3022 376 3084 uel
407 3020 541 3099 sinebat,
573 3021 671 3086 uariis
704 3024 736 3085 et
768 3020 949 3104 erigebatur
979 3020 1243 3102 prosperitatibus
1273 3024 1305 3084 et
1332 3018 1461 3084 aduersi-

322 3127 443 3191 tatibus
475 3128 687 3211 premebatur,
721 3132 753 3191 et
785 3127 832 3191 sic
865 3127 1074 3209 adfligebatur
1100 3146 1161 3190 non
1189 3126 1293 3191 solum
1324 3124 1459 3196 externis,

321 3252 433 3297 uerum
464 3234 560 3298 etiam
589 3234 670 3299 inter
697 3254 731 3298 se
760 3233 911 3298 ciuilibus
934 3234 1040 3311 bellis,
1064 3235 1100 3296 ut
1123 3233 1218 3297 certis
1242 3232 1459 3297 exsistentibus

324 3339 429 3403 causis
452 3340 670 3405 misericordia
692 3340 752 3405 Dei
771 3341 824 3405 uel
847 3340 894 3403 ira
913 3342 1098 3422 patesceret,
1120 3339 1218 3403 donec
1237 3340 1307 3403 eius
1326 3339 1460 3421 indigna·
1475 3358 1497 3399 e

323 3445 409 3509 tione
442 3450 601 3512 crescente
629 3448 780 3512 uniuersa
807 3466 884 3529 gens
912 3447 969 3510 illa
996 3466 1014 3510 a
1042 3445 1207 3511 Chaldaeis
1236 3444 1458 3510 debellantibus

323 3571 385 3615 non
410 3554 512 3617 solum
534 3554 774 3618 subuerteretur
791 3554 823 3616 in
843 3553 972 3617 sedibus
992 3552 1070 3629 suis,
1091 3552 1146 3616 sed
1166 3553 1261 3616 etiam
1281 3572 1318 3616 er
1335 3552 1459 3615 maxima

413 3764 514 3832 areg.
533 3764 583 3827 m,
604 3765 646 3831 ro,
668 3763 713 3826 ro;
736 3764 767 3816 rs

362 3887 374 3940 1
394 3886 471 3941 Elias
491 3894 520 3942 et
536 3888 637 3941 Eliso
741 3888 757 3939 2
777 3888 867 3940 Etiam
886 3887 925 3939 ibi
943 3903 958 3939 o
1063 3886 1079 3939 3
1099 3886 1176 3939 altar.
1197 3889 1246 3938 tua
1264 3884 1360 3938 suffod.
1379 3898 1457 3947 cnop

323 3978 469 4047 detego]
490 3994 540 4046 ego
560 3981 685 4031 auteme
774 3976 868 4029 billio
886 3992 936 4029 om.
958 3996 980 4045 ρ,
1009 3974 1092 4036 (illic)
1114 3972 1212 4027 Domb.
1301 3967 1457 4026 curarent*

324 4068 341 4120 6
361 4070 424 4119 ante
444 4067 575 4135 obeqo,·
593 4081 644 4119 om.
659 4083 696 4133 m·
715 4068 810 4118 contra
829 4083 842 4133 ρ
862 4062 960 4116 Domb.
1020 4062 1102 4115 bahal
1122 4062 1164 4130 bp
1182 4060 1282 4115 roomo.
1300 4060 1364 4114 baal
1383 4074 1458 4127 epm·

325 4155 456 4209 baalime
511 4153 669 4208 8hebreor.
687 4155 719 4206 in
736 4170 860 4221 marpp
899 4153 930 4205 12
950 4151 1019 4205 Item
1038 4151 1103 4219 inp
1165 4151 1196 4203 13
1215 4148 1322 4203 auoced.
1341 4161 1456 4217 regumn

327 4244 359 4297 17
379 4243 547 4296 offenderes
600 4243 634 4295 22
653 4242 832 4313 prosperabns
851 4242 875 4293 c*
944 4242 978 4293 24
999 4240 1091 4309 etiarn]
1113 4243 1141 4292 et
1159 4255 1224 4308 epp
1298 4237 1417 4292 cibilibur
1433 4232 1455 4285 e¹

326 4332 455 4385 existibus
474 4331 497 4386 e¹
535 4332 569 4386 25
588 4335 741 4401 paterceret
760 4334 784 4395 (r
803 4336 828 4383 et
848 4330 859 4382 l
875 4330 1001 4397 consae),
1021 4328 1063 4397 φξ-
1083 4332 1205 4398 parceret
1217 4326 1248 4397 9²
1284 4329 1318 4383 26
1333 4344 1348 4380 a
1362 4342 1408 4380 om.
1421 4338 1456 4388 ey
