3192 4959
322 433 372 486 De
400 433 573 487 ciuitate
602 433 664 488 dei
693 434 757 488 lib.
784 435 842 488 XX.
872 452 946 506 cap.
977 437 1018 489 19.
1047 437 1090 490 20.
1216 441 1281 504 475

133 646 169 691 nc
194 629 315 694 dicere:
343 631 438 695 Ideo
462 632 603 695 mittet
625 631 717 696 illis
742 632 847 696 Deus
877 633 1156 715 operationem
1181 651 1282 697 erro·

132 738 191 800 ris
219 742 263 801 ut·
291 738 456 803 credant
483 739 702 804 mendacio.
735 740 822 804 Deus
847 741 930 804 enim
955 741 1070 816 mittet,
1096 740 1170 821 quia
1193 739 1281 804 Dens

133 843 297 908 diabolum
329 846 430 908 facere
462 845 526 909 ista
552 846 727 928 permittet,
760 846 847 910 iusto
875 848 944 930 ipse
973 847 1102 920 indicio,
1136 846 1282 927 quamuis

133 948 230 1013 saciat
270 951 325 1014 ille
366 951 474 1033 iniquo
517 951 719 1036 malignoque
755 952 903 1016 consilio:
944 953 993 1018 Ut
1032 952 1280 1025 indicentur,

105 1057 248 1137 einqnit,
289 1076 434 1131 omnes,
473 1058 539 1140 qni
577 1078 651 1122 non
689 1059 953 1123 crediderunt
990 1060 1174 1131 ueritati,
1212 1059 1282 1123 sed

134 1169 435 1227 consenserunt
463 1164 693 1245 iniquitati.
723 1165 858 1229 Proinde
881 1164 1015 1229 iudicati
1039 1165 1228 1230 seducentur
1251 1171 1285 1228 et

133 1270 257 1334 seducti
282 1270 516 1334 iudicabuntur.
541 1271 601 1334 Sed
626 1272 757 1336 iudicati
782 1272 972 1338 seducentur
993 1271 1059 1335 illis
1076 1271 1204 1336 iudiciis
1223 1273 1282 1336 Dei

134 1377 259 1440 occulte
282 1377 387 1451 iustis,
411 1378 495 1440 iuste
520 1378 665 1454 occultis,
690 1379 805 1459 quibus
830 1379 868 1442 ab
893 1379 983 1444 initio
1002 1379 1124 1462 peccati
1148 1379 1282 1442 rationa—
1318 1417 1321 1424 =

133 1483 174 1545 lis
216 1488 378 1546 creaturae
419 1503 590 1563 numquam
633 1485 772 1548 iudicare
815 1486 970 1556 cessauit:
1013 1484 1136 1549 seducti
1175 1490 1282 1549 autem

92 1613 115 1651 ro
134 1589 359 1653 iudicabuntur
393 1590 569 1654 nouissimo
606 1591 838 1674 manifestoque
875 1591 993 1656 iudicio
1030 1610 1086 1672 per
1122 1591 1283 1657 Christum

133 1696 252 1771 lesum,
276 1696 453 1759 iustissime
477 1696 702 1774 iudicaturum,
727 1698 938 1762 iniustissime
960 1697 1146 1762 indicatum.

593 1890 730 1955 CAPUT
752 1891 822 1954 XX.

134 2032 241 2112 Quid
264 2031 370 2095 idem
395 2033 609 2113 apostolus
633 2033 671 2095 in
695 2032 823 2115 prima
848 2033 892 2096 ad
917 2033 1077 2098 eosdem
1103 2033 1284 2116 epistula

266 2138 310 2201 de
339 2143 645 2202 resurrectione
675 2139 864 2204 docuerit
893 2143 1152 2204 mortuorum.

89 2297 114 2336 15
179 2279 242 2343 Sed
274 2279 326 2342 hic
358 2280 522 2362 apostolus
552 2281 653 2345 tacuit
681 2280 718 2344 de
745 2263 975 2346 resurreetione
999 2283 1210 2360 mortuorum3
1245 2277 1283 2341 ad

133 2385 264 2449 eosdem
288 2388 393 2448 autem
419 2387 559 2450 scribens
583 2387 614 2449 in
640 2387 779 2468 epistula
801 2388 919 2470 prima:
950 2385 1144 2458 Nolumus,
1170 2385 1283 2466 inquit,

132 2493 312 2575 ignorare
344 2511 423 2565 uos,
458 2493 606 2570 fratres,
642 2493 683 2557 de
713 2493 1002 2573 dormientibus,
1032 2496 1072 2556 ut
1101 2511 1168 2556 non
1203 2510 1284 2555 ocn-

133 2596 354 2672 tristemini,
380 2599 481 2662 sicut
506 2602 542 2661 et
565 2601 692 2674 ceteri,
719 2599 781 2680 qui
806 2619 907 2680 spem
932 2619 999 2662 non
1020 2599 1168 2663 habent.
1189 2597 1281 2662 Nam

133 2704 165 2768 si
200 2704 400 2780 credimus,
436 2703 533 2786 qnod
561 2705 671 2768 lesus
703 2709 875 2770 mortuns
910 2711 968 2769 est
996 2709 1034 2768 et
1060 2705 1283 2768 resurrexit:

88 2813 189 2874 eoita
218 2815 255 2874 et
284 2810 384 2873 Deus
415 2830 488 2887 soe,
519 2811 580 2891 qui
610 2810 841 2874 dormierunt
868 2831 934 2894 per
957 2811 1093 2889 Iesum,
1124 2810 1286 2874 adducet

133 2938 215 2982 curn
246 2917 324 2981 illo.
357 2917 435 2981 Hoc
464 2917 560 2980 enim
590 2917 699 2981 uobis
729 2917 891 2982 dicimus
920 2918 954 2981 in
984 2918 1099 2981 uerbo
1124 2917 1282 2994 Domini,

132 3025 222 3107 quie
255 3043 322 3088 nos
355 3023 542 3098 uiuentes,
576 3025 638 3106 qui
671 3023 810 3105 reliqui
848 3043 976 3087 sumus
1009 3024 1044 3088 in
1079 3023 1283 3087 aduentum

131 3129 297 3205 Domini,
324 3149 393 3193 non
417 3131 704 3210 praeueniemus
730 3149 804 3207 eos,
835 3130 1007 3212 quiante
1034 3128 1283 3203 dormierunt3

132 3235 309 3318 quoniam
335 3237 416 3317 ipse
441 3235 623 3300 Dominus
647 3237 683 3300 in
707 3236 816 3300 iussu
840 3239 876 3300 et
894 3237 929 3300 in
950 3253 1042 3318 ricoe
1063 3235 1285 3318 archangeli

87 3363 113 3400 aa
132 3348 171 3407 et
190 3343 226 3406 in
248 3342 338 3406 tuba
354 3342 421 3405 Dei
442 3341 646 3406 descendet
666 3345 707 3407 de
729 3343 842 3419 caelo,
865 3345 901 3406 et
920 3346 1058 3407 mortui
1077 3343 1113 3405 in
1130 3342 1284 3407 Christo

131 3451 338 3531 resurgent
373 3449 505 3529 primo:
545 3448 676 3512 deinde
714 3468 778 3513 nos
818 3433 1003 3523 uiuentes,
1042 3449 1105 3529 qui
1144 3447 1283 3528 reliqui

132 3574 278 3631 sumus,
313 3554 427 3618 simul
459 3574 539 3619 cunr
573 3556 655 3619 illis
688 3556 877 3637 rapiemur
908 3555 943 3618 in
973 3555 1136 3618 nubibus
1166 3555 1201 3617 in
1227 3553 1284 3617 ob·

229 3764 262 3817 16
283 3764 306 3817 1.
326 3762 421 3817 Thess.
440 3765 466 3826 4,
488 3765 520 3817 13
540 3780 579 3832 sq.

171 3891 184 3941 l
213 3891 244 3940 et
268 3885 355 3939 dicere
376 3903 391 3941 u
499 3885 887 3956 operationern...nrendacin
912 3902 980 3940 corr.
1005 3903 1091 3938 nuum
1114 3885 1145 3938 ier
1164 3901 1286 3953 uturpp

130 3977 148 4028 3
168 3975 310 4045 permittit
329 3991 343 4027 ι
432 3976 491 4044 ipso
510 3993 550 4043 ep
623 3978 641 4028 4
658 3976 705 4029 ille
724 3975 845 4043 faciatp
918 3977 933 4028 8
953 3973 1081 4026 rationali
1101 3975 1250 4042 scripturae
1266 3991 1285 4042 p

130 4067 148 4120 9
168 4063 292 4118 cessabit
311 4063 327 4114 b
397 4063 429 4117 10
449 4063 537 4116 lesum
558 4063 724 4117 Christurno
793 4063 825 4116 13
846 4063 986 4130 apostolus
1005 4062 1101 4130 paulus
1121 4061 1154 4114 ad
1175 4060 1282 4114 eosdem

130 4153 257 4222 epistula
276 4151 396 4205 secunde
405 4171 427 4221 p
475 4155 507 4206 14
528 4152 650 4206 docuerit
668 4156 833 4205 mortuorum
847 4152 902 4220 μή·
920 4155 998 4206 rnort.
1018 4149 1076 4204 doc.
1087 4167 1160 4218 ppo
1209 4151 1240 4202 19
1257 4153 1285 4202 et

128 4242 282 4296 resurrexit
301 4257 351 4294 om.
373 4240 389 4293 b
475 4241 507 4294 21
529 4259 589 4294 curn
609 4259 639 4294 eo
659 4258 675 4293 u
761 4241 796 4294 24
816 4245 843 4294 et
862 4257 913 4292 cnr.
933 4239 948 4292 b
1035 4240 1069 4293 25
1089 4239 1122 4292 de
1141 4239 1249 4292 scendit
1269 4239 1284 4292 b

130 4333 167 4386 26
188 4329 277 4399 primo
292 4345 407 4398 ppco;
424 4330 505 4398 primi
524 4330 618 4399 cbep
