3192 4959
366 453 416 505 De
445 453 620 505 ciuitate
649 451 710 505 dei
739 453 801 506 lib.
830 453 915 506 XXII.
945 471 1020 522 capo,
1049 458 1073 504 5.
1229 457 1293 518 589

142 647 267 710 saeculi
294 646 505 727 paucissimos
534 647 623 712 misit
650 649 752 729 adque
780 649 825 710 ita
855 652 887 712 et
915 668 950 712 ex
982 649 1066 712 omni
1091 667 1203 732 genere
1228 652 1291 712 tem

143 753 265 817 multoe
298 754 403 836 pisces
436 758 468 818 et
499 757 588 817 tento
620 755 843 832 mirabiliores
873 758 989 838 quanto
1023 757 1166 832 rariores,
1198 755 1292 819 etiam
1332 766 1335 772 '

141 861 233 941 ipsos
257 859 466 941 philosophos
490 861 582 942 cepit.
606 861 740 925 Duobus
763 861 830 924 illis
854 861 1107 939 incredibilibus,
1128 863 1155 925 si
1178 861 1293 942 placet,

139 968 242 1030 irnmo
277 967 351 1049 quia
381 967 507 1049 placere
540 966 644 1041 debet,
673 967 828 1032 addamus
857 969 917 1031 bec
944 968 1084 1031 tertium.
1122 968 1189 1031 Iam
1219 987 1292 1051 ergo

108 1075 205 1139 stria
234 1076 308 1137 sunt
334 1073 544 1148 incredibilia,
569 1093 650 1155 quae
673 1078 778 1138 tamen
804 1074 995 1138 factasunt.
1032 1073 1220 1140 Incredibile
1245 1079 1294 1138 est

138 1181 305 1244 Christum
329 1181 539 1245 resurrexisse
562 1181 594 1245 iu
620 1201 711 1245 cerne
732 1185 764 1246 et
786 1182 818 1246 in
843 1183 964 1245 caelum
990 1181 1195 1246 adscendisse
1219 1201 1292 1246 cum

138 1307 249 1364 cnrue3
283 1286 469 1352 incredibile
498 1292 548 1352 est
575 1289 730 1352 muudum
759 1307 824 1352 rem
855 1293 920 1352 tam
948 1289 1165 1354 incredibilem
1195 1287 1292 1352 credi-

137 1394 243 1468 disse3
268 1393 451 1458 incredibile
477 1399 526 1458 est
550 1394 694 1458 homines
718 1395 887 1478 ignobiles,
912 1394 1048 1473 infimos,
1069 1395 1291 1478 paucissimos,

136 1500 294 1582 inperitos
323 1519 389 1564 rem
417 1503 483 1563 tarn
512 1501 732 1564 incredibilem
760 1504 825 1564 tarn
856 1502 1027 1566 efficaciter
1055 1501 1171 1565 inundo
1201 1505 1232 1564 et
1259 1501 1289 1563 in

91 1625 115 1658 1⁰
136 1607 196 1672 illo
222 1607 318 1670 etiam
344 1607 446 1671 doctis
470 1607 661 1689 persuadere
685 1607 839 1690 potuisse.
863 1608 986 1673 Horum
1010 1608 1107 1673 trium
1127 1608 1290 1672 incredibi-

133 1714 220 1777 lium
243 1713 381 1795 primum
405 1710 519 1777 nolunt
542 1713 608 1791 isti,
628 1733 701 1777 cum
721 1714 838 1796 quibus
859 1715 994 1798 agimus,
1015 1714 1154 1789 credere3
1180 1732 1291 1778 secun-

134 1820 216 1884 dum
238 1823 396 1903 coguntur
415 1823 448 1883 et
467 1839 605 1893 cernere;
629 1819 713 1901 quod
732 1840 792 1885 non
813 1819 981 1886 inueniunt
1000 1822 1083 1885 unde
1103 1820 1289 1896 sitfactum,

134 1929 163 1990 si
190 1947 253 1992 non
280 1927 412 1990 credunt
435 1925 576 1990 tertium.
600 1926 800 1991 Resurrectio
826 1931 909 1991 certe
930 1927 1047 1992 Christi
1067 1927 1147 1991 etin
1168 1927 1290 1991 caelum

133 2053 212 2099 oum
238 2033 384 2097 semein
410 2053 472 2115 qua
494 2033 665 2097 resurrexit
688 2034 854 2098 adscensio
879 2037 946 2099 teto
971 2035 1034 2098 iarn
1059 2034 1176 2098 mundo
1200 2053 1291 2115 proe-

87 2163 111 2200 15
134 2141 266 2205 dicatur
288 2144 320 2203 et
344 2139 496 2213 creditum
527 2139 554 2203 si
579 2139 739 2203 credibilis
763 2159 825 2204 non
851 2144 909 2218 est,
935 2139 1016 2204 unde
1041 2144 1109 2205 toto
1133 2145 1290 2204 terrarum

132 2247 214 2311 erbe
238 2246 302 2309 iem
327 2246 446 2310 credita
469 2248 540 2309 est?
575 2245 608 2310 Si
633 2246 737 2320 multi,
761 2247 895 2314 nobiles.
921 2247 1085 2312 sublimes.
1110 2247 1195 2312 docti
1220 2265 1287 2310 earn

131 2373 168 2418 se
198 2351 322 2416 uidisse
353 2351 497 2416 dixerunt
525 2355 558 2416 et
587 2353 671 2435 quod
701 2352 850 2417 uiderunt
874 2353 1034 2418 diffamare
1058 2357 1217 2428 curarunt,
1243 2353 1288 2416 eis

130 2459 292 2523 muudum
322 2458 494 2522 credidisse
523 2477 583 2522 non
611 2458 727 2522 mirum
757 2465 807 2522 est
831 2455 899 2544 [sed
926 2459 1007 2524 istos
1036 2459 1139 2523 adhuc
1163 2459 1288 2524 credere

130 2564 222 2628 uelle
243 2563 414 2645 perdurum
434 2561 510 2650 esth
535 2564 563 2626 si
582 2567 700 2639 autem,
721 2566 758 2626 ut
777 2583 889 2628 uerum
910 2567 968 2640 est,
988 2567 1110 2646 paucis.
1131 2565 1286 2641 obscuris,

57 2655 109 2732 'en
129 2671 289 2746 minimis,
319 2669 456 2734 indoctis
488 2689 556 2733 eam
585 2689 619 2733 se
648 2670 768 2734 uidisse
798 2671 977 2734 dicentibus
1011 2675 1042 2735 et
1075 2671 1288 2736 scribentibus

129 2776 273 2842 credidit
295 2776 445 2852 mundns,
471 2795 553 2858 quur
575 2776 669 2858 pauci
695 2777 950 2854 obstinatissimi,
976 2778 1030 2860 qui
1058 2781 1287 2856 remanserunt,

125 2884 194 2967 ipsi
214 2883 334 2948 mundo
354 2883 417 2947 iam
436 2883 576 2948 credenti
596 2883 700 2947 adbuc
723 2903 826 2966 usque
851 2903 909 2948 nou
935 2885 1087 2948 credunt?
1112 2885 1166 2966 qui
1195 2904 1287 2968 prop-

126 3001 219 3056 terea
262 3009 393 3054 numero
440 2990 553 3074 exiguo
599 2990 801 3074 ignobilium,
844 2991 1035 3069 intimorum,
1079 2991 1286 3074 inperitorum

125 3098 301 3162 hominum
326 3096 469 3174 credidit,
490 3098 565 3178 quia
588 3097 619 3160 in
644 3102 709 3161 tam
734 3098 1008 3162 contemtibilibus
1027 3099 1165 3163 testibus
1183 3101 1285 3162 multo

78 3231 104 3267 e,
124 3203 314 3269 mirabilius
343 3203 494 3268 diuinitas
523 3222 557 3267 se
584 3202 657 3284 ipse
683 3204 854 3286 persuasit.
893 3205 1027 3288 Eloquia
1055 3225 1189 3287 namque
1220 3225 1285 3288 per-

124 3308 349 3388 suadentium,
384 3328 463 3390 quae
497 3309 652 3384 dicebant,
686 3309 766 3373 mire
798 3310 928 3374 fuerunt
960 3311 1053 3387 facta,
1085 3331 1145 3376 non
1179 3313 1284 3376 uerba.

124 3416 195 3496 Qui
226 3415 311 3478 enirn
336 3414 499 3478 Christum
524 3416 555 3478 in
580 3433 672 3478 carne
695 3419 906 3481 resurrexisse
931 3421 963 3481 et
987 3437 1059 3482 curn
1083 3419 1139 3482 illu
1162 3420 1193 3482 in
1219 3439 1284 3483 cae-

122 3525 198 3587 lum
230 3520 434 3584 adscendisse
463 3539 524 3584 non
555 3521 711 3600 uiderant,
739 3522 772 3585 id
796 3543 830 3587 se
855 3523 976 3587 uidisse
1000 3524 1199 3587 narrantibus
1224 3544 1284 3588 non

119 3627 338 3712 loquentibus
363 3631 498 3705 tanturn,
524 3627 579 3693 sed
604 3629 700 3692 etiam
724 3629 857 3693 mirifica
882 3630 1072 3694 facientibus
1103 3631 1193 3714 sigua
1222 3650 1283 3694 cre-

72 3764 100 3802 so
121 3737 259 3802 debant.
283 3735 437 3800 Homines
463 3736 590 3818 quippe,
615 3754 694 3816 quos
718 3738 813 3800 unius
837 3738 900 3814 uel,
921 3741 955 3800 ut
980 3738 1129 3815 multum,
1149 3737 1281 3801 duarum

118 3846 313 3927 linguarum
340 3841 441 3906 fuisse
469 3849 631 3920 nouerant,
660 3848 788 3925 repente
816 3843 936 3927 linguis
966 3844 1106 3907 omnium
1139 3846 1283 3927 gentium

157 4085 285 4155 4qui9
331 4085 346 4136 ‘l
366 4088 532 4152 tauromp
581 4086 613 4138 12
633 4101 686 4154 quo
707 4086 732 4137 οἱ
779 4087 813 4138 15
833 4089 860 4138 et
880 4087 999 4139 creditur
1018 4103 1104 4155 cnop
1150 4087 1182 4140 18
1197 4089 1281 4142 uerbo

117 4177 172 4231 sed
199 4176 270 4227 istos
295 4173 385 4227 adhuc
408 4173 516 4227 credere
539 4174 613 4228 nolle
638 4174 784 4244 perdurum
809 4179 850 4228 est
873 4181 904 4227 ut
927 4176 1025 4244 spuria
1048 4177 1164 4242 inrlrrsc';
1182 4192 1232 4230 om.
1249 4178 1282 4245 ΡΙ

116 4269 155 4321 27
178 4262 381 4332 resurrexisses,
401 4265 414 4315 t
431 4279 519 4325 muso,
540 4269 565 4316 et
583 4264 682 4318 omisso
701 4270 828 4333 sequente
846 4269 881 4326 et,
902 4265 918 4315 b
995 4265 1023 4317 in
1043 4265 1173 4318 caelestia
1192 4283 1282 4319 assen-

117 4353 237 4410 diseeb
293 4351 329 4404 28
347 4351 450 4405 uidisse
468 4351 498 4405 id
517 4369 545 4406 se
565 4353 668 4406 uidisse
684 4369 702 4422 o
756 4355 790 4408 29
810 4354 877 4407 nrira
894 4372 912 4422 p
967 4355 1001 4408 30
1020 4355 1121 4424 quippe
1140 4371 1223 4423 emp
