3192 4959
335 394 385 448 De
413 394 586 449 ciuitate
615 393 678 449 dei
705 394 769 450 lib.
793 395 894 451 XVIII.
919 414 994 467 cap.
1018 398 1061 453 30.
1089 398 1132 452 31.
1247 402 1309 465 311

174 591 310 657 anobis.
333 592 463 670 Abdias,
487 594 641 676 quantum
665 591 910 674 adscripturum
932 593 1000 657 eius
1021 592 1150 669 adtinet,
1170 594 1310 659 omnium

172 699 378 763 breuissimus
391 699 627 782 prophetarum,
642 700 797 765 aduersus
812 699 994 764 Idumaeam
1013 699 1166 781 loquitur,
1185 704 1311 785 gentem

171 804 290 869 scilicet
303 806 398 883 Esau,
414 824 450 869 ex
469 805 593 871 duobus
612 804 747 890 geminis
764 805 840 869 filiis
854 806 954 885 Isaac,
974 807 1143 888 nepotibus
1157 806 1310 883 Abrahae,

170 911 295 977 maioris
317 911 406 976 illius
428 911 599 995 reprobati.
621 913 720 977 Porro
748 912 776 977 si
798 911 982 977 Idumaeam
1010 913 1103 979 modo
1126 913 1309 991 locutionis,

144 1036 229 1098 equo
256 1017 456 1103 intellegitur
478 1038 496 1083 a
518 1021 607 1103 parte
633 1022 750 1092 totum,
773 1019 968 1102 accipiamus
995 1020 1133 1101 positam
1162 1038 1230 1085 esse
1253 1038 1309 1102 pre

169 1123 328 1206 gentibus:
364 1141 538 1206 possumus
575 1123 613 1188 de
652 1125 776 1190 Christo
815 1143 994 1209 agnoscere,
1027 1123 1111 1208 quod
1148 1124 1193 1189 ait
1228 1124 1310 1189 iuter

169 1232 283 1295 cetera:
306 1230 348 1293 Iu
372 1233 504 1295 monte
524 1235 655 1295 autem
677 1230 770 1296 Sion
796 1230 876 1295 erit
899 1230 1012 1297 salus
1037 1234 1076 1295 st
1099 1230 1178 1296 erit
1202 1250 1309 1295 saue·

167 1340 262 1411 tum;
292 1340 324 1401 et
346 1338 441 1420 paulo
465 1339 538 1419 post
564 1336 597 1401 in
619 1337 680 1401 fine
707 1338 809 1420 ipsius
836 1336 1036 1420 prophetiae:
1068 1338 1116 1402 Et
1148 1336 1308 1401 adscen-

168 1443 268 1521 dent,
290 1442 406 1525 inquio,
429 1443 632 1508 resaluati
661 1462 703 1507 ex
732 1449 864 1509 moute
890 1443 995 1522 Sion,
1019 1446 1062 1509 ut
1089 1442 1309 1509 defendant
1334 1520 1337 1538 ⁴

130 1572 152 1609 n
167 1552 336 1615 montem
355 1550 474 1627 Esau,
495 1554 534 1614 et
553 1550 632 1614 erit
649 1550 818 1615 Domino
837 1570 1012 1634 reguum.
1033 1550 1172 1634 Apparet
1191 1551 1307 1633 quippe

165 1657 196 1720 id
227 1676 298 1721 esse
331 1657 523 1739 conpletum,
549 1676 621 1721 cum
654 1657 806 1721 resaluati
834 1677 870 1721 ex
897 1660 1004 1723 monte
1033 1657 1118 1737 Sion,
1141 1657 1174 1721 id
1198 1659 1249 1723 est
1272 1675 1307 1721 ex

166 1763 278 1827 Iudaea
301 1762 464 1827 credentes
488 1762 519 1827 in
540 1762 713 1839 Christum,
737 1764 793 1844 qui
811 1764 980 1846 praecipue
1000 1768 1215 1849 agnoscuntur
1233 1782 1308 1846 apo·

166 1870 247 1947 stoli,
272 1870 513 1948 adscenderunt,
537 1874 574 1935 ut
597 1870 799 1935 defenderent
822 1874 962 1936 montem
986 1872 1081 1937 Esau.
1111 1868 1179 1951 Quo
1212 1870 1306 1935 modo

165 1978 373 2056 defenderent,
396 1976 457 2041 uisi
481 1996 538 2060 per
560 1976 718 2061 euangelii
739 1976 1008 2058 praedicationem
1032 1976 1140 2042 saluos
1162 1976 1305 2042 faciendo

126 2102 148 2141 a
165 2102 215 2148 eos
239 2085 295 2166 qui
318 2082 529 2159 crediderunt,
553 2087 590 2147 ut
613 2086 795 2147 eruerentur
818 2082 856 2147 de
879 2085 1038 2165 potestate
1056 2083 1253 2147 tenebrarum
1275 2086 1307 2147 et

162 2191 403 2254 transferrentur
432 2190 463 2253 iu
496 2208 629 2274 reguum
658 2189 738 2253 Dei?
772 2188 865 2268 Quod
897 2192 1126 2271 consequenter
1153 2188 1307 2271 expressit

163 2296 316 2361 addendo:
351 2296 400 2359 ut
437 2294 517 2359 erit
553 2295 722 2360 Domino
759 2314 935 2379 regnum.
977 2296 1071 2360 Mons
1108 2296 1191 2360 enim
1229 2294 1304 2361 Sion

161 2402 309 2468 Iudaeam
333 2402 504 2485 significat,
527 2402 583 2465 ubi
605 2401 714 2465 futura
735 2402 895 2484 praedIcta
919 2406 969 2467 est
992 2403 1079 2467 salus
1099 2404 1130 2465 et
1149 2404 1304 2479 sanctum,

161 2509 242 2589 quod
270 2511 322 2573 est
351 2507 499 2573 Christus
526 2509 626 2572 Iesus.
655 2508 747 2571 Mons
775 2526 851 2572 uero
880 2508 963 2572 Esau
992 2506 1143 2572 Idumaea
1167 2512 1225 2584 est,
1249 2526 1305 2590 per

121 2633 144 2673 ao
161 2634 251 2696 quam
276 2613 456 2699 significata
475 2618 525 2679 est
543 2615 678 2680 ecclesia
695 2616 850 2699 gentium,
871 2634 965 2696 quam
985 2614 1200 2691 defenderunt,
1220 2613 1305 2678 sicut

159 2723 300 2803 exposui,
327 2722 481 2787 resaluati
510 2740 545 2785 er
573 2725 680 2786 moute
709 2720 794 2798 Sion,
823 2726 860 2785 ut
888 2725 974 2786 esset
997 2722 1131 2785 Domino
1159 2740 1302 2805 regnum.

157 2828 225 2893 Hoc
258 2829 431 2893 obscurum
465 2833 541 2905 erat,
571 2832 738 2911 antequam
767 2828 961 2907 fieret31ed
988 2830 1108 2893 lactum
1137 2829 1207 2911 qula
1241 2848 1303 2893 non

156 2934 259 3001 fidelis
283 2938 457 3017 agnoscat?

197 3040 306 3107 Naum
322 3061 398 3106 uero
416 3042 580 3125 propheta,
596 3042 692 3106 immo
708 3042 868 3125 perillum
885 3041 986 3107 Deus:
1007 3042 1300 3118 Exterminabo,

117 3164 139 3204 e
157 3148 268 3230 inquit,
296 3146 520 3230 sculptilia
543 3153 582 3212 et
605 3147 856 3223 conflatilia,
880 3166 1021 3231 ponam
1046 3149 1301 3231 sepulturam

155 3256 281 3331 tuam;
309 3253 403 3335 quia
425 3255 593 3319 ueloces
618 3273 709 3319 ecce
735 3273 855 3338 super
874 3260 1029 3319 montes
1048 3255 1169 3337 pedes
1190 3275 1302 3321 euan-

154 3360 383 3444 geliaantis
418 3363 457 3424 et
489 3360 777 3426 adnuntiantis
806 3380 952 3445 pacem.
982 3361 1161 3437 Celebre,
1191 3362 1299 3433 Iuda.

154 3468 240 3532 dies
280 3468 415 3531 festos
453 3470 558 3545 tuos,
592 3466 712 3532 redde
744 3472 840 3533 uota
873 3472 957 3544 tua;
992 3468 1085 3551 quia
1117 3469 1193 3532 iam
1227 3488 1299 3533 non

154 3574 1300 3649 adieIeutultrauttranseautinuetustatem.Consum-

113 3683 304 3745 anratum
334 3683 406 3756 est,
435 3685 692 3745 consumtum
721 3685 795 3759 eat,
824 3681 1004 3745 ablatum
1034 3686 1104 3745 est.
1128 3681 1300 3745 Adscen-

242 3846 279 3943 21
298 3886 390 3942 Naum
412 3890 435 3957 1,
456 3890 489 3945 14
508 3906 562 3958 sq.;
582 3890 608 3953 2,
630 3892 642 3943 l

186 4014 202 4067 6
223 4012 258 4066 de
279 4010 388 4066 Christo
408 4028 470 4081 agn.
489 4028 666 4081 possumusu
770 4014 803 4067 15
823 4016 979 4067 eruerentur
998 4030 1030 4066 erc
1049 4014 1177 4066 eutentur
1195 4029 1263 4067 corr.
1288 4029 1301 4065 e

155 4103 186 4154 16
202 4099 437 4155 transferanturc
506 4102 538 4155 18
557 4101 781 4171 algnificabadte
847 4103 880 4156 21
902 4108 1025 4206 essente
1097 4103 1131 4155 25
1151 4102 1299 4157 conflatilia

152 4216 264 4285 ponam]
285 4232 468 4286 conponame
538 4218 573 4271 26
593 4234 653 4271 ecce
672 4234 760 4286 cm.p
832 4218 867 4270 29
886 4217 1049 4271 adleieture
1121 4217 1156 4272 30
1175 4234 1298 4272 consum-

154 4308 255 4359 matum
276 4308 319 4358 est
337 4321 388 4359 om.
409 4322 423 4374 ρ
496 4310 664 4359 consumtum
685 4308 727 4359 est
743 4324 775 4375 p,-
793 4310 1006 4360 consummatum
1027 4310 1069 4359 est
1082 4323 1104 4375 p
1116 4324 1146 4371 α;
1165 4322 1216 4360 cm.
1236 4306 1300 4360 aba
