<?xml version="1.0" encoding="UTF-8"?>
<!DOCTYPE html PUBLIC "-//W3C//DTD XHTML 1.0 Transitional//EN"
    "http://www.w3.org/TR/xhtml1/DTD/xhtml1-transitional.dtd">
<html xmlns="http://www.w3.org/1999/xhtml" xml:lang="en" lang="en">
 <head>
  <title>
</title>
<meta http-equiv="Content-Type" content="text/html;charset=utf-8" />
  <meta name='ocr-system' content='tesseract 3.04.00' />
  <meta name='ocr-capabilities' content='ocr_page ocr_carea ocr_par ocr_line ocrx_word'/>
</head>
<body>
  <div class='ocr_page' id='page_1' title='image "./corpusscriptoru07wiengoog/corpusscriptoru07wiengoog_0288.png"; bbox 0 0 3192 4959; ppageno 0'>
   <div class='ocr_carea' id='block_1_1' title="bbox 333 429 1133 500">
    <p class='ocr_par' dir='ltr' id='par_1_1' title="bbox 333 429 1133 500">
     <span class='ocr_line' id='line_1_1' title="bbox 333 429 1133 500; baseline -0.006 -11"><span class='ocrx_word' id='word_1_1' title='bbox 333 436 398 498; x_wconf 84' lang='grc'>270</span> <span class='ocrx_word' id='word_1_2' title='bbox 678 431 704 483; x_wconf 90' lang='lat' dir='ltr'>S.</span> <span class='ocrx_word' id='word_1_3' title='bbox 732 429 890 483; x_wconf 74' lang='lat' dir='ltr'>Aurelii</span> <span class='ocrx_word' id='word_1_4' title='bbox 917 430 1133 500; x_wconf 70' lang='lat' dir='ltr'><strong>Augustini</strong></span> 
     </span>
    </p>
   </div>
   <div class='ocr_carea' id='block_1_2' title="bbox 331 623 1559 2500">
    <p class='ocr_par' dir='ltr' id='par_1_2' title="bbox 331 623 1473 813">
     <span class='ocr_line' id='line_1_2' title="bbox 331 623 1473 710; baseline 0.003 -22"><span class='ocrx_word' id='word_1_5' title='bbox 331 626 478 701; x_wconf 84' lang='lat' dir='ltr'>inserere,</span> <span class='ocrx_word' id='word_1_6' title='bbox 502 624 605 707; x_wconf 88' lang='lat' dir='ltr'>magis</span> <span class='ocrx_word' id='word_1_7' title='bbox 629 644 666 688; x_wconf 86' lang='lat' dir='ltr'>er</span> <span class='ocrx_word' id='word_1_8' title='bbox 690 623 820 689; x_wconf 82' lang='lat' dir='ltr'>Graecis</span> <span class='ocrx_word' id='word_1_9' title='bbox 845 628 877 687; x_wconf 91' lang='lat' dir='ltr'>et</span> <span class='ocrx_word' id='word_1_10' title='bbox 899 624 1030 699; x_wconf 87' lang='lat' dir='ltr'>Latinis,</span> <span class='ocrx_word' id='word_1_11' title='bbox 1054 624 1109 688; x_wconf 92' lang='lat' dir='ltr'>ubi</span> <span class='ocrx_word' id='word_1_12' title='bbox 1130 628 1162 688; x_wconf 88' lang='lat' dir='ltr'>et</span> <span class='ocrx_word' id='word_1_13' title='bbox 1179 625 1251 707; x_wconf 91' lang='lat' dir='ltr'>ipsa</span> <span class='ocrx_word' id='word_1_14' title='bbox 1268 626 1370 691; x_wconf 89' lang='lat' dir='ltr'>Roma</span> <span class='ocrx_word' id='word_1_15' title='bbox 1390 628 1473 710; x_wconf 82' lang='lat' dir='ltr'>quasi</span> 
     </span>
     <span class='ocr_line' id='line_1_3' title="bbox 333 728 1129 813; baseline -0.001 -19"><span class='ocrx_word' id='word_1_16' title='bbox 333 730 470 795; x_wconf 89' lang='lat' dir='ltr'>secunda</span> <span class='ocrx_word' id='word_1_17' title='bbox 494 730 670 813; x_wconf 86' lang='lat' dir='ltr'>Babylonia</span> <span class='ocrx_word' id='word_1_18' title='bbox 693 735 754 806; x_wconf 83' lang='lat' dir='ltr'>est,</span> <span class='ocrx_word' id='word_1_19' title='bbox 777 728 929 793; x_wconf 84' lang='lat' dir='ltr'>debemus</span> <span class='ocrx_word' id='word_1_20' title='bbox 954 730 1129 795; x_wconf 81' lang='lat' dir='ltr'><strong>adsumere.</strong></span> 
     </span>
    </p>

    <p class='ocr_par' dir='ltr' id='par_1_3' title="bbox 331 834 1559 2500">
     <span class='ocr_line' id='line_1_4' title="bbox 378 834 1475 922; baseline 0.001 -21"><span class='ocrx_word' id='word_1_21' title='bbox 378 834 509 915; x_wconf 83' lang='lat' dir='ltr'>Quando</span> <span class='ocrx_word' id='word_1_22' title='bbox 534 855 609 920; x_wconf 89' lang='lat' dir='ltr'>ergo</span> <span class='ocrx_word' id='word_1_23' title='bbox 633 841 726 900; x_wconf 87' lang='lat' dir='ltr'>natus</span> <span class='ocrx_word' id='word_1_24' title='bbox 750 839 800 899; x_wconf 89' lang='lat' dir='ltr'>est</span> <span class='ocrx_word' id='word_1_25' title='bbox 823 836 993 911; x_wconf 81' lang='lat' dir='ltr'>Abraham,</span> <span class='ocrx_word' id='word_1_26' title='bbox 1022 836 1154 901; x_wconf 84' lang='lat' dir='ltr'>secundi</span> <span class='ocrx_word' id='word_1_27' title='bbox 1178 857 1268 921; x_wconf 91' lang='lat' dir='ltr'>reges</span> <span class='ocrx_word' id='word_1_28' title='bbox 1294 844 1382 903; x_wconf 83' lang='lat' dir='ltr'>erant</span> <span class='ocrx_word' id='word_1_29' title='bbox 1407 844 1475 922; x_wconf 83' lang='lat' dir='ltr'>aput</span> 
     </span>
     <span class='ocr_line' id='line_1_5' title="bbox 332 940 1474 1025; baseline 0.002 -18"><span class='ocrx_word' id='word_1_30' title='bbox 332 943 479 1024; x_wconf 79' lang='lat' dir='ltr'>Assynos</span> <span class='ocrx_word' id='word_1_31' title='bbox 512 940 626 1019; x_wconf 84' lang='lat' dir='ltr'>Ninus,</span> <span class='ocrx_word' id='word_1_32' title='bbox 664 945 742 1023; x_wconf 89' lang='lat' dir='ltr'>aput</span> <span class='ocrx_word' id='word_1_33' title='bbox 775 940 938 1024; x_wconf 81' lang='lat' dir='ltr'>Sicyonios</span> <span class='ocrx_word' id='word_1_34' title='bbox 972 942 1110 1024; x_wconf 77' lang='lat' dir='ltr'>Europs3</span> <span class='ocrx_word' id='word_1_35' title='bbox 1148 944 1242 1025; x_wconf 84' lang='lat' dir='ltr'>primi</span> <span class='ocrx_word' id='word_1_36' title='bbox 1275 950 1383 1009; x_wconf 89' lang='lat' dir='ltr'>autem</span> <span class='ocrx_word' id='word_1_37' title='bbox 1416 946 1474 1009; x_wconf 82' lang='lat' dir='ltr'>illio</span> 
     </span>
     <span class='ocr_line' id='line_1_6' title="bbox 332 1047 1506 1133; baseline 0.003 -19"><span class='ocrx_word' id='word_1_38' title='bbox 332 1051 442 1124; x_wconf 85' lang='lat' dir='ltr'>Belus,</span> <span class='ocrx_word' id='word_1_39' title='bbox 465 1048 517 1112; x_wconf 90' lang='lat' dir='ltr'>hio</span> <span class='ocrx_word' id='word_1_40' title='bbox 540 1049 710 1132; x_wconf 84' lang='lat' dir='ltr'>Aegialeus</span> <span class='ocrx_word' id='word_1_41' title='bbox 733 1048 872 1112; x_wconf 80' lang='lat' dir='ltr'>fuerunt.</span> <span class='ocrx_word' id='word_1_42' title='bbox 902 1047 983 1113; x_wconf 87' lang='lat' dir='ltr'>Cum</span> <span class='ocrx_word' id='word_1_43' title='bbox 1006 1068 1082 1114; x_wconf 91' lang='lat' dir='ltr'>uero</span> <span class='ocrx_word' id='word_1_44' title='bbox 1107 1068 1235 1133; x_wconf 88' lang='lat' dir='ltr'>egresso</span> <span class='ocrx_word' id='word_1_45' title='bbox 1258 1050 1419 1115; x_wconf 80' lang='lat' dir='ltr'>Abrabam</span> <span class='ocrx_word' id='word_1_46' title='bbox 1444 1052 1474 1115; x_wconf 86' lang='lat' dir='ltr'>da</span> <span class='ocrx_word' id='word_1_47' title='bbox 1497 1076 1506 1117; x_wconf 76' lang='lat' dir='ltr'>a</span> 
     </span>
     <span class='ocr_line' id='line_1_7' title="bbox 333 1156 1475 1240; baseline 0.001 -20"><span class='ocrx_word' id='word_1_48' title='bbox 333 1156 509 1238; x_wconf 86' lang='lat' dir='ltr'>Babylonia</span> <span class='ocrx_word' id='word_1_49' title='bbox 536 1156 683 1237; x_wconf 82' lang='lat' dir='ltr'>promisit</span> <span class='ocrx_word' id='word_1_50' title='bbox 711 1156 740 1219; x_wconf 92' lang='lat' dir='ltr'>ei</span> <span class='ocrx_word' id='word_1_51' title='bbox 762 1156 850 1219; x_wconf 87' lang='lat' dir='ltr'>Deus</span> <span class='ocrx_word' id='word_1_52' title='bbox 880 1156 994 1219; x_wconf 84' lang='lat' dir='ltr'>exilio</span> <span class='ocrx_word' id='word_1_53' title='bbox 1020 1176 1168 1240; x_wconf 89' lang='lat' dir='ltr'>magnam</span> <span class='ocrx_word' id='word_1_54' title='bbox 1192 1162 1318 1240; x_wconf 87' lang='lat' dir='ltr'>gentem</span> <span class='ocrx_word' id='word_1_55' title='bbox 1345 1158 1475 1221; x_wconf 79' lang='lat' dir='ltr'>suturam</span> 
     </span>
     <span class='ocr_line' id='line_1_8' title="bbox 333 1261 1475 1347; baseline -0.002 -20"><span class='ocrx_word' id='word_1_56' title='bbox 333 1268 365 1327; x_wconf 87' lang='lat' dir='ltr'>et</span> <span class='ocrx_word' id='word_1_57' title='bbox 395 1264 427 1327; x_wconf 91' lang='lat' dir='ltr'>in</span> <span class='ocrx_word' id='word_1_58' title='bbox 461 1263 529 1326; x_wconf 92' lang='lat' dir='ltr'>eius</span> <span class='ocrx_word' id='word_1_59' title='bbox 563 1262 681 1325; x_wconf 91' lang='lat' dir='ltr'>semine</span> <span class='ocrx_word' id='word_1_60' title='bbox 714 1261 853 1327; x_wconf 91' lang='lat' dir='ltr'>omnium</span> <span class='ocrx_word' id='word_1_61' title='bbox 888 1263 1031 1345; x_wconf 86' lang='lat' dir='ltr'>gentium</span> <span class='ocrx_word' id='word_1_62' title='bbox 1060 1262 1323 1329; x_wconf 81' lang='lat' dir='ltr'>benedictionem.</span> <span class='ocrx_word' id='word_1_63' title='bbox 1361 1264 1475 1347; x_wconf 80' lang='lat' dir='ltr'>Assyrii</span> 
     </span>
     <span class='ocr_line' id='line_1_9' title="bbox 333 1368 1473 1453; baseline -0.002 -20"><span class='ocrx_word' id='word_1_64' title='bbox 333 1372 479 1452; x_wconf 88' lang='lat' dir='ltr'>quartum</span> <span class='ocrx_word' id='word_1_65' title='bbox 511 1389 618 1453; x_wconf 88' lang='lat' dir='ltr'>regem</span> <span class='ocrx_word' id='word_1_66' title='bbox 646 1369 814 1445; x_wconf 78' lang='lat' dir='ltr'>habebant,</span> <span class='ocrx_word' id='word_1_67' title='bbox 844 1368 983 1452; x_wconf 84' lang='lat' dir='ltr'>Sicyonii</span> <span class='ocrx_word' id='word_1_68' title='bbox 1007 1368 1169 1450; x_wconf 89' lang='lat' dir='ltr'>quintum;</span> <span class='ocrx_word' id='word_1_69' title='bbox 1201 1374 1278 1453; x_wconf 91' lang='lat' dir='ltr'>aput</span> <span class='ocrx_word' id='word_1_70' title='bbox 1301 1368 1377 1435; x_wconf 82' lang='lat' dir='ltr'>illos</span> <span class='ocrx_word' id='word_1_71' title='bbox 1401 1370 1473 1433; x_wconf 92' lang='lat' dir='ltr'>enim</span> 
     </span>
     <span class='ocr_line' id='line_1_10' title="bbox 331 1473 1474 1560; baseline -0.002 -21"><span class='ocrx_word' id='word_1_72' title='bbox 331 1476 486 1560; x_wconf 81' lang='lat' dir='ltr'>regnabat</span> <span class='ocrx_word' id='word_1_73' title='bbox 507 1475 593 1539; x_wconf 86' lang='lat' dir='ltr'>filius</span> <span class='ocrx_word' id='word_1_74' title='bbox 617 1474 691 1538; x_wconf 93' lang='lat' dir='ltr'>Nini</span> <span class='ocrx_word' id='word_1_75' title='bbox 714 1478 788 1555; x_wconf 85' lang='lat' dir='ltr'>post</span> <span class='ocrx_word' id='word_1_76' title='bbox 817 1478 950 1537; x_wconf 91' lang='lat' dir='ltr'>matrem</span> <span class='ocrx_word' id='word_1_77' title='bbox 975 1473 1232 1543; x_wconf 81' lang='lat' dir='ltr'>Semiramidem:</span> <span class='ocrx_word' id='word_1_78' title='bbox 1259 1494 1340 1557; x_wconf 89' lang='lat' dir='ltr'>quae</span> <span class='ocrx_word' id='word_1_79' title='bbox 1366 1475 1474 1539; x_wconf 90' lang='lat' dir='ltr'>abillo</span> 
     </span>
     <span class='ocr_line' id='line_1_11' title="bbox 331 1580 1508 1664; baseline 0 -19"><span class='ocrx_word' id='word_1_80' title='bbox 331 1583 500 1647; x_wconf 71' lang='lat' dir='ltr'>interfecta</span> <span class='ocrx_word' id='word_1_81' title='bbox 530 1581 722 1664; x_wconf 81' lang='lat' dir='ltr'>perhibetur,</span> <span class='ocrx_word' id='word_1_82' title='bbox 751 1600 829 1645; x_wconf 92' lang='lat' dir='ltr'>ausa</span> <span class='ocrx_word' id='word_1_83' title='bbox 857 1580 958 1643; x_wconf 89' lang='lat' dir='ltr'>filium</span> <span class='ocrx_word' id='word_1_84' title='bbox 988 1584 1088 1645; x_wconf 87' lang='lat' dir='ltr'>mater</span> <span class='ocrx_word' id='word_1_85' title='bbox 1117 1580 1274 1645; x_wconf 80' lang='lat' dir='ltr'>incestare</span> <span class='ocrx_word' id='word_1_86' title='bbox 1299 1582 1508 1647; x_wconf 77' lang='lat' dir='ltr'>concubitura</span> 
     </span>
     <span class='ocr_line' id='line_1_12' title="bbox 332 1686 1475 1771; baseline -0.003 -18"><span class='ocrx_word' id='word_1_87' title='bbox 332 1690 423 1753; x_wconf 88' lang='lat' dir='ltr'>Hanc</span> <span class='ocrx_word' id='word_1_88' title='bbox 454 1691 570 1771; x_wconf 86' lang='lat' dir='ltr'>putant</span> <span class='ocrx_word' id='word_1_89' title='bbox 599 1686 739 1752; x_wconf 82' lang='lat' dir='ltr'>nonnulli</span> <span class='ocrx_word' id='word_1_90' title='bbox 773 1686 953 1751; x_wconf 83' lang='lat' dir='ltr'>condidisse</span> <span class='ocrx_word' id='word_1_91' title='bbox 985 1686 1192 1771; x_wconf 75' lang='lat' dir='ltr'>Babylonem,</span> <span class='ocrx_word' id='word_1_92' title='bbox 1230 1707 1323 1770; x_wconf 90' lang='lat' dir='ltr'>quam</span> <span class='ocrx_word' id='word_1_93' title='bbox 1360 1686 1475 1769; x_wconf 87' lang='lat' dir='ltr'>quidem</span> 
     </span>
     <span class='ocr_line' id='line_1_13' title="bbox 333 1791 1475 1877; baseline 0.001 -18"><span class='ocrx_word' id='word_1_94' title='bbox 333 1796 440 1877; x_wconf 90' lang='lat' dir='ltr'>potuit</span> <span class='ocrx_word' id='word_1_95' title='bbox 461 1796 647 1859; x_wconf 87' lang='lat' dir='ltr'>instaurare.</span> <span class='ocrx_word' id='word_1_96' title='bbox 672 1791 804 1872; x_wconf 85' lang='lat' dir='ltr'>Quando</span> <span class='ocrx_word' id='word_1_97' title='bbox 829 1798 935 1858; x_wconf 90' lang='lat' dir='ltr'>autem</span> <span class='ocrx_word' id='word_1_98' title='bbox 960 1794 1012 1857; x_wconf 93' lang='lat' dir='ltr'>uel</span> <span class='ocrx_word' id='word_1_99' title='bbox 1037 1794 1212 1876; x_wconf 91' lang='lat' dir='ltr'>quomodo</span> <span class='ocrx_word' id='word_1_100' title='bbox 1233 1792 1475 1860; x_wconf 83' lang='lat' dir='ltr'>conditasuerit.</span> 
     </span>
     <span class='ocr_line' id='line_1_14' title="bbox 332 1899 1476 1981; baseline -0.003 -16"><span class='ocrx_word' id='word_1_101' title='bbox 332 1902 364 1965; x_wconf 90' lang='lat' dir='ltr'>in</span> <span class='ocrx_word' id='word_1_102' title='bbox 397 1906 484 1965; x_wconf 82' lang='lat' dir='ltr'>sexto</span> <span class='ocrx_word' id='word_1_103' title='bbox 515 1900 636 1965; x_wconf 88' lang='lat' dir='ltr'>docimo</span> <span class='ocrx_word' id='word_1_104' title='bbox 664 1900 744 1964; x_wconf 90' lang='lat' dir='ltr'>libro</span> <span class='ocrx_word' id='word_1_105' title='bbox 773 1899 921 1963; x_wconf 85' lang='lat' dir='ltr'>dirImus.</span> <span class='ocrx_word' id='word_1_106' title='bbox 955 1900 1072 1964; x_wconf 84' lang='lat' dir='ltr'>Filium</span> <span class='ocrx_word' id='word_1_107' title='bbox 1103 1918 1195 1981; x_wconf 86' lang='lat' dir='ltr'>porro</span> <span class='ocrx_word' id='word_1_108' title='bbox 1224 1899 1299 1964; x_wconf 90' lang='lat' dir='ltr'>Nini</span> <span class='ocrx_word' id='word_1_109' title='bbox 1329 1903 1362 1964; x_wconf 85' lang='lat' dir='ltr'>at</span> <span class='ocrx_word' id='word_1_110' title='bbox 1385 1899 1476 1964; x_wconf 88' lang='lat' dir='ltr'>Sami·</span> 
     </span>
     <span class='ocr_line' id='line_1_15' title="bbox 332 2006 1475 2090; baseline -0.004 -19"><span class='ocrx_word' id='word_1_111' title='bbox 332 2008 473 2085; x_wconf 79' lang='lat' dir='ltr'>numidis,</span> <span class='ocrx_word' id='word_1_112' title='bbox 501 2008 555 2090; x_wconf 90' lang='lat' dir='ltr'>qui</span> <span class='ocrx_word' id='word_1_113' title='bbox 578 2007 673 2071; x_wconf 87' lang='lat' dir='ltr'>matri</span> <span class='ocrx_word' id='word_1_114' title='bbox 697 2007 855 2071; x_wconf 87' lang='lat' dir='ltr'>suecessit</span> <span class='ocrx_word' id='word_1_115' title='bbox 876 2006 907 2071; x_wconf 91' lang='lat' dir='ltr'>iu</span> <span class='ocrx_word' id='word_1_116' title='bbox 931 2026 1075 2089; x_wconf 81' lang='lat' dir='ltr'>regnum,</span> <span class='ocrx_word' id='word_1_117' title='bbox 1104 2006 1234 2089; x_wconf 90' lang='lat' dir='ltr'>quidam</span> <span class='ocrx_word' id='word_1_118' title='bbox 1260 2006 1356 2070; x_wconf 88' lang='lat' dir='ltr'>etiam</span> <span class='ocrx_word' id='word_1_119' title='bbox 1380 2006 1475 2087; x_wconf 91' lang='lat' dir='ltr'>ipsum</span> 
     </span>
     <span class='ocr_line' id='line_1_16' title="bbox 332 2110 1509 2196; baseline -0.001 -19"><span class='ocrx_word' id='word_1_120' title='bbox 332 2114 462 2190; x_wconf 80' lang='lat' dir='ltr'>Ninum,</span> <span class='ocrx_word' id='word_1_121' title='bbox 483 2114 611 2196; x_wconf 91' lang='lat' dir='ltr'>quidam</span> <span class='ocrx_word' id='word_1_122' title='bbox 629 2132 704 2177; x_wconf 91' lang='lat' dir='ltr'>uero</span> <span class='ocrx_word' id='word_1_123' title='bbox 725 2112 867 2177; x_wconf 80' lang='lat' dir='ltr'>dertuato</span> <span class='ocrx_word' id='word_1_124' title='bbox 888 2132 906 2175; x_wconf 90' lang='lat' dir='ltr'>a</span> <span class='ocrx_word' id='word_1_125' title='bbox 924 2116 1012 2195; x_wconf 90' lang='lat' dir='ltr'>patre</span> <span class='ocrx_word' id='word_1_126' title='bbox 1036 2111 1192 2177; x_wconf 86' lang='lat' dir='ltr'>uocabulo</span> <span class='ocrx_word' id='word_1_127' title='bbox 1213 2110 1337 2194; x_wconf 86' lang='lat' dir='ltr'>Ninyan</span> <span class='ocrx_word' id='word_1_128' title='bbox 1359 2114 1474 2175; x_wconf 78' lang='lat' dir='ltr'>uocant.</span> <span class='ocrx_word' id='word_1_129' title='bbox 1492 2136 1509 2175; x_wconf 81' lang='lat' dir='ltr'>o</span> 
     </span>
     <span class='ocr_line' id='line_1_17' title="bbox 333 2206 1559 2302; baseline -0.006 -17"><span class='ocrx_word' id='word_1_130' title='bbox 333 2220 553 2302; x_wconf 86' lang='lat' dir='ltr'>Sicyoniorum</span> <span class='ocrx_word' id='word_1_131' title='bbox 573 2223 680 2283; x_wconf 89' lang='lat' dir='ltr'>autem</span> <span class='ocrx_word' id='word_1_132' title='bbox 699 2238 832 2302; x_wconf 88' lang='lat' dir='ltr'>regnum</span> <span class='ocrx_word' id='word_1_133' title='bbox 851 2222 927 2283; x_wconf 87' lang='lat' dir='ltr'>tuno</span> <span class='ocrx_word' id='word_1_134' title='bbox 943 2218 1071 2283; x_wconf 87' lang='lat' dir='ltr'>tenebat</span> <span class='ocrx_word' id='word_1_135' title='bbox 1085 2218 1226 2283; x_wconf 86' lang='lat' dir='ltr'>Telriou.</span> <span class='ocrx_word' id='word_1_136' title='bbox 1247 2214 1317 2295; x_wconf 85' lang='lat' dir='ltr'>Quo</span> <span class='ocrx_word' id='word_1_137' title='bbox 1337 2218 1476 2299; x_wconf 84' lang='lat' dir='ltr'>regnante</span> <span class='ocrx_word' id='word_1_138' title='bbox 1558 2206 1559 2209; x_wconf 46' lang='lat'>&#39;</span> 
     </span>
     <span class='ocr_line' id='line_1_18' title="bbox 333 2323 1476 2408; baseline -0.007 -17"><span class='ocrx_word' id='word_1_139' title='bbox 333 2345 436 2408; x_wconf 89' lang='lat' dir='ltr'>usque</span> <span class='ocrx_word' id='word_1_140' title='bbox 460 2326 537 2389; x_wconf 89' lang='lat' dir='ltr'>adeo</span> <span class='ocrx_word' id='word_1_141' title='bbox 557 2325 602 2389; x_wconf 92' lang='lat' dir='ltr'>ibi</span> <span class='ocrx_word' id='word_1_142' title='bbox 622 2326 713 2389; x_wconf 89' lang='lat' dir='ltr'>mitia</span> <span class='ocrx_word' id='word_1_143' title='bbox 733 2330 766 2389; x_wconf 91' lang='lat' dir='ltr'>et</span> <span class='ocrx_word' id='word_1_144' title='bbox 782 2326 867 2389; x_wconf 89' lang='lat' dir='ltr'>laets</span> <span class='ocrx_word' id='word_1_145' title='bbox 889 2327 1031 2407; x_wconf 91' lang='lat' dir='ltr'>tempora</span> <span class='ocrx_word' id='word_1_146' title='bbox 1055 2325 1192 2401; x_wconf 84' lang='lat' dir='ltr'>suerunt,</span> <span class='ocrx_word' id='word_1_147' title='bbox 1212 2328 1249 2387; x_wconf 93' lang='lat' dir='ltr'>ut</span> <span class='ocrx_word' id='word_1_148' title='bbox 1268 2344 1341 2388; x_wconf 91' lang='lat' dir='ltr'>eum</span> <span class='ocrx_word' id='word_1_149' title='bbox 1361 2323 1476 2387; x_wconf 83' lang='lat' dir='ltr'>deiunc-</span> 
     </span>
     <span class='ocr_line' id='line_1_19' title="bbox 332 2428 1475 2500; baseline -0.005 -3"><span class='ocrx_word' id='word_1_150' title='bbox 332 2439 401 2497; x_wconf 89' lang='lat' dir='ltr'>tum</span> <span class='ocrx_word' id='word_1_151' title='bbox 437 2433 528 2497; x_wconf 89' lang='lat' dir='ltr'>uelut</span> <span class='ocrx_word' id='word_1_152' title='bbox 565 2433 659 2496; x_wconf 90' lang='lat' dir='ltr'>deum</span> <span class='ocrx_word' id='word_1_153' title='bbox 699 2432 838 2496; x_wconf 88' lang='lat' dir='ltr'>colerent</span> <span class='ocrx_word' id='word_1_154' title='bbox 877 2431 1080 2497; x_wconf 85' lang='lat' dir='ltr'>sacrificando</span> <span class='ocrx_word' id='word_1_155' title='bbox 1112 2434 1144 2497; x_wconf 91' lang='lat' dir='ltr'>et</span> <span class='ocrx_word' id='word_1_156' title='bbox 1170 2432 1264 2495; x_wconf 89' lang='lat' dir='ltr'>ludos</span> <span class='ocrx_word' id='word_1_157' title='bbox 1289 2428 1475 2500; x_wconf 77' lang='lat' dir='ltr'>celebrando,</span> 
     </span>
    </p>
   </div>
   <div class='ocr_carea' id='block_1_3' title="bbox 335 2538 975 2622">
    <p class='ocr_par' dir='ltr' id='par_1_4' title="bbox 335 2526 1558 2757">
     <span class='ocr_line' id='line_1_20' title="bbox 335 2538 975 2622; baseline -0.004 -17"><span class='ocrx_word' id='word_1_158' title='bbox 335 2558 414 2622; x_wconf 87' lang='lat' dir='ltr'>quos</span> <span class='ocrx_word' id='word_1_159' title='bbox 439 2540 467 2603; x_wconf 89' lang='lat' dir='ltr'>ei</span> <span class='ocrx_word' id='word_1_160' title='bbox 497 2539 647 2621; x_wconf 85' lang='lat' dir='ltr'>primitus</span> <span class='ocrx_word' id='word_1_161' title='bbox 670 2538 838 2603; x_wconf 88' lang='lat' dir='ltr'>institutos</span> <span class='ocrx_word' id='word_1_162' title='bbox 861 2538 975 2603; x_wconf 87' lang='lat' dir='ltr'>ferunt.</span> 
     </span>
    </p>
   </div>
   <div class='ocr_carea' id='block_1_4' title="bbox 800 2725 1016 2813">
    <p class='ocr_par' dir='ltr' id='par_1_5' title="bbox 800 2725 1016 2813">
     <span class='ocr_line' id='line_1_21' title="bbox 800 2725 1016 2813; baseline 0 -24"><span class='ocrx_word' id='word_1_163' title='bbox 800 2725 937 2813; x_wconf 80' lang='lat' dir='ltr'>oaaua</span> <span class='ocrx_word' id='word_1_164' title='bbox 961 2727 1016 2791; x_wconf 87' lang='lat'>111.</span> 
     </span>
    </p>
   </div>
   <div class='ocr_carea' id='block_1_5' title="bbox 334 2868 1556 3253">
    <p class='ocr_par' dir='ltr' id='par_1_6' title="bbox 335 2868 1472 2954">
     <span class='ocr_line' id='line_1_22' title="bbox 335 2868 1472 2954; baseline 0 -23"><span class='ocrx_word' id='word_1_165' title='bbox 335 2868 480 2947; x_wconf 80' lang='lat' dir='ltr'>Quibus</span> <span class='ocrx_word' id='word_1_166' title='bbox 513 2868 765 2950; x_wconf 85' lang='lat' dir='ltr'>regnantibus</span> <span class='ocrx_word' id='word_1_167' title='bbox 798 2870 889 2950; x_wconf 91' lang='lat' dir='ltr'>aput</span> <span class='ocrx_word' id='word_1_168' title='bbox 919 2868 1097 2951; x_wconf 81' lang='lat' dir='ltr'>Assyrios</span> <span class='ocrx_word' id='word_1_169' title='bbox 1131 2868 1251 2951; x_wconf 90' lang='lat' dir='ltr'>adque</span> <span class='ocrx_word' id='word_1_170' title='bbox 1285 2868 1472 2954; x_wconf 84' lang='lat' dir='ltr'>Sicyonios</span> 
     </span>
    </p>

    <p class='ocr_par' dir='ltr' id='par_1_7' title="bbox 334 2975 1470 3058">
     <span class='ocr_line' id='line_1_23' title="bbox 334 2975 1470 3058; baseline 0 -21"><span class='ocrx_word' id='word_1_171' title='bbox 334 2975 503 3038; x_wconf 85' lang='lat' dir='ltr'>Abrabae</span> <span class='ocrx_word' id='word_1_172' title='bbox 538 2975 756 3039; x_wconf 83' lang='lat' dir='ltr'>centenario</span> <span class='ocrx_word' id='word_1_173' title='bbox 780 2976 889 3039; x_wconf 87' lang='lat' dir='ltr'>Isaac</span> <span class='ocrx_word' id='word_1_174' title='bbox 923 2975 964 3039; x_wconf 92' lang='lat' dir='ltr'>de</span> <span class='ocrx_word' id='word_1_175' title='bbox 998 2976 1250 3058; x_wconf 88' lang='lat' dir='ltr'>promissione</span> <span class='ocrx_word' id='word_1_176' title='bbox 1282 2978 1470 3049; x_wconf 84' lang='lat' dir='ltr'>situatas,</span> 
     </span>
    </p>

    <p class='ocr_par' dir='ltr' id='par_1_8' title="bbox 334 3080 1556 3253">
     <span class='ocr_line' id='line_1_24' title="bbox 334 3080 1556 3167; baseline -0.001 -24"><span class='ocrx_word' id='word_1_177' title='bbox 334 3082 395 3145; x_wconf 88' lang='lat' dir='ltr'>uel</span> <span class='ocrx_word' id='word_1_178' title='bbox 427 3080 503 3163; x_wconf 90' lang='lat' dir='ltr'>ipsi</span> <span class='ocrx_word' id='word_1_179' title='bbox 535 3082 642 3145; x_wconf 90' lang='lat' dir='ltr'>Isaac</span> <span class='ocrx_word' id='word_1_180' title='bbox 675 3082 920 3165; x_wconf 81' lang='lat' dir='ltr'>sexagenario</span> <span class='ocrx_word' id='word_1_181' title='bbox 945 3082 1043 3145; x_wconf 81' lang='lat' dir='ltr'>Esau</span> <span class='ocrx_word' id='word_1_182' title='bbox 1074 3085 1110 3146; x_wconf 83' lang='lat' dir='ltr'>et</span> <span class='ocrx_word' id='word_1_183' title='bbox 1133 3082 1243 3146; x_wconf 89' lang='lat' dir='ltr'>Iacob</span> <span class='ocrx_word' id='word_1_184' title='bbox 1275 3082 1412 3167; x_wconf 88' lang='lat' dir='ltr'>gamini</span> <span class='ocrx_word' id='word_1_185' title='bbox 1433 3080 1471 3143; x_wconf 89' lang='lat' dir='ltr'>de</span> <span class='ocrx_word' id='word_1_186' title='bbox 1555 3118 1556 3133; x_wconf 60' lang='lat'>2</span> 
     </span>
     <span class='ocr_line' id='line_1_25' title="bbox 706 3188 1109 3253; baseline 0.005 -2"><span class='ocrx_word' id='word_1_187' title='bbox 706 3188 879 3252; x_wconf 88' lang='lat' dir='ltr'>Rebecca</span> <span class='ocrx_word' id='word_1_188' title='bbox 903 3188 980 3253; x_wconf 90' lang='lat' dir='ltr'>sint</span> <span class='ocrx_word' id='word_1_189' title='bbox 1004 3188 1109 3253; x_wconf 84' lang='lat' dir='ltr'>editi.</span> 
     </span>
    </p>
   </div>
   <div class='ocr_carea' id='block_1_6' title="bbox 1487 2778 1507 2815">
    <p class='ocr_par' dir='ltr' id='par_1_9' title="bbox 1487 2778 1507 2815">
     <span class='ocr_line' id='line_1_26' title="bbox 1487 2778 1507 2815; baseline -0.2 0"><span class='ocrx_word' id='word_1_190' title='bbox 1487 2778 1507 2815; x_wconf 75' lang='lat' dir='ltr'>id</span> 
     </span>
    </p>
   </div>
   <div class='ocr_carea' id='block_1_7' title="bbox 333 3328 1505 3839">
    <p class='ocr_par' dir='ltr' id='par_1_10' title="bbox 333 3328 1505 3839">
     <span class='ocr_line' id='line_1_27' title="bbox 377 3328 1505 3413; baseline 0.003 -20"><span class='ocrx_word' id='word_1_191' title='bbox 377 3328 483 3394; x_wconf 92' lang='lat' dir='ltr'>Huius</span> <span class='ocrx_word' id='word_1_192' title='bbox 516 3328 712 3412; x_wconf 88' lang='lat' dir='ltr'>temporibus</span> <span class='ocrx_word' id='word_1_193' title='bbox 746 3331 842 3393; x_wconf 86' lang='lat' dir='ltr'>etiam</span> <span class='ocrx_word' id='word_1_194' title='bbox 867 3331 955 3395; x_wconf 91' lang='lat' dir='ltr'>Isaac</span> <span class='ocrx_word' id='word_1_195' title='bbox 989 3350 1024 3395; x_wconf 82' lang='lat' dir='ltr'>ex</span> <span class='ocrx_word' id='word_1_196' title='bbox 1057 3330 1266 3413; x_wconf 83' lang='lat' dir='ltr'>promissione</span> <span class='ocrx_word' id='word_1_197' title='bbox 1296 3330 1353 3396; x_wconf 89' lang='lat' dir='ltr'>Dei</span> <span class='ocrx_word' id='word_1_198' title='bbox 1386 3332 1505 3396; x_wconf 77' lang='lat' dir='ltr'>natuss</span> 
     </span>
     <span class='ocr_line' id='line_1_28' title="bbox 334 3436 1468 3520; baseline -0.004 -20"><span class='ocrx_word' id='word_1_199' title='bbox 334 3438 384 3500; x_wconf 87' lang='lat' dir='ltr'>est</span> <span class='ocrx_word' id='word_1_200' title='bbox 415 3436 593 3500; x_wconf 89' lang='lat' dir='ltr'>centenario</span> <span class='ocrx_word' id='word_1_201' title='bbox 626 3436 708 3518; x_wconf 91' lang='lat' dir='ltr'>patri</span> <span class='ocrx_word' id='word_1_202' title='bbox 740 3436 825 3500; x_wconf 89' lang='lat' dir='ltr'>filius</span> <span class='ocrx_word' id='word_1_203' title='bbox 855 3436 999 3500; x_wconf 82' lang='lat' dir='ltr'>Abrabae</span> <span class='ocrx_word' id='word_1_204' title='bbox 1033 3437 1070 3501; x_wconf 92' lang='lat' dir='ltr'>de</span> <span class='ocrx_word' id='word_1_205' title='bbox 1104 3436 1196 3501; x_wconf 87' lang='lat' dir='ltr'>Sarra</span> <span class='ocrx_word' id='word_1_206' title='bbox 1228 3437 1374 3520; x_wconf 80' lang='lat' dir='ltr'>coniuge,</span> <span class='ocrx_word' id='word_1_207' title='bbox 1399 3451 1468 3518; x_wconf 90' lang='lat' dir='ltr'>quae</span> 
     </span>
     <span class='ocr_line' id='line_1_29' title="bbox 334 3540 1468 3626; baseline -0.004 -19"><span class='ocrx_word' id='word_1_208' title='bbox 334 3543 452 3607; x_wconf 88' lang='lat' dir='ltr'>sterilis</span> <span class='ocrx_word' id='word_1_209' title='bbox 477 3545 509 3607; x_wconf 90' lang='lat' dir='ltr'>et</span> <span class='ocrx_word' id='word_1_210' title='bbox 536 3562 614 3607; x_wconf 88' lang='lat' dir='ltr'>anus</span> <span class='ocrx_word' id='word_1_211' title='bbox 641 3543 705 3606; x_wconf 89' lang='lat' dir='ltr'>iam</span> <span class='ocrx_word' id='word_1_212' title='bbox 735 3562 824 3624; x_wconf 89' lang='lat' dir='ltr'>spem</span> <span class='ocrx_word' id='word_1_213' title='bbox 853 3544 950 3626; x_wconf 93' lang='lat' dir='ltr'>prolis</span> <span class='ocrx_word' id='word_1_214' title='bbox 980 3544 1139 3607; x_wconf 85' lang='lat' dir='ltr'>amiserat.</span> <span class='ocrx_word' id='word_1_215' title='bbox 1172 3544 1259 3608; x_wconf 83' lang='lat' dir='ltr'>Tune</span> <span class='ocrx_word' id='word_1_216' title='bbox 1289 3548 1321 3607; x_wconf 94' lang='lat' dir='ltr'>et</span> <span class='ocrx_word' id='word_1_217' title='bbox 1343 3540 1468 3626; x_wconf 79' lang='lat' dir='ltr'>Assyriis</span> 
     </span>
     <span class='ocr_line' id='line_1_30' title="bbox 334 3642 1468 3733; baseline -0.004 -21"><span class='ocrx_word' id='word_1_218' title='bbox 334 3648 464 3731; x_wconf 90' lang='lat' dir='ltr'>quintus</span> <span class='ocrx_word' id='word_1_219' title='bbox 507 3652 573 3712; x_wconf 89' lang='lat' dir='ltr'>erat</span> <span class='ocrx_word' id='word_1_220' title='bbox 612 3668 665 3711; x_wconf 84' lang='lat' dir='ltr'>rex</span> <span class='ocrx_word' id='word_1_221' title='bbox 703 3648 824 3715; x_wconf 80' lang='lat' dir='ltr'>Arrius.</span> <span class='ocrx_word' id='word_1_222' title='bbox 857 3650 924 3732; x_wconf 91' lang='lat' dir='ltr'>Ipsi</span> <span class='ocrx_word' id='word_1_223' title='bbox 956 3668 1031 3713; x_wconf 90' lang='lat' dir='ltr'>uero</span> <span class='ocrx_word' id='word_1_224' title='bbox 1060 3648 1148 3712; x_wconf 89' lang='lat' dir='ltr'>Isaac</span> <span class='ocrx_word' id='word_1_225' title='bbox 1183 3649 1382 3733; x_wconf 80' lang='lat' dir='ltr'>sexagenario</span> <span class='ocrx_word' id='word_1_226' title='bbox 1412 3642 1468 3710; x_wconf 85' lang='lat' dir='ltr'>nati</span> 
     </span>
     <span class='ocr_line' id='line_1_31' title="bbox 333 3752 1467 3839; baseline -0.003 -20"><span class='ocrx_word' id='word_1_227' title='bbox 333 3759 409 3820; x_wconf 91' lang='lat' dir='ltr'>sunt</span> <span class='ocrx_word' id='word_1_228' title='bbox 431 3756 557 3839; x_wconf 89' lang='lat' dir='ltr'>gemini,</span> <span class='ocrx_word' id='word_1_229' title='bbox 581 3756 665 3819; x_wconf 81' lang='lat' dir='ltr'>Esau</span> <span class='ocrx_word' id='word_1_230' title='bbox 698 3758 730 3819; x_wconf 85' lang='lat' dir='ltr'>et</span> <span class='ocrx_word' id='word_1_231' title='bbox 762 3756 868 3833; x_wconf 79' lang='lat' dir='ltr'>Iacob,</span> <span class='ocrx_word' id='word_1_232' title='bbox 904 3775 982 3839; x_wconf 87' lang='lat' dir='ltr'>quos</span> <span class='ocrx_word' id='word_1_233' title='bbox 1012 3756 1040 3819; x_wconf 83' lang='lat' dir='ltr'>ei</span> <span class='ocrx_word' id='word_1_234' title='bbox 1068 3756 1210 3821; x_wconf 89' lang='lat' dir='ltr'>Rebecca</span> <span class='ocrx_word' id='word_1_235' title='bbox 1242 3774 1320 3821; x_wconf 84' lang='lat' dir='ltr'>uxor</span> <span class='ocrx_word' id='word_1_236' title='bbox 1350 3752 1467 3838; x_wconf 82' lang='lat' dir='ltr'>peperit.</span> 
     </span>
    </p>
   </div>
   <div class='ocr_carea' id='block_1_8' title="bbox 424 3948 712 4016">
    <p class='ocr_par' dir='ltr' id='par_1_11' title="bbox 424 3948 712 4016">
     <span class='ocr_line' id='line_1_32' title="bbox 424 3948 712 4016; baseline 0.01 -16"><span class='ocrx_word' id='word_1_237' title='bbox 424 3948 457 4001; x_wconf 89' lang='lat'>13</span> <span class='ocrx_word' id='word_1_238' title='bbox 478 3964 499 4001; x_wconf 90' lang='lat' dir='ltr'>c.</span> <span class='ocrx_word' id='word_1_239' title='bbox 518 3948 536 4000; x_wconf 80' lang='lat'>4</span> <span class='ocrx_word' id='word_1_240' title='bbox 554 3964 580 4016; x_wconf 91' lang='lat' dir='ltr'>p.</span> <span class='ocrx_word' id='word_1_241' title='bbox 603 3948 653 4001; x_wconf 84' lang='lat'>132</span> <span class='ocrx_word' id='word_1_242' title='bbox 672 3964 712 4016; x_wconf 89' lang='lat' dir='ltr'>sq.</span> 
     </span>
    </p>
   </div>
   <div class='ocr_carea' id='block_1_9' title="bbox 333 4068 1466 4409">
    <p class='ocr_par' dir='ltr' id='par_1_12' title="bbox 370 4068 1466 4143">
     <span class='ocr_line' id='line_1_33' title="bbox 370 4068 1466 4143; baseline -0.004 -18"><span class='ocrx_word' id='word_1_243' title='bbox 370 4072 483 4141; x_wconf 72' lang='lat' dir='ltr'>duero]</span> <span class='ocrx_word' id='word_1_244' title='bbox 503 4088 567 4141; x_wconf 85' lang='lat' dir='ltr'>ergo</span> <span class='ocrx_word' id='word_1_245' title='bbox 587 4089 601 4125; x_wconf 89' lang='lat' dir='ltr'>e</span> <span class='ocrx_word' id='word_1_246' title='bbox 655 4073 672 4125; x_wconf 85' lang='lat'>9</span> <span class='ocrx_word' id='word_1_247' title='bbox 689 4074 804 4125; x_wconf 86' lang='lat' dir='ltr'>matrem</span> <span class='ocrx_word' id='word_1_248' title='bbox 825 4088 899 4125; x_wconf 89' lang='lat' dir='ltr'>suam</span> <span class='ocrx_word' id='word_1_249' title='bbox 920 4089 934 4125; x_wconf 85' lang='lat' dir='ltr'>e</span> <span class='ocrx_word' id='word_1_250' title='bbox 993 4073 1082 4126; x_wconf 87' lang='lat' dir='ltr'>samir.</span> <span class='ocrx_word' id='word_1_251' title='bbox 1103 4089 1142 4143; x_wconf 80' lang='lat' dir='ltr'>ep</span> <span class='ocrx_word' id='word_1_252' title='bbox 1160 4070 1275 4137; x_wconf 78' lang='lat' dir='ltr'>Domb.‚·</span> <span class='ocrx_word' id='word_1_253' title='bbox 1293 4072 1372 4124; x_wconf 75' lang='lat' dir='ltr'>remit</span> <span class='ocrx_word' id='word_1_254' title='bbox 1389 4068 1466 4133; x_wconf 62' lang='lat' dir='ltr'>obp?</span> 
     </span>
    </p>

    <p class='ocr_par' dir='ltr' id='par_1_13' title="bbox 333 4158 1465 4409">
     <span class='ocr_line' id='line_1_34' title="bbox 335 4158 1465 4231; baseline -0.005 -18"><span class='ocrx_word' id='word_1_255' title='bbox 335 4161 417 4217; x_wconf 78' lang='lat' dir='ltr'>etate</span> <span class='ocrx_word' id='word_1_256' title='bbox 436 4163 453 4215; x_wconf 82' lang='lat' dir='ltr'>I.</span> <span class='ocrx_word' id='word_1_257' title='bbox 473 4166 509 4215; x_wconf 83' lang='lat'>13</span> <span class='ocrx_word' id='word_1_258' title='bbox 573 4162 606 4216; x_wconf 82' lang='lat'>15</span> <span class='ocrx_word' id='word_1_259' title='bbox 625 4163 733 4230; x_wconf 75' lang='lat' dir='ltr'>ninyam</span> <span class='ocrx_word' id='word_1_260' title='bbox 754 4162 794 4231; x_wconf 73' lang='grc' dir='ltr'>ὁρ</span> <span class='ocrx_word' id='word_1_261' title='bbox 865 4163 898 4217; x_wconf 88' lang='grc'>16</span> <span class='ocrx_word' id='word_1_262' title='bbox 916 4162 1016 4215; x_wconf 90' lang='lat' dir='ltr'>telsion</span> <span class='ocrx_word' id='word_1_263' title='bbox 1035 4178 1064 4228; x_wconf 73' lang='grc' dir='ltr'>ις</span> <span class='ocrx_word' id='word_1_264' title='bbox 1081 4162 1188 4230; x_wconf 78' lang='lat' dir='ltr'>telsyou</span> <span class='ocrx_word' id='word_1_265' title='bbox 1208 4180 1225 4213; x_wconf 81' lang='grc' dir='ltr'>α</span> <span class='ocrx_word' id='word_1_266' title='bbox 1292 4160 1326 4213; x_wconf 94' lang='grc'>22</span> <span class='ocrx_word' id='word_1_267' title='bbox 1345 4158 1377 4212; x_wconf 92' lang='lat' dir='ltr'>de</span> <span class='ocrx_word' id='word_1_268' title='bbox 1395 4166 1465 4225; x_wconf 83' lang='lat' dir='ltr'>pron.</span> 
     </span>
     <span class='ocr_line' id='line_1_35' title="bbox 333 4248 1461 4321; baseline 0.004 -18"><span class='ocrx_word' id='word_1_269' title='bbox 333 4268 419 4319; x_wconf 79' lang='lat' dir='ltr'>usque</span> <span class='ocrx_word' id='word_1_270' title='bbox 438 4252 477 4305; x_wconf 84' lang='lat' dir='ltr'>ad</span> <span class='ocrx_word' id='word_1_271' title='bbox 494 4252 570 4305; x_wconf 81' lang='lat' dir='ltr'>isaac</span> <span class='ocrx_word' id='word_1_272' title='bbox 588 4268 640 4306; x_wconf 88' lang='lat' dir='ltr'>om.</span> <span class='ocrx_word' id='word_1_273' title='bbox 658 4252 698 4320; x_wconf 70' lang='lat' dir='ltr'>sp</span> <span class='ocrx_word' id='word_1_274' title='bbox 795 4251 829 4305; x_wconf 87' lang='lat' dir='ltr'>de</span> <span class='ocrx_word' id='word_1_275' title='bbox 848 4252 1037 4321; x_wconf 84' lang='lat' dir='ltr'>repromissp</span> <span class='ocrx_word' id='word_1_276' title='bbox 1128 4252 1162 4304; x_wconf 83' lang='lat'>27</span> <span class='ocrx_word' id='word_1_277' title='bbox 1183 4250 1328 4315; x_wconf 55' lang='lat' dir='ltr'>audierint·</span> <span class='ocrx_word' id='word_1_278' title='bbox 1347 4248 1376 4299; x_wconf 57' lang='lat'>5⁹⁸</span> <span class='ocrx_word' id='word_1_279' title='bbox 1391 4254 1461 4307; x_wconf 66' lang='lat' dir='ltr'>wd-</span> 
     </span>
     <span class='ocr_line' id='line_1_36' title="bbox 335 4339 1241 4409; baseline 0 -16"><span class='ocrx_word' id='word_1_280' title='bbox 335 4342 504 4404; x_wconf 75' lang='lat' dir='ltr'>amiserate</span> <span class='ocrx_word' id='word_1_281' title='bbox 575 4340 650 4394; x_wconf 81' lang='lat' dir='ltr'>&#39;Iunc</span> <span class='ocrx_word' id='word_1_282' title='bbox 666 4356 752 4409; x_wconf 76' lang='lat' dir='ltr'>osque</span> <span class='ocrx_word' id='word_1_283' title='bbox 771 4340 811 4394; x_wconf 84' lang='lat' dir='ltr'>ad</span> <span class='ocrx_word' id='word_1_284' title='bbox 830 4344 888 4394; x_wconf 87' lang='lat' dir='ltr'>erat</span> <span class='ocrx_word' id='word_1_285' title='bbox 907 4356 991 4395; x_wconf 75' lang='lat' dir='ltr'>ome</span> <span class='ocrx_word' id='word_1_286' title='bbox 1044 4339 1079 4393; x_wconf 85' lang='grc'>28</span> <span class='ocrx_word' id='word_1_287' title='bbox 1099 4339 1241 4393; x_wconf 75' lang='lat' dir='ltr'>Arabiuso</span> 
     </span>
    </p>
   </div>
   <div class='ocr_carea' id='block_1_10' title="bbox 0 0 1603 4959">
    <p class='ocr_par' dir='ltr' id='par_1_14' title="bbox 0 0 1603 4959">
     <span class='ocr_line' id='line_1_37' title="bbox 0 0 1603 4959; baseline 0 0"><span class='ocrx_word' id='word_1_288' title='bbox 0 0 1603 4959; x_wconf 95' lang='lat' dir='ltr'> </span> 
     </span>
    </p>
   </div>
  </div>
 </body>
</html>
