3192 4959
290 417 333 481 94
640 418 666 470 S.
695 417 850 473 Aurelii
875 419 1092 489 Augustini
1159 459 1162 462 -

288 609 456 684 cernimus,
484 612 530 685 ut,
560 610 686 674 etiamsi
713 612 872 694 peruersis
900 613 1027 698 legibus
1050 616 1437 698 permittantur-datarus

289 716 445 800 coniugia,
485 717 597 782 melior
632 721 737 782 tamen
777 720 974 785 consuetudo
996 722 1115 805 -ipsam
1146 724 1238 787 malit
1271 726 1435 792 exhorrere

286 824 460 901 licentiam,
494 827 526 887 et
558 842 631 889 oum
664 843 786 890 sorores
821 827 962 908 accipere
993 829 1025 892 in
1058 830 1295 896 matrimonium
1323 832 1436 914 primis

287 930 416 996 humani
452 932 575 1014 generis
612 933 811 1015 temporibus
845 934 973 1000 omnino
1003 936 1141 1008 licuerit,
1179 937 1227 1002 sio
1258 943 1434 1015 auersetur,

287 1039 379 1122 quasi
405 1058 578 1120 numquam
606 1039 701 1103 licere
728 1041 879 1120 potuerit.
907 1040 957 1104 Ad
984 1042 1159 1106 humanum
1188 1045 1273 1108 enim
1302 1065 1433 1138 sensum
1464 1071 1476 1108 1

286 1148 339 1209 uel
371 1144 586 1210 adliciendum
619 1145 671 1210 uel
700 1145 921 1210 offendendum
948 1168 1018 1213 mos
1047 1149 1134 1212 ualet
1160 1150 1348 1232 plurimum;
1378 1155 1434 1234 qni

287 1271 359 1318 cum
387 1253 418 1316 in
447 1253 506 1316 hac
530 1271 626 1316 causa
649 1251 930 1317 inmoderationem
955 1254 1232 1338 concupiscentiae
1257 1259 1433 1335 coherceat,

286 1379 358 1424 cum
382 1359 552 1442 dissignari
572 1358 672 1441 adque
692 1360 851 1441 corrumpi
869 1360 981 1425 merito
1001 1379 1071 1425 esse
1090 1362 1243 1427 nefarium
1263 1363 1432 1430 iudicatur.

286 1465 319 1531 Si
349 1467 432 1531 enim
461 1471 510 1530 est
536 1465 682 1548 iniquum
710 1465 865 1530 auiditate
887 1466 1072 1548 possidendi
1095 1468 1274 1551 transgredi
1296 1470 1430 1536 limitem

285 1592 442 1657 agrorum,
467 1575 584 1654 quanto
609 1575 657 1636 est
680 1572 822 1654 iniquius
845 1572 976 1637 libidine
996 1575 1225 1640 concumbendi
1245 1576 1431 1642 subuertere
1451 1603 1475 1641 ro

285 1680 418 1745 limitem
448 1680 586 1743 morum!
616 1678 743 1760 Experti
771 1682 877 1742 antem
907 1698 1019 1744 snmus
1047 1680 1078 1744 in
1103 1681 1248 1746 conubiis
1272 1685 1432 1748 consobri-

284 1806 394 1851 narum
414 1786 511 1850 etiam
530 1785 646 1848 nostris
670 1784 867 1867 temporibus
886 1789 1014 1866 propter
1032 1787 1166 1870 gradum
1184 1789 1434 1872 propinquitatis

283 1895 419 1958 fraterno
448 1891 560 1974 gradui
586 1891 764 1973 proximum
793 1910 889 1972 qnam
910 1912 979 1956 raro
1003 1881 1185 1974 permotas
1209 1894 1315 1973 fiebat,
1345 1897 1430 1978 quod

283 1999 351 2063 fieri
373 2019 429 2081 per
450 1999 539 2082 leges
562 1997 689 2074 licebat,
715 1997 788 2078 quia
806 1997 840 2062 id
858 2017 915 2062 nec
935 1997 1042 2063 diuina
1059 2000 1222 2082 prohibuit
1241 2005 1273 2065 et
1291 2002 1430 2067 nondum

283 2107 489 2191 prohibuerat
515 2105 564 2168 lex
593 2105 739 2168 humana.
764 2104 883 2168 Verum
910 2109 1016 2170 tamen
1040 2107 1159 2172 factum
1184 2106 1279 2172 ctiam
1302 2109 1427 2174 licitum
1450 2131 1474 2169 n

283 2217 413 2296 propter
443 2211 641 2275 uicinitatem
673 2211 860 2276 horrebatur
891 2211 1005 2276 inliciti
1038 2216 1080 2293 et,
1116 2213 1200 2296 quod
1232 2214 1328 2279 fiebat
1355 2235 1429 2280 cum

284 2319 480 2394 consobrina,
514 2335 610 2400 paene
645 2336 716 2382 curn
750 2336 856 2383 sorore
888 2317 957 2382 fieri
988 2319 1170 2396 uidebatur3
1204 2321 1280 2402 quia
1308 2325 1340 2386 et
1366 2322 1430 2405 ipsi

283 2428 365 2492 inter
401 2445 435 2490 se
472 2429 599 2507 propter
633 2428 697 2488 tam
735 2425 945 2506 propinquam
977 2427 1285 2510 consanguinitatem
1316 2429 1430 2494 fratres

284 2536 440 2598 uocantur
462 2537 494 2596 et
517 2550 615 2614 paene
640 2531 781 2614 germani
804 2533 888 2596 sunt.
908 2532 982 2596 Fuit
1000 2538 1106 2598 autem
1126 2533 1265 2616 antiquis
1283 2536 1429 2617 patribus

280 2641 448 2724 religiosae
472 2657 575 2711 curae,
600 2656 638 2700 no
661 2638 730 2720 ipsa
754 2638 973 2722 propinquitas
992 2658 1026 2702 se
1040 2640 1199 2722 paulatim
1217 2641 1427 2725 propaginum
1446 2664 1476 2703 so

281 2746 443 2811 ordinibus
473 2745 622 2808 dirimens
650 2743 777 2828 longius
809 2744 910 2809 abiret
938 2749 970 2810 et
996 2746 1214 2828 propinquitas
1244 2766 1314 2811 esse
1345 2747 1428 2811 desi-

282 2856 389 2927 steret,
414 2871 483 2916 eam
507 2850 644 2915 nondum
668 2850 763 2934 longe
785 2851 925 2933 positam
948 2872 1059 2916 rursus
1083 2852 1276 2917 matrimonii
1294 2853 1426 2917 uinculo

281 2960 439 3043 conligare
473 2962 506 3022 et
537 2957 673 3039 quodam
706 2956 800 3022 modo
835 2977 983 3023 reuocare
1015 2959 1202 3042 fugientem.
1240 2959 1330 3024 Unde
1361 2960 1427 3023 iam

278 3067 371 3149 plano
396 3065 578 3130 hominibus
603 3067 676 3130 orbe
699 3068 864 3141 terrarum,
893 3085 953 3131 non
977 3064 1105 3147 quidem
1129 3085 1253 3131 sorores
1277 3085 1313 3130 er
1336 3068 1427 3147 patre

279 3174 332 3237 uel
360 3177 460 3236 matre
487 3172 539 3235 uel
569 3191 604 3235 ex
628 3172 783 3238 ambobus
808 3172 875 3236 suis
899 3172 1082 3255 parentibus
1106 3176 1207 3248 natas,
1238 3172 1295 3236 sad
1317 3175 1425 3236 tamen
1444 3193 1474 3234 aa

279 3279 427 3344 amabant
458 3277 495 3341 de
529 3297 587 3343 suo
616 3297 728 3362 genere
757 3278 872 3347 ducere
898 3296 1021 3342 uxores.
1050 3277 1169 3341 Verum
1198 3279 1270 3359 quis
1298 3277 1426 3343 dubitet

278 3387 443 3450 honestius
476 3386 536 3450 hoo
568 3390 708 3469 tempore
741 3385 836 3448 etiam
871 3384 1130 3449 consobrinorum
1162 3383 1322 3466 prohibi-ta
1354 3404 1425 3450 esse

277 3492 445 3576 coniugia?
464 3511 525 3556 non
545 3493 649 3556 solum
669 3491 845 3555 secundum
864 3509 910 3566 ea,
931 3509 1010 3572 quac
1030 3489 1276 3572 disputabimus,
1296 3495 1426 3574 propter

277 3597 535 3682 multiplicandas
565 3597 752 3673 adfinitates,
781 3617 819 3660 ne
844 3597 957 3660 habeat
980 3596 1060 3661 duas
1084 3597 1337 3662 necessitudines
1361 3617 1425 3662 una

277 3725 419 3790 persona,
454 3723 525 3769 curn
560 3703 639 3768 duae
672 3704 797 3785 possint
829 3723 882 3768 eas
915 3703 1029 3767 habere
1058 3708 1091 3768 et
1118 3723 1269 3767 numerus
1296 3705 1424 3787 propin·
1443 3729 1474 3768 so

277 3813 409 3894 quitatis
430 3812 552 3895 augeri;
573 3811 627 3876 scd
649 3812 744 3875 etiam
758 3807 839 3891 'qnia
857 3811 964 3875 nescio
985 3830 1046 3893 quo
1060 3809 1154 3874 modo
1170 3810 1255 3874 inest
1267 3811 1423 3875 humanae

312 4023 461 4106 2111111111ς
484 4022 510 4073 V
570 4021 730 4074 4lrumanis
754 4021 780 4072 V
841 3980 1066 4081 badliciendum,
1086 4021 1117 4072 in
1135 4037 1220 4089 marg.
1240 3979 1424 4078 illiciendus

274 4112 432 4180 tliniquum
453 4113 527 4164 esto
617 4109 715 4162 inicum
740 4108 766 4159 V
864 4110 899 4175 ,11
921 4109 1021 4185 autem]
1042 4109 1112 4162 enirn
1136 4107 1163 4160 V
1250 4100 1363 4162 conubis
1387 4108 1422 4160 V¹

277 4237 310 4288 13
328 4235 478 4288 fiebantV
587 4211 795 4294 1611111111
817 4211 1085 4303 murg'etquodae
1183 4233 1421 4288 1111111111Ἷ

275 4325 309 4377 22
328 4325 464 4378 uinculum
488 4322 522 4373 V¹
1308 4353 1311 4361 ·
