3192 4959
328 417 392 481 206
676 414 702 467 S.
730 412 886 465 Aurelii
913 411 1128 481 Augustini

329 608 651 684 demonstrabero,
676 607 868 671 etfaciam
888 609 924 670 te
944 606 979 669 in
1000 610 1147 691 gentem
1166 604 1357 691 magnam),
1377 604 1459 668 aliam

328 734 404 779 uero
435 714 530 797 longe
561 713 823 795 praestantiorem
856 733 917 777 non
951 712 989 777 de
1022 712 1148 787 carnali,
1182 712 1239 777 sed
1271 712 1309 776 de
1339 711 1460 792 spiritali

329 821 459 899 semine,
487 840 543 904 ρει·
566 820 651 903 quod
674 823 762 901 pater
786 824 918 883 estnon
944 820 1038 883 unius
1062 819 1167 903 gentis
1189 817 1391 893 israeliticae,
1414 816 1461 881 sed
1554 874 1555 883 ,

330 930 470 993 omnium
493 928 647 1011 gentium,
672 945 752 1009 quae
774 925 849 989 fidei
873 925 941 989 eius
960 926 1100 1009 uestigia
1119 928 1369 1007 consequuntu13
1389 922 1462 1004 quod
1555 982 1556 1015 3

329 1035 473 1118 promitti
500 1033 604 1115 coepit
631 1033 681 1096 his
704 1032 826 1097 uerbis:
856 1032 901 1096 Et
931 1032 1204 1097 benedicentur
1231 1032 1265 1094 in
1290 1034 1325 1095 te
1350 1048 1495 1095 omneso

330 1142 453 1206 tribus
478 1144 613 1216 terrae;
639 1144 671 1203 ct
694 1139 843 1221 deinceps
867 1138 937 1203 aliis
961 1139 1072 1203 multis
1092 1138 1264 1203 admodum
1282 1137 1462 1201 testimoniis
1553 1147 1557 1215 ζ

331 1249 408 1313 haec
442 1248 503 1312 duo
536 1247 694 1329 promissa
726 1265 796 1310 esse
829 1246 1089 1309 monstrauimus
1122 1246 1198 1309 Erat
1229 1245 1329 1329 igitur
1357 1244 1416 1307 iam
1436 1244 1463 1305 ir

330 1361 413 1420 terra
449 1353 670 1437 promissionis
708 1372 815 1417 semen
853 1353 1007 1430 Abrahae,
1045 1353 1078 1417 id
1111 1358 1161 1417 est
1191 1352 1330 1435 populus
1365 1348 1463 1422 Israel,
1501 1370 1504 1381 ·

331 1461 504 1527 secundum
529 1479 653 1524 carnem
677 1460 778 1541 adque
801 1460 846 1524 ibi
870 1478 928 1523 non
954 1460 1058 1524 solum
1076 1458 1210 1523 tenendo
1230 1477 1266 1523 ac
1284 1454 1464 1541 possidendo

331 1569 480 1633 ciuitates
509 1566 771 1643 aduersariorum,
801 1584 913 1629 uerum
942 1564 1038 1630 etiam
1065 1585 1155 1648 reges
1180 1564 1323 1629 babendo
1347 1578 1464 1645 regnare
1480 1588 1499 1626 o

330 1674 395 1738 iam
432 1676 587 1756 coeperat,
623 1672 752 1754 inpletis
790 1671 829 1735 de
864 1671 934 1753 ipso
967 1672 1083 1754 populo
1120 1670 1384 1754 promissionibus
1415 1667 1466 1731 Dei

332 1798 447 1862 magna
478 1778 541 1841 iam
574 1797 610 1841 er
637 1782 736 1860 parte,
769 1796 831 1841 non
860 1778 964 1841 solum
993 1797 1073 1859 quae
1101 1778 1202 1842 tribus
1228 1777 1295 1841 illis
1322 1776 1456 1860 patribus
1553 1791 1557 1878 ρ

332 1885 490 1949 Abraham
525 1884 614 1947 Isaac
652 1886 685 1947 et
711 1884 816 1961 Iacob,
855 1886 887 1947 et
919 1902 1137 1966 quaecumque
1169 1884 1248 1947 aliae
1280 1882 1467 1965 temporibus

333 2010 453 2067 eorum,
490 2009 601 2053 uerum
639 1990 735 2052 etiam
772 2008 852 2070 quac
890 2009 946 2071 ρει·
976 1990 1083 2072 ipsum
1115 1990 1259 2073 Moysen,
1295 2008 1351 2071 per
1383 2008 1467 2072 quem

333 2098 472 2180 populus
504 2096 589 2160 idem
622 2096 659 2159 de
693 2095 848 2160 seruitute
877 2096 1035 2179 Aegyptia
1061 2096 1214 2161 liberatus
1244 2100 1275 2161 et
1304 2116 1360 2179 por
1382 2115 1467 2178 quem
1484 2119 1501 2157 o

335 2209 449 2268 cuncta
466 2203 635 2287 praeterita
652 2204 793 2267 reuelata
812 2207 897 2280 sunt,
917 2204 1113 2285 temporibus
1134 2204 1213 2281 eius,
1232 2224 1305 2268 cum
1324 2205 1468 2287 populum

334 2330 390 2392 per
418 2330 558 2375 eremum
587 2309 726 2387 duceret,
756 2310 857 2373 sactae
886 2311 1020 2374 fuerant.
1049 2310 1160 2392 Neque
1188 2313 1295 2374 autern
1323 2330 1377 2393 per
1403 2308 1469 2374 insi-

335 2436 429 2500 gnem
453 2418 566 2480 ducem
588 2417 696 2481 lesum
719 2416 820 2491 Naue,
845 2435 900 2498 per
928 2436 1022 2498 quem
1050 2417 1187 2499 populus
1215 2417 1269 2481 ille
1292 2418 1324 2480 in
1347 2416 1469 2499 promis-

334 2523 432 2588 sionis
460 2523 609 2587 inductus
639 2526 689 2586 est
714 2525 830 2586 terram
859 2524 1108 2607 expugnatisque
1137 2525 1286 2607 gentibus
1311 2544 1378 2588 eam
1403 2524 1469 2587 duo·

335 2630 436 2695 decim
460 2630 619 2705 tribubus,
643 2629 759 2711 quibus
784 2629 871 2693 Deus
895 2631 1041 2710 iusserat,
1067 2630 1176 2694 diuisit
1201 2636 1233 2693 et
1254 2634 1399 2697 mortuus
1419 2634 1470 2701 est,
1485 2644 1504 2683 ε

335 2756 435 2817 neque
454 2739 528 2817 post
546 2735 639 2799 illum
657 2738 725 2799 toto
745 2739 887 2818 tempore
903 2737 1044 2800 iudicum
1061 2736 1181 2817 inpleta
1196 2737 1298 2801 luerat
1311 2736 1470 2819 promissio

336 2843 396 2907 Dei
429 2842 466 2906 de
493 2846 577 2906 terra
605 2842 749 2906 Chanaan
779 2862 798 2905 a
827 2842 964 2924 quodam
992 2843 1122 2907 flumine
1149 2844 1286 2927 Aegypti
1315 2841 1471 2925 usquead

336 2948 452 3012 flumen
481 2967 631 3031 magnum
660 2948 855 3028 Euphratem
885 2968 942 3013 nec
971 2954 1075 3013 tamen
1103 2950 1206 3014 adbuc
1234 2950 1472 3032 prophetabatur

336 3055 490 3132 futurum,
516 3055 571 3117 sed
599 3056 840 3136 exspectabatur
870 3055 1064 3137 inplendum.
1100 3058 1261 3139 inpletum
1294 3062 1344 3121 est
1374 3060 1472 3120 autern

336 3180 392 3243 ρει·
422 3160 528 3224 Dauid
561 3164 593 3223 ct
625 3162 693 3224 eius
725 3161 828 3224 filium
862 3160 1073 3240 Salomonem,
1103 3162 1193 3226 cuius
1222 3182 1354 3246 regnum
1382 3166 1506 3231 tantas

338 3271 454 3349 quanto
490 3267 683 3349 promissum
719 3268 832 3341 fuerat,
872 3268 974 3349 spatio
1014 3268 1181 3332 dilatatum
1215 3273 1277 3344 est3
1314 3270 1473 3332 uniuersos

338 3376 454 3456 quippe
477 3374 551 3437 illos
576 3373 784 3437 subdiderunt
808 3374 1055 3457 tributariosque
1078 3362 1233 3439 fecerunt]
1256 3374 1308 3441 Sic
1330 3376 1427 3459 igitur
1446 3374 1473 3437 iu

337 3486 421 3544 terra
438 3481 657 3563 promissionis
677 3482 851 3545 seeundum
872 3500 1006 3561 carnem,
1027 3484 1085 3546 boc
1106 3485 1155 3546 est
1173 3483 1204 3546 in
1224 3487 1307 3547 terra
1326 3484 1474 3548 Chanaan.

340 3590 400 3652 sub
429 3588 479 3652 his
508 3588 636 3671 regibus
665 3608 772 3652 semen
801 3588 944 3653 Abrabae
974 3590 1076 3654 suerat
1101 3590 1321 3667 constitutum,
1345 3593 1382 3654 ut
1404 3586 1474 3652 nihil

429 3833 445 3885 5
466 3829 532 3883 Gen.
553 3832 596 3889 12.
614 3832 630 3885 3
684 3833 720 3884 22
740 3830 806 3885 Gen.
829 3834 869 3899 15,
892 3832 923 3886 18

377 3952 634 4008 idemonstraboc
713 3955 797 4008 2sed
818 3956 880 4025 spir.
901 3959 998 4010 omisso
1019 3958 1093 4020 dae
1173 3956 1296 4011 lfides
1379 3957 1411 4009 12
1428 3954 1475 4007 ianr

339 4059 473 4110 magnae
545 4043 599 4096 illis
619 4044 741 4098 tribuno
796 4046 830 4099 13
850 4046 936 4099 aliae
1002 4050 1032 4101 15
1053 4046 1085 4100 de
1105 4063 1189 4101 ome
1259 4044 1392 4099 liberatus
1409 4058 1477 4103 cassu

339 4130 416 4183 liber.
436 4135 512 4184 esto
558 4133 590 4185 17
610 4132 747 4185 heremum
767 4150 806 4202 ep
851 4136 884 4187 24
905 4138 1048 4187 uenturum
1066 4136 1090 4189 e¹
1137 4137 1171 4189 25
1190 4138 1267 4189 tanto
1288 4140 1478 4203 quantoopa

339 4222 417 4271 tanto
438 4223 603 4287 quantump
623 4221 737 4288 Donrb.;
754 4224 862 4274 tantum
883 4228 1013 4291 quantum
1033 4223 1072 4277 bc
1150 4224 1184 4277 26
1205 4223 1293 4293 spatib
1315 4241 1329 4276 e
1406 4222 1438 4277 28
1455 4218 1477 4271 in

341 4312 441 4359 terram
457 4323 475 4374 9
