3192 4959
266 446 318 499 De
346 446 519 499 ciuitate
548 446 609 501 dei
636 446 701 500 lib.
729 445 814 499 XVII.
843 444 942 499 XVIII.
972 462 1046 515 cap.
1076 445 1172 498 24-2.
1225 448 1287 509 267

140 637 411 718 pernIciosissimo
448 640 598 703 atrociter
633 639 778 704 Inuident
816 640 1014 709 Christianis.
1053 644 1206 724 qnantum
1239 659 1290 705 me

139 743 310 808 adiuuaret
341 746 410 810 eius
443 747 554 830 gratia,
588 745 788 826 refellissem,
823 747 907 828 quod
934 746 1152 811 uoluminibus
1181 746 1290 809 decem

140 851 299 932 prioribus
327 852 398 916 feci.
426 853 474 916 De
502 853 561 917 hao
584 872 659 916 uero
684 872 764 931 mea,
796 873 891 936 quam
916 852 1008 918 modo
1034 852 1289 927 commemoraui,

139 956 301 1039 tripertita
335 959 546 1040 promissione
585 960 744 1024 decimum
775 961 984 1042 sequentibus
1020 964 1169 1043 quattuor·
1199 959 1290 1022 libris

100 1088 111 1127 s
142 1064 309 1128 ambarum
341 1068 391 1129 ost
419 1065 563 1149 digestus
593 1070 730 1143 exortus,
760 1066 873 1131 deinde
901 1086 1071 1149 procursus
1102 1066 1139 1129 ab
1165 1065 1291 1129 homme

140 1172 243 1252 primo
279 1191 379 1253 usqne
413 1172 451 1236 ad
484 1172 642 1237 diluuium
674 1173 755 1238 libro
788 1192 862 1251 uno,
896 1174 950 1255 qui
983 1178 1032 1237 est
1061 1172 1155 1236 huius
1189 1170 1290 1253 operis

141 1278 273 1358 quintus
299 1277 450 1353 decimus,
472 1279 573 1361 adque
592 1279 664 1343 inde
684 1299 785 1361 usquo
805 1280 843 1343 ad
862 1278 1021 1344 Abraham
1040 1298 1149 1343 rursus
1170 1278 1290 1347 ambae.

140 1383 225 1447 siout
259 1383 291 1447 in
322 1384 530 1467 temporibus,
567 1387 614 1450 ita
645 1389 678 1450 et
710 1385 741 1449 in
774 1387 891 1451 nostris
928 1385 1044 1449 litteris
1078 1386 1290 1448 cucurrerunt.

141 1489 203 1554 Sed
227 1508 247 1552 a
269 1492 358 1571 patre
380 1489 540 1555 Abraham
568 1510 669 1574 usque
701 1492 741 1555 ad
775 1511 884 1575 regum
913 1494 1039 1573 tempus
1064 1490 1290 1562 Israelitarum,

100 1620 125 1659 ro
142 1596 197 1659 ubi
226 1600 350 1660 sertum
378 1597 536 1661 decimum
561 1598 710 1663 uolumen
739 1599 947 1675 absoluimuS,
978 1601 1010 1662 et
1032 1597 1104 1661 inde
1127 1616 1228 1679 usque
1252 1595 1291 1659 ad

140 1702 244 1784 ipsius
280 1702 313 1765 in
351 1722 442 1766 came
476 1702 651 1768 Salnatoris
685 1703 870 1779 aduentum,
905 1722 966 1785 quo
1000 1722 1102 1785 usquo
1135 1701 1290 1784 septimus

141 1808 286 1872 decimus
317 1809 398 1873 libor
423 1809 576 1887 tenditur,
609 1810 678 1873 sola
704 1810 833 1873 uidetur
861 1810 891 1872 in
916 1829 985 1873 meo
1015 1809 1089 1873 stilo
1114 1807 1292 1873 cucurrisse

142 1914 201 1979 Dei
232 1915 362 1990 ciuitas3
398 1934 471 1980 cum
503 1916 534 1979 in
568 1916 628 1980 hoo
661 1916 789 1981 saeculo
822 1936 882 1981 non
918 1918 985 1980 sola
1017 1915 1202 1992 cucurrerit,
1237 1914 1292 1977 sed

142 2022 253 2085 ambae
281 2022 393 2104 utique
420 2023 452 2086 in
481 2042 593 2106 genere
622 2023 771 2100 hnmano,
801 2024 886 2087 sicut
913 2022 950 2086 ab
980 2023 1081 2098 initio,
1112 2023 1209 2086 simul
1233 2040 1290 2085 suo

101 2150 127 2191 ra
144 2146 298 2209 procursu
322 2131 465 2211 tempora
487 2130 687 2193 uariauerint.
711 2128 829 2193 Verum
855 2130 915 2194 hoo
939 2129 1009 2193 ideo
1032 2129 1105 2202 feci,
1134 2132 1171 2191 nt
1193 2128 1291 2210 prius

143 2254 179 2297 er
203 2253 266 2315 quo
289 2234 461 2316 apertiores
484 2236 546 2299 Dei
572 2236 799 2317 promissiones
825 2255 894 2301 esse
918 2240 1099 2319 coeperunt,
1128 2253 1228 2316 usque
1253 2233 1292 2296 ad

142 2340 211 2404 eius
241 2360 277 2404 er
305 2340 429 2424 uirgine
455 2342 667 2418 natiuitatem,
696 2343 727 2406 in
757 2362 819 2424 quo
843 2343 968 2406 fuerant
991 2361 1070 2424 qnae
1098 2341 1199 2425 primo
1223 2359 1292 2421 pro·

141 2448 353 2511 mittebantur
378 2448 535 2530 inplenda,
565 2448 633 2513 sine
659 2448 912 2530 interpellatIone
941 2448 1136 2513 econtrario
1161 2446 1292 2511 alterius

141 2552 285 2618 ciuitatis
312 2554 384 2631 ista,
412 2573 493 2635 quae
517 2555 576 2619 Dei
605 2560 664 2630 est,
694 2574 881 2638 procurrens
906 2556 1090 2619 distinctius
1115 2557 1291 2636 apparerem

101 2684 125 2724 ro
143 2660 292 2741 quamuis
312 2680 412 2743 usqne
432 2661 471 2723 ad
490 2660 715 2725 reuelatiouem
734 2663 920 2727 testamenti
938 2662 1012 2726 noui
1032 2681 1091 2726 non
1110 2663 1142 2725 in
1162 2660 1292 2735 lumine,

143 2767 201 2830 sed
224 2766 256 2830 in
280 2767 392 2832 umbra
410 2770 593 2833 cucurrerit.
617 2766 710 2832 Nunc
729 2789 815 2852 ergo,
836 2769 920 2851 qnod
939 2768 1179 2845 intermiseram,
1199 2766 1292 2829 uideo

143 2892 215 2937 esse
242 2873 432 2952 faciendum,
459 2862 502 2939 'ut
529 2894 564 2938 ox
591 2874 735 2939 Abrahae
763 2875 961 2958 temporibus
989 2874 1168 2957 quomodo
1197 2872 1292 2937 etiam

141 2980 202 3043 illa
232 2980 416 3052 cucurrerit,
449 2985 602 3062 quantum
631 2982 709 3046 satIs
742 2981 880 3057 uidetur,
913 2982 1085 3065 adtingam,
1114 2986 1150 3044 ut
1183 2980 1293 3043 ambae

142 3088 226 3151 inter
250 3106 284 3150 se
307 3089 433 3169 possint
456 3087 706 3153 consideratione
729 3088 906 3173 legentium
931 3089 1100 3169 conparari.

104 3332 128 3371 „
620 3280 756 3345 carun
778 3281 820 3345 u.

147 3420 198 3484 De
221 3423 392 3484 terrenae
417 3420 593 3484 ciuitatis
618 3420 770 3503 regibus
796 3420 915 3501 adque
940 3420 1188 3503 temporibus,
1218 3420 1293 3500 qui-

146 3526 215 3589 bns
239 3526 282 3589 ab
307 3529 437 3589 exortu
460 3525 630 3589 Abrahae
656 3530 873 3590 sanctorum
897 3529 1064 3607 tempora
1089 3528 1294 3609 subputato

603 3634 841 3696 conueniunt

194 3769 336 3835 Societas
368 3771 468 3854 igitur
499 3790 728 3853 usquequaque
757 3772 941 3837 mortalium
970 3772 1084 3835 diffusa
1112 3792 1167 3854 per
1193 3775 1292 3835 terras

107 3881 182 3949 ‚oet
210 3878 242 3941 in
271 3878 416 3942 Iocomm
448 3878 656 3959 quantislibet
684 3878 926 3944 diuersitatibus
956 3879 1050 3943 unlus
1078 3882 1183 3941 tamen
1213 3878 1294 3941 eius-

186 4138 365 4203 2adiuuerit‚
384 4139 417 4193 ire
433 4156 518 4208 marq.
538 4140 721 4203 adiuuaret‚e
793 4138 915 4209 deoimq
1004 4138 1172 4192 ldecimum
1192 4154 1242 4191 om.
1257 4154 1296 4204 m·

152 4264 180 4315 in
196 4243 310 4331 decimo,
328 4263 361 4316 in
378 4280 463 4334 marp.
484 4240 660 4331 decimum,e
729 4264 804 4317 8ita
822 4281 906 4318 ome
991 4264 1017 4315 in
1037 4263 1092 4326 loli,
1112 4263 1143 4316 ira
1162 4278 1247 4331 uturp.
1266 4262 1294 4314 in

153 4356 291 4418 nustriae
346 4353 429 4407 cred
448 4357 512 4423 post
530 4354 598 4407 abe
649 4353 679 4406 11
702 4352 821 4407 decimus
841 4356 944 4423 septo
1001 4353 1032 4406 18
1052 4351 1295 4421 interpolationeo
