3192 4959
441 486 491 538 De
521 484 695 539 oiuMate
723 483 878 543 acilio
907 482 1157 555 xnu.eap.8.
1326 488 1368 549 15

220 682 298 747 tiam
321 680 494 744 maluimus
519 678 632 755 dicere,
652 682 849 762 negauerunt
872 697 942 743 esse
960 664 1055 761 posse
1074 678 1194 761 aliquid
1212 678 1244 743 iu
1264 678 1368 743 animo

221 788 384 871 sapientie.
422 786 579 851 Voluntas
613 786 741 869 quippe,
774 785 933 867 inquiunt.
967 784 1090 868 adpetit
1120 786 1251 861 bonum,
1284 786 1368 867 quod

220 896 297 959 facit
319 894 459 975 sapiens:
493 893 645 977 gaudium
675 892 819 957 debono
843 892 958 974 adepto
983 896 1041 959 est.
1066 892 1151 974 quod
1173 892 1293 975 ubique
1316 892 1368 957 ad-

219 1001 366 1085 ipiscitur
393 1001 534 1083 sapieus3
568 998 672 1064 cautio
702 998 826 1064 deuitat
852 998 983 1076 malum,
1007 998 1092 1081 quod
1119 998 1216 1063 debet
1242 998 1368 1081 sapiens

187 1108 376 1181 sdeuitarm
409 1106 541 1170 tristitia
567 1124 660 1187 porro
689 1104 763 1187 quia
792 1104 830 1169 de
853 1106 936 1169 malo
961 1108 1020 1182 est,
1045 1104 1216 1189 quodiam
1240 1105 1367 1174 accidit.

219 1214 342 1277 nullum
366 1216 471 1277 autern
496 1210 615 1275 malurn
640 1211 823 1275 existimant
844 1230 940 1294 posse
963 1210 1104 1277 accidere
1124 1212 1268 1295 sapienti,
1288 1213 1368 1277 nihil

218 1322 250 1384 in
281 1319 348 1383 eins
377 1319 482 1383 auimo
510 1336 566 1399 pro
591 1316 647 1381 illa
670 1336 740 1381 esse
765 1336 860 1399 posse
884 1318 1038 1382 dixerunt.
1076 1318 1129 1384 Sic
1152 1338 1228 1402 ergo
1249 1318 1300 1383 illi
1322 1320 1368 1383 lo·

218 1429 369 1508 quuntnr,
389 1428 426 1488 ut
449 1424 534 1489 uelle
558 1424 695 1508 gaudere
720 1442 830 1488 cauere
853 1428 971 1509 negent
992 1424 1054 1489 uisi
1073 1424 1264 1507 sapientem
1288 1425 1367 1490 stul-

217 1538 289 1597 tum
322 1536 427 1597 autem
460 1550 520 1595 non
548 1532 610 1595 nisi
644 1550 758 1614 cupere
786 1532 907 1602 laetari,
937 1536 1076 1596 metuere
1107 1532 1301 1607 contristari3
1335 1537 1368 1597 et

173 1640 291 1703 uillas
314 1642 378 1703 tres
403 1657 473 1702 esee
497 1638 702 1715 constantiae,
726 1638 783 1701 has
809 1642 916 1702 autem
941 1643 1091 1721 quattuor
1113 1638 1367 1722 perturbationes

216 1744 392 1810 secuudum
427 1744 620 1822 Ciceronem,
653 1744 828 1809 secundum
861 1748 968 1809 autem
1000 1746 1155 1826 plurimos
1191 1745 1365 1827 passiones.

216 1850 336 1916 Graece
374 1854 482 1916 autem
517 1850 591 1914 illae
628 1853 704 1927 tres,
738 1852 824 1916 siout
855 1852 928 1928 diri,
962 1852 1160 1934 appellantur
1192 1847 1364 1925 edacitatem

214 1958 297 2021 istae
330 1962 436 2022 autem
470 1961 621 2039 quattuor
652 1960 750 2041 πάθη.
788 1958 876 2022 Haec
908 1958 1029 2022 locutio
1062 1962 1169 2023 utrum
1198 1957 1365 2041 scripturis

215 2064 337 2127 sanctis
369 2068 533 2147 congruat.
563 2082 633 2127 curn
668 2082 850 2145 quaererem
879 2068 1032 2147 quantum
1063 2064 1154 2147 potui
1187 2064 1364 2147 diligenter,

169 2196 195 2232 rr
214 2170 298 2233 illud
321 2170 428 2234 inueni
452 2170 536 2251 quod
560 2169 605 2233 ait
627 2170 795 2253 propheta:
820 2170 903 2235 Nou
933 2174 996 2236 est
1022 2170 1199 2255 gaudere
1225 2170 1364 2252 inpiis,

216 2276 322 2339 dicit
345 2275 555 2350 Dominum
579 2278 740 2357 tamquam
764 2276 843 2360 inpii
866 2276 977 2341 laetari
1000 2276 1126 2360 possint
1142 2276 1250 2358 potius
1269 2294 1364 2357 quam

217 2382 356 2465 gaudere
385 2382 423 2446 da
449 2383 555 2457 malie,
580 2383 654 2464 quia
681 2382 833 2467 gaudium
857 2384 981 2466 proprie
1004 2382 1158 2448 bonorum
1184 2386 1217 2446 et
1237 2381 1362 2464 piorum

215 2493 276 2552 est.
300 2488 381 2553 ltem
405 2488 485 2552 illud
509 2488 541 2553 in
565 2489 746 2573 euangelio:
780 2487 1065 2571 Quaecumque
1088 2490 1222 2553 uultis
1246 2492 1290 2555 ut
1312 2488 1363 2551 la·

215 2596 330 2659 ciant
359 2595 479 2660 uobis
513 2596 705 2669 homines,
734 2596 832 2660 haec
865 2600 904 2659 et
935 2616 1007 2661 uos
1036 2596 1164 2661 facite
1191 2594 1294 2672 illis,
1317 2594 1364 2657 ita

165 2729 194 2766 ιο
214 2702 337 2765 dictum
364 2702 501 2778 uidetur,
525 2706 689 2785 tamquam
716 2722 809 2767 nemo
836 2703 941 2786 possit
967 2702 1088 2785 aliquid
1115 2702 1198 2766 male
1221 2702 1275 2766 uel
1297 2704 1362 2765 tur·

213 2808 297 2891 piter
319 2808 413 2883 uelle,
439 2808 494 2873 sed
518 2828 641 2892 cupere.
673 2810 816 2892 Denique
838 2813 967 2893 propter
990 2808 1254 2876 consuetudinem
1276 2810 1362 2871 locu·

212 2913 311 2978 tionis
334 2913 477 2977 nonnulli
499 2914 688 2997 interpretes
712 2914 901 2979 addiderunt
923 2916 1026 2979 ‘bona’
1043 2920 1076 2980 et
1097 2916 1143 2979 ita
1165 2914 1360 2998 interpretati

213 3022 303 3083 sunt:
335 3018 573 3102 ‘Quaecumque
606 3022 707 3085 uultis
740 3026 776 3087 ut
808 3024 926 3086 faciant
958 3023 1051 3087 uobis
1083 3023 1227 3088 homines
1259 3024 1363 3087 bona'

214 3126 398 3191 Cauendum
422 3126 505 3191 enim
528 3132 732 3210 putauerunt,
752 3148 791 3192 ne
815 3130 984 3212 quisquam
1006 3130 1175 3195 inhonesta
1196 3130 1276 3195 uelit
1299 3130 1362 3195 sibi

164 3258 193 3297 rc
213 3234 281 3297 fieri
309 3234 347 3297 ab
376 3233 569 3311 hominibus,
593 3238 630 3299 ut
656 3234 693 3299 de
717 3235 913 3317 turpioribus
937 3239 1070 3312 taceam,
1095 3241 1178 3300 certe
1200 3237 1362 3303 luxuriosa

213 3341 373 3417 conuiuia,
396 3342 428 3404 in
453 3340 568 3423 quibus
594 3360 638 3417 se,
658 3342 685 3405 si
710 3346 742 3406 et
765 3343 834 3426 ipse
856 3343 923 3407 illis
947 3343 1053 3421 faciat,
1073 3344 1133 3407 hoc
1156 3348 1360 3427 praeceptum

212 3446 373 3511 existimet
395 3448 600 3529 inpleturum.
639 3448 702 3513 Sed
728 3450 759 3512 in
785 3449 906 3514 Graeco
935 3450 1111 3533 euangelio,
1135 3451 1218 3515 unde
1245 3452 1277 3515 iu
1300 3452 1360 3515 La·

211 3553 316 3617 tinum
348 3555 537 3619 translatum
571 3558 629 3633 cst,
658 3574 718 3619 non
751 3555 872 3640 legitur
898 3556 1011 3633 ‘bona’,
1040 3556 1110 3621 sed:
1145 3555 1359 3636 Quaecum-

213 3678 289 3742 que
317 3660 450 3725 uultie
480 3666 523 3725 ut
551 3662 707 3726 faciant
735 3663 853 3727 uobis
881 3664 1074 3740 homines,
1100 3664 1198 3728 haec
1226 3668 1264 3728 et
1287 3684 1359 3731 uos

167 3792 192 3833 ao
211 3766 340 3831 facite
363 3767 470 3845 illis3
495 3768 587 3832 credo
611 3772 786 3852 propterea,
807 3769 881 3851 quia
899 3770 931 3833 in
951 3788 988 3833 eo
1010 3770 1094 3851 quod
1113 3770 1192 3835 dixit
1214 3771 1358 3849 uultis,

210 3874 274 3937 iam
301 3874 404 3938 uoluit
427 3874 568 3959 intellegi
591 3876 701 3941 ‘bona’.
726 3876 795 3940 Non
821 3876 903 3940 enim
928 3877 974 3941 ait
996 3877 1143 3959 ‘cupitis‘.

303 4082 337 4135 ro
355 4082 426 4136 usu.
445 4084 489 4147 en,
509 4082 542 4136 21
596 4062 632 4137 le
651 4082 700 4137 ut.
721 4086 746 4145 a,
768 4086 800 4138 12

248 4203 1357 4276 mmmmsshfflmwmmmmmffl¹

210 4291 1358 4368 mfflssfflwmofflmdffimMfflm

210 4380 1047 4453 mffiofflmmemwfflml
