3192 4959
331 456 382 510 De
409 456 583 510 ciuitate
612 455 673 508 dei
701 455 767 510 lib.
796 455 912 509 xv1111.
940 473 1017 526 cap.
1046 457 1161 510 21-23.
1239 459 1302 522 411

155 655 281 734 praeter
315 652 423 735 ipsum
461 651 601 716 colerent
637 650 835 716 sacrificiis?
875 651 1007 736 Magnae
1045 651 1208 716 caecitatis
1246 654 1305 728 est,

156 758 260 823 adhuc
291 775 452 839 quaerere,
485 757 557 840 quis
589 756 651 822 iste
683 757 728 820 eit
758 757 854 822 Deus.
896 758 968 840 Ipse
1001 761 1051 822 est
1077 757 1179 834 Dens,
1214 757 1306 822 euius

155 864 328 947 prophetae
354 864 576 946 praedixerunt
602 864 665 928 ista
692 881 772 944 quae
800 863 967 930 cernimus.
995 864 1069 948 lpse
1092 868 1142 930 est
1165 865 1264 941 Deus,
1288 881 1307 926 a

156 989 219 1052 quo
247 989 435 1052 responsum
462 971 586 1052 accepit
608 971 782 1034 Abraham:
811 971 852 1035 In
877 972 1030 1035 semiue
1055 975 1123 1036 tuo
1148 969 1306 1035 henedi-

128 1082 300 1141 ecentur
327 1096 464 1142 ornnes
492 1080 646 1160 gentes.
675 1076 769 1156 Quod
795 1077 827 1140 iu
853 1075 979 1142 Christo
1008 1077 1086 1156 fieri,
1118 1077 1173 1160 qui
1197 1095 1307 1141 securr-

156 1184 233 1248 dum
257 1202 381 1248 carnem
405 1183 443 1247 de
465 1183 521 1248 illo
545 1184 665 1247 semine
689 1187 816 1248 exortus
841 1187 900 1262 est,
923 1183 1008 1248 idem
1032 1183 1094 1266 ipsi
1114 1183 1167 1266 qui
1187 1201 1307 1247 reman-

156 1295 268 1354 seruut
302 1290 398 1354 huius
435 1290 571 1353 neminie
607 1289 740 1367 inimici,
777 1290 879 1354 uelint
909 1289 1063 1366 nolintne,
1101 1292 1308 1374 cognoscunt.

156 1398 230 1480 Ipse
262 1401 314 1460 est
343 1397 442 1471 Deus,
475 1396 567 1460 cuins
600 1396 728 1460 diuinus
757 1395 896 1478 Spiritus
924 1415 981 1479 per
1008 1416 1062 1461 eos
1090 1397 1218 1461 locutus
1248 1399 1307 1474 est,

158 1520 293 1587 quorum
320 1503 483 1586 praedicta
510 1502 613 1584 adque
642 1504 790 1586 conpleta
817 1523 873 1587 per
896 1504 1075 1579 ecclesiam,
1100 1523 1194 1586 quam
1218 1501 1308 1566 uide-

120 1629 230 1674 remus
263 1614 331 1675 toto
365 1610 439 1674 orhe
471 1609 630 1688 diffusam,
661 1610 693 1673 in
726 1610 818 1675 libris
851 1612 1066 1692 superioribus
1099 1609 1202 1694 posui.
1235 1611 1309 1691 Ipse

157 1721 209 1782 est
235 1717 333 1794 Dens,
357 1736 452 1798 quem
475 1715 574 1780 Varro
598 1716 806 1781 doctissimus
829 1717 1041 1782 Romanorum
1066 1717 1176 1782 ionem
1204 1719 1308 1800 putat,

159 1824 306 1906 quamuis
329 1823 474 1888 nesciens
498 1822 574 1904 quid
597 1824 762 1904 loquatur3
787 1823 872 1905 quod
894 1828 999 1888 tamen
1023 1823 1094 1889 ideo
1118 1841 1309 1888 commemo·

158 1930 291 1994 rantum
310 1930 432 2012 putaui,
456 1929 606 2012 quoniam
624 1931 675 1993 uir
691 1933 799 1994 tantae
819 1931 969 1994 scientiae
992 1949 1049 1994 nec
1068 1930 1192 1994 nullum
1211 1929 1310 1992 istum

159 2038 264 2101 Deum
294 2037 401 2118 potuit
432 2035 612 2102 existimare
645 2055 702 2099 nec
742 2037 849 2100 uilem.
888 2037 981 2100 Hunc
1019 2037 1101 2101 euim
1133 2055 1206 2100 eum
1239 2052 1310 2099 esse

119 2143 305 2218 recredidit,
337 2162 432 2224 quern
465 2161 626 2206 summum
660 2143 787 2226 putauit
826 2142 927 2207 deum.
964 2143 1129 2208 Postremo
1161 2144 1230 2226 ipse
1262 2145 1312 2206 est

161 2250 259 2328 Deus,
289 2268 383 2332 quem
412 2249 617 2314 doctissimus
646 2249 920 2331 philosophorum,
945 2249 1092 2332 quamuis
1118 2247 1310 2314 Christiano·

161 2375 232 2420 rum
256 2357 430 2421 acerrimus
451 2356 613 2433 inimicus,
638 2357 734 2420 etiam
757 2375 814 2439 per
838 2375 946 2421 eorum
971 2357 1109 2434 oracula,
1133 2374 1214 2438 quos
1235 2355 1310 2420 deos

163 2467 265 2546 putat,
289 2463 384 2527 deum
406 2481 559 2547 magnum
582 2462 777 2545 Porphyrius
802 2463 980 2528 confitetur.

595 2653 733 2720 CAPUT
755 2655 873 2720 XXIII.

119 2824 145 2863 er
164 2796 271 2877 Quae
299 2797 552 2880 Porphyrius
581 2797 693 2863 dicat
717 2798 898 2862 oraculis
928 2797 1090 2861 deorum
1113 2815 1312 2882 respousa

557 2922 646 2968 esse
670 2903 715 2968 de
741 2903 916 2986 Christo..

209 3041 291 3107 Nam
315 3043 345 3107 in
367 3041 469 3107 libris.
494 3063 573 3126 quos
598 3042 632 3106 ἐκ
649 3045 756 3124 λογίων
776 3043 956 3131 φιλοσοφίας
976 3045 1125 3128 appellat,
1144 3045 1175 3108 iu
1196 3045 1312 3128 quibus

162 3149 346 3232 exsequitur
359 3148 460 3231 adque
476 3150 647 3214 conscribit
661 3170 766 3214 rerum
782 3151 821 3215 ad
835 3151 1072 3233 philosophiam
1088 3151 1312 3233 pertinentium

161 3257 255 3322 uelut
279 3256 386 3320 diuina
414 3275 575 3337 responsa,
603 3259 640 3320 ut
668 3257 737 3339 ipsa
764 3258 861 3321 uerba
891 3258 971 3332 eins,
1001 3258 1312 3340 quemadmodum

116 3392 142 3431 ee
161 3383 201 3428 cn
227 3362 349 3429 Graeca
370 3363 481 3446 lingua
503 3363 534 3425 iu
559 3362 703 3426 Latinam
722 3363 927 3445 interpretata
947 3367 1031 3440 sunt,
1052 3383 1181 3448 ponam:
1205 3365 1313 3429 ‘Inter-

159 3470 300 3553 roganti‚
327 3469 442 3552 inquit,
471 3488 565 3551 quem
589 3469 683 3532 deum
706 3469 859 3552 placando
883 3489 1030 3534 reuocare
1059 3471 1163 3553 possit
1184 3489 1312 3534 uxorem

160 3595 257 3640 suam
281 3593 301 3638 a
323 3573 576 3655 christianismo,
599 3576 677 3640 haec
697 3576 742 3639 ait
759 3575 906 3640 uersibus
925 3577 1061 3658 Apollo!
1080 3576 1199 3640 Deinde
1217 3577 1316 3640 uerba

255 3785 273 3836 4
293 3782 360 3837 Gen.
380 3783 424 3846 22,
446 3785 478 3837 18

195 3911 455 3962 Gremanserautc
509 3908 647 3962 iuonrini
667 3909 691 3962 e¹
745 3907 844 3962 uellint
863 3908 1036 3978 nollentuep
1090 3907 1314 3978 Sdiuiuituspp

160 4024 194 4078 ll
217 4021 305 4076 Varro
324 4039 374 4076 orn.
394 4022 425 4114 h·
485 4025 518 4077 12
538 4023 661 4093 quaurnie
681 4024 797 4077 etiamc
872 4025 904 4079 13
923 4025 1066 4094 putauitp
1136 4025 1169 4078 14
1189 3990 1315 4094 putuitp

158 4148 394 4215 exaeetirnarep;
412 4148 548 4208 estimare,
566 4165 598 4201 m
615 4166 700 4216 trecop.
678 4125 848 4216 feristim„
862 4166 875 4203 e
948 4165 1007 4202 eum
1027 4165 1077 4202 cru,
1093 4166 1107 4202 c
1156 4149 1191 4203 20
1206 4147 1316 4217 Quodq

158 4235 290 4306 deornm]
311 4239 498 4304 sanctorump
553 4237 584 4290 21
608 4253 732 4290 esseom
744 4238 789 4306 pf
835 4239 869 4292 22
890 4236 1149 4308 eglcgionabcpp
1200 4237 1314 4306 2hliug.

158 4369 299 4423 macac
394 4352 429 4404 26
448 4355 589 4421 possetp;
608 4319 700 4422 posu,
721 4357 763 4406 set
782 4357 872 4417 992,
892 4370 905 4407 c
1000 4353 1034 4406 27
1054 4353 1315 4407 christianissimoh
