3192 4959
361 485 411 538 De
441 484 612 539 ciuitate
642 484 705 539 dei
733 484 911 541 1111.Χ1111.
937 503 1012 557 cap.
1037 488 1081 543 23.
1250 494 1293 556 49

147 682 230 765 quod
254 681 409 764 adpetunt
431 682 550 763 inplere
573 700 635 745 nou
664 685 810 763 possunt,
834 681 990 765 pudicitia
1018 682 1207 762 custoditur,
1231 704 1294 751 non

147 790 274 865 amissa,
299 788 355 853 sed
377 808 439 853 non
461 787 617 871 permissa
641 786 849 853 delectatione
872 787 1005 869 peceati.
1029 788 1123 853 Hunc
1141 790 1292 868 renisum,

147 1006 228 1067 certe
257 1001 298 1065 ad
327 1000 503 1065 uoluntatis
531 998 756 1065 sufficientiam
784 999 926 1064 libidinis
949 1000 1159 1085 indigentiam
1181 1005 1293 1086 procul

118 1108 253 1183 enutio,
300 1108 362 1172 nisi
407 1107 576 1190 culpabilis
623 1106 856 1171 inoboedientia
896 1108 1021 1188 poenali
1059 1108 1295 1174 inoboedientia

143 1216 346 1297 plecteretur,
378 1214 411 1277 16
439 1214 584 1297 paradiso
609 1214 737 1295 nuptiae
766 1232 828 1278 non
856 1213 1017 1291 haberent,
1050 1214 1107 1280 sed
1134 1216 1294 1281 uoluntati

144 1321 296 1396 membra,
325 1324 362 1384 ut
390 1323 503 1398 catera,
532 1321 577 1383 ita
606 1324 721 1384 cuncta
749 1319 915 1385 seruirent.
943 1320 993 1384 Ita
1021 1322 1157 1404 genitale
1182 1340 1293 1386 aruum

146 1448 202 1492 uas
226 1428 257 1491 in
281 1427 341 1493 heo
367 1446 446 1509 opus
471 1430 611 1490 creatum
645 1426 825 1503 seminaret,
853 1431 890 1491 ut
917 1446 999 1491 nunc
1026 1430 1141 1493 terram
1169 1448 1293 1506 manus,

147 1539 178 1600 et
200 1535 287 1617 quod
307 1534 402 1598 modo
423 1534 461 1598 de
479 1534 539 1597 1166
558 1552 590 1597 16
610 1533 701 1597 nobis
721 1534 905 1599 uolentibus
924 1533 1110 1618 diligentius
1130 1534 1292 1616 disputare

110 1656 131 1695 1⁰
146 1641 338 1706 uerecundia
374 1641 497 1706 resistit
529 1644 561 1705 et
594 1640 747 1722 conpellit
784 1640 912 1705 ueniam
948 1641 1065 1706 bonore
1102 1642 1242 1724 praefato
1275 1663 1293 1706 6

147 1748 269 1831 pudicis
294 1747 424 1811 auribus
449 1765 588 1830 poscere,
614 1766 695 1829 quur
716 1747 749 1810 id
772 1746 863 1811 fieret
886 1747 974 1811 nulla
997 1767 1093 1812 causa
1117 1753 1212 1823 esset,
1237 1748 1293 1813 sed

147 1858 174 1919 16
208 1855 324 1933 616616,
358 1873 437 1937 quae
471 1854 509 1918 de
541 1854 637 1918 buius
670 1853 756 1919 modi
785 1853 935 1918 membris
964 1874 1092 1919 sensum
1122 1855 1292 1939 cogitantis

148 1961 354 2045 adtingerent,
380 1962 447 2025 sine
472 1961 537 2024 ullo
562 1960 674 2025 timore
699 1960 906 2025 obscenitatis
925 1961 1006 2025 liber
1025 1980 1128 2027 sermo
1147 1962 1292 2039 ferretur,

148 2087 201 2132 neo
223 2068 296 2150 ipsa
318 2067 416 2131 uerba
440 2070 556 2143 assent,
581 2086 660 2149 quae
684 2071 874 2132 uocarentur
893 2069 1039 2146 obscena,
1064 2069 1120 2133 sed
1139 2067 1293 2151 quidquid

111 2174 215 2237 1116116
253 2173 423 2250 diceretur,
460 2175 525 2236 tam
564 2172 733 2238 honestum
772 2177 867 2246 esset,
905 2194 999 2257 quam
1038 2174 1077 2239 de
1114 2174 1186 2239 aliis
1219 2194 1293 2239 cum

147 2280 305 2363 loquimur
343 2280 480 2363 corporis
518 2280 672 2363 partibus.
711 2278 863 2363 Quisquis
899 2299 973 2363 ergo
1007 2281 1047 2345 ad
1079 2281 1136 2346 has
1168 2282 1292 2346 litteras

148 2386 314 2468 inpudicus
344 2386 476 2459 accedit,
501 2387 628 2470 culpam
650 2387 798 2471 refugiat,
823 2407 885 2452 non
908 2390 1067 2464 naturam3
1091 2388 1176 2453 lacta
1199 2386 1292 2450 deno-

148 2496 192 2557 tet
218 2513 295 2559 suae
323 2492 541 2576 turpitudinis,
569 2512 630 2557 non
654 2494 751 2558 uerba
774 2496 900 2558 nostrae
925 2494 1139 2569 necessitatis;
1168 2495 1200 2557 16
1224 2494 1291 2575 qni-

149 2598 203 2663 bus
235 2598 315 2663 mibi
348 2598 499 2663 facillime
531 2598 667 2681 pudicus
701 2602 733 2663 et
759 2598 930 2682 religiosus
958 2600 1059 2664 lector
1085 2600 1139 2663 uel
1167 2599 1292 2664 auditor

111 2720 134 2759 ²⁰
150 2704 291 2789 ignoscit,
318 2705 417 2770 donec
439 2704 658 2769 infidelitatem
681 2705 835 2784 refellam,
859 2726 920 2771 non
945 2706 983 2770 de
1005 2706 1067 2771 fide
1086 2725 1190 2771 rerum
1208 2705 1290 2769 16611-

149 2818 314 2893 pertarum,
353 2812 408 2877 sed
444 2812 482 2876 de
519 2832 612 2877 sensu
647 2817 844 2895 expertarum
877 2816 1160 2897 argumentantem.
1198 2813 1292 2896 Legit

150 2920 227 2983 enim
255 2920 334 2983 11666
363 2919 431 2984 6166
458 2919 638 2997 offensione,
668 2919 721 3003 qui
749 2938 812 2985 non
841 2920 984 2984 exhorret
1011 2919 1192 3003 apostolum
1220 2920 1291 2983 hor-

150 3026 240 3089 renda
269 3026 459 3091 feminarum
491 3026 613 3110 flagitia
645 3026 937 3109 reprehendentem,
970 3045 1049 3108 quae
1081 3026 1291 3090 1616616116-

150 3134 233 3194 1661
262 3132 473 3196 naturalem
507 3151 615 3197 usum
647 3132 683 3196 in
717 3150 800 3196 eum
827 3151 946 3210 usum,
981 3132 1044 3213 qui
1072 3135 1130 3195 est
1158 3135 1290 3196 666116

111 3252 134 3291 ro
150 3240 323 3311 66161661,
353 3237 523 3321 praecipue
551 3240 625 3321 quia
653 3256 710 3303 nes
737 3257 800 3303 non
824 3237 1036 3302 damnabilem
1060 3238 1289 3302 obscenitatem

150 3360 237 3419 nuno,
269 3344 354 3407 siout
384 3343 450 3422 ille,
484 3361 768 3409 commemoramus
802 3344 903 3427 adque
931 3343 1201 3425 reprebendimus,
1234 3344 1290 3407 sed

151 3446 180 3510 16
217 3449 415 3531 explicandis,
458 3454 611 3531 quantum
652 3470 835 3534 possumus,
878 3450 1034 3515 humanae
1076 3450 1289 3535 generationis

152 3554 307 3621 effectibus
331 3556 430 3621 uerba
453 3560 569 3636 tamen,
594 3557 680 3622 siout
701 3556 767 3635 ille,
793 3557 929 3621 obscena
951 3558 1104 3629 61166166.

238 3822 251 3873 7
270 3822 347 3894 Verg.
368 3822 467 3893 Georg.
485 3822 535 3892 111,
556 3824 607 3878 136
662 3823 792 3881 23116111.
814 3824 837 3889 1,
861 3826 894 3878 26

185 3994 202 4047 2
222 4000 315 4064 peccati
333 3998 452 4053 16616616
473 3997 483 4050 1
545 3999 561 4051 3
580 3998 732 4052 uoluntatis
750 4014 836 4065 usque
855 3998 894 4052 ad
912 3998 1108 4056 6611666616,
1128 4000 1138 4053 l
1205 4004 1222 4055 4
1243 4002 1289 4071 ad]

151 4081 252 4153 bancp
309 4091 325 4143 5
345 4103 424 4157 poen.
443 4085 516 4143 inob.
537 4102 588 4141 om.
609 4086 632 4141 e¹
702 4088 717 4139 ‘l
737 4089 769 4139 ut
788 4091 878 4140 cetera
896 4088 936 4139 ita
954 4104 1029 4154 mss.,·
1048 4088 1097 4141 illa
1116 4091 1289 4141 1116616166

152 4196 168 4249 8
184 4164 296 4259 ΠΙ116616.
316 4203 344 4255 in
362 4218 398 4255 m.
417 4216 486 4256 corr.
504 4218 647 4271 6111161666,
668 4202 679 4257 1
786 4203 821 4257 10
843 4203 981 4272 praetacto
1001 4220 1015 4257 6
1122 4204 1156 4257 12
1174 4220 1255 4256 66666
1275 4219 1289 4257 6

155 4286 187 4338 14
205 4290 307 4343 ueraV
376 4288 737 4360 2011666611666161616,
760 4290 787 4345 V
874 4290 907 4344 de
926 4308 977 4346 om.
1001 4292 1028 4347 V
1097 4290 1286 4363 2516616611

152 4372 304 4431 laudabilem
326 4378 353 4433 V

180 4496 257 4539 XXXX
268 4499 320 4553 Aug.
335 4514 405 4554 opera
419 4504 494 4545 Scotto
508 4504 527 4545 V
541 4515 593 4555 pars
606 4504 637 4543 11.
1233 4490 1250 4539 4
