3192 4959
322 450 373 503 De
403 449 577 503 ciuitate
606 449 667 502 dei
695 449 760 505 lib.
789 450 860 506 XXI.
890 467 966 520 cap.
995 451 1110 506 21-23.
1220 455 1284 518 555

137 644 373 709 dimittimus
402 645 642 710 debitoribus
671 646 823 710 nostris.
861 643 1015 728 Quisquis
1040 646 1123 710 enim
1147 646 1205 718 illi,
1231 649 1285 728 qni

135 752 168 816 in
193 772 266 816 eum
289 752 446 833 peccauit,
470 752 604 816 dimittit
626 751 819 836 ignoscendo
848 756 1026 833 peccatum,
1049 753 1160 834 procul
1188 753 1285 818 dubio

137 859 352 941 elemosynam
376 859 464 922 facit.
489 856 592 937 Quam
614 878 682 922 rem
699 858 856 923 Dominus
879 859 948 940 ipse
973 859 1018 922 sio
1041 859 1286 937 commendauit,

138 971 175 1030 ut
212 965 345 1030 diceret:
383 965 422 1030 Si
458 966 555 1030 enim
593 965 822 1030 dimiseritis
862 967 1019 1046 peccata
1056 965 1284 1044 hominibus,

104 1073 311 1138 adimittet
346 1072 456 1136 uobis
496 1074 531 1136 et
567 1074 675 1154 pater
710 1074 840 1136 uester
877 1077 1034 1155 peccata
1070 1077 1213 1142 uestrm
1253 1073 1285 1137 si

136 1183 263 1243 autem
286 1198 357 1243 non
381 1178 612 1242 dimiseritis
631 1177 859 1256 hominibus,
881 1198 998 1260 neque
1018 1183 1125 1260 pater
1144 1183 1283 1256 uester,

137 1285 202 1367 qni
228 1285 408 1350 incaelis
432 1287 500 1359 est,
526 1285 699 1348 dimittet
722 1285 841 1351 uobis.
875 1285 958 1368 Ergo
983 1289 1015 1349 et
1038 1285 1077 1348 ad
1101 1286 1160 1350 hoc
1185 1305 1284 1368 genus

136 1392 391 1473 elemosynarum
419 1389 560 1473 pertinet
586 1391 671 1473 quod
699 1391 745 1455 ait
772 1392 938 1473 apostolus
966 1393 1101 1456 Iacobus
1129 1392 1282 1457 iudicium

135 1500 281 1563 futurum
314 1498 381 1562 sine
413 1497 631 1562 misericordia
663 1498 702 1576 ei,
735 1498 788 1578 qui
822 1516 882 1562 non
915 1497 993 1562 lecit
1024 1499 1284 1562 misericordiam.

93 1623 118 1662 ro
139 1605 204 1668 Nec
229 1605 308 1668 dixit
330 1605 497 1682 Dominus,
521 1603 679 1685 inquiunt,
703 1624 818 1688 magna
841 1605 894 1668 uel
917 1623 1024 1686 parua,
1051 1605 1120 1668 sed:
1153 1605 1284 1669 DimIt-

135 1715 192 1775 tet
215 1711 325 1774 nobis
348 1713 456 1793 pater
479 1714 609 1774 uester
631 1716 787 1792 peccate
811 1715 950 1789 nestra,
971 1711 1004 1776 si
1028 1715 1065 1775 et
1088 1731 1155 1776 uos
1180 1711 1284 1774 dirui-

136 1818 271 1882 seritis
299 1817 525 1882 hominibus.
557 1817 603 1881 Ao
633 1837 690 1900 per
717 1817 777 1882 hoc
801 1821 914 1899 putant
937 1818 1032 1883 etiam
1058 1819 1115 1895 eis,
1140 1817 1194 1898 qui
1217 1837 1283 1898 per-

136 1925 203 1989 dite
227 1924 373 1998 uiuerint,
393 1926 491 1988 donec
516 1925 666 1989 claudant
689 1925 772 1988 diem
796 1924 882 1990 uitae
907 1925 1002 1990 huius
1027 1927 1211 2001 extremum,
1230 1943 1286 2006 per

135 2032 218 2094 hanc
236 2031 420 2108 orationem,
441 2031 687 2112 qualiacumque
707 2035 740 2094 et
758 2037 1012 2114 quantacumque
1031 2032 1158 2111 fuerint,
1179 2031 1285 2095 omnia

91 2154 117 2193 1⁵
136 2137 269 2202 cottidie
291 2142 422 2218 peccata
440 2137 570 2212 dimitti,
590 2137 675 2201 slent
694 2137 763 2219 ipsa
782 2138 913 2202 cottidie
932 2139 1152 2219 frequentatur
1171 2137 1282 2213 oratio,

137 2244 164 2308 ai
192 2245 252 2308 hoc
280 2244 500 2309 tantummodo
530 2245 691 2309 custodire
717 2245 930 2322 meminerint,
955 2248 1001 2321 nt,
1026 2243 1149 2328 qnando
1174 2244 1211 2308 ab
1237 2243 1282 2308 eis

136 2350 262 2414 ueniam
294 2354 418 2433 petunt,
452 2351 505 2431 qui
538 2370 593 2415 eos
624 2355 755 2434 peccato
790 2352 1013 2432 qualicumque
1046 2353 1215 2427 laeserunt,
1247 2369 1282 2414 ex

136 2459 230 2521 corde
254 2456 426 2521 dimittant.
452 2457 532 2522 Cum
556 2458 594 2520 ad
618 2458 695 2522 haec
720 2459 825 2522 omnia
844 2459 910 2523 Deo
931 2459 1065 2522 donante
1083 2457 1284 2541 respondero,

134 2563 216 2627 liber
239 2564 301 2627 iste
326 2564 521 2628 claudendus
545 2567 604 2628 est.

88 2780 115 2817 ao
573 2756 709 2822 CAPUT
731 2758 849 2822 XXIII.

136 2896 284 2962 Contra
313 2897 543 2980 opinionem
573 2919 719 2976 eorum,
749 2901 816 2982 qui
847 2899 991 2964 dicunt
1023 2919 1092 2964 nec
1127 2899 1284 2962 diaboli

134 3024 207 3068 neo
231 3004 436 3068 hominum
460 3007 657 3069 malorum
681 3011 881 3089 perpetua
903 3008 1043 3072 futura
1063 3005 1282 3089 supplicia,

179 3145 227 3210 Ao
254 3146 392 3226 primum
421 3149 529 3228 quaeri
557 3152 683 3229 oportet
710 3149 812 3232 adque
847 3150 1006 3232 cognosci,
1035 3167 1116 3230 quur
1149 3147 1284 3212 ecclesia

132 3254 216 3316 ferre
246 3253 426 3334 nequiuerit
452 3253 616 3319 hominum
646 3256 893 3339 disputationem
927 3256 1052 3320 diabolo
1087 3256 1182 3319 etiarn
1209 3257 1284 3335 post

86 3382 113 3420 es
133 3359 290 3422 maximas
314 3362 347 3422 et
371 3359 630 3426 diutnmissimas
654 3381 771 3442 poenas
795 3361 1016 3444 purgationem
1041 3361 1095 3425 uel
1118 3361 1283 3442 indulgen·

132 3465 214 3528 tiam
242 3465 458 3547 pollicentem.
495 3466 607 3550 Neque
635 3468 719 3531 eninr
743 3471 792 3533 tot
817 3469 918 3532 sancti
942 3472 974 3532 et
997 3467 1095 3532 sacris
1120 3467 1282 3530 ueteribus

133 3591 170 3635 ac
194 3571 288 3634 nouIs
311 3572 426 3636 litteris
451 3574 567 3636 errrditi
589 3573 826 3639 mundationem
848 3577 880 3638 et
897 3573 985 3657 regni
1006 3574 1163 3638 caelorum
1184 3571 1283 3636 boati-

131 3677 278 3742 tudinem
305 3682 380 3758 post
407 3680 651 3762 qualiacumque
681 3684 711 3744 et
741 3685 996 3763 quantacumque
1028 3679 1184 3762 supplicia
1208 3697 1282 3758 qua·

130 3784 358 3866 libuscumque
384 3789 415 3849 et
439 3787 704 3868 quantiscumque
728 3788 849 3870 angelis
873 3786 1065 3860 inuiderunt,
1091 3784 1146 3848 sed
1174 3785 1282 3865 potins

81 3918 110 3956 ao
130 3891 285 3955 uiderunt
308 3892 447 3955 diuinam
472 3893 601 3956 uacnan'
626 3895 676 3956 uel
699 3894 850 3958 infirmari
874 3914 933 3959 non
958 3913 1053 3975 posse
1082 3891 1281 3966 sententiam,

222 4134 241 4185 4
260 4133 298 4188 11.
319 4134 352 4186 14
371 4151 410 4202 sq.

166 4256 183 4310 3
204 4257 265 4326 ipse
285 4255 408 4310 dominns
428 4259 467 4313 sic
486 4259 516 4325 I›,·
534 4259 666 4312 Dominus
686 4261 725 4313 sic
744 4261 802 4330 ipse
822 4277 837 4312 v
894 4261 925 4312 15
946 4263 973 4312 et
992 4260 1086 4328 ipsap
1137 4261 1169 4313 ld
1189 4258 1281 4312 uthis

129 4347 179 4415 qui
198 4346 309 4399 omissis
328 4347 434 4414 qnando
454 4348 487 4401 ab
508 4348 545 4401 eis
564 4349 671 4403 ueniam
690 4352 825 4418 potuntp
