3192 4959
355 474 403 525 De
432 472 605 525 ciuitate
634 472 696 525 dei
722 473 787 526 lib.
816 472 902 527 XVII.
931 490 1004 543 cap.
1034 473 1076 527 20.
1220 476 1281 539 261

139 666 177 730 tis
215 668 435 751 agnoscimus:
478 666 720 733 Sacrificium
762 672 799 733 et
842 668 1072 733 oblationem
1109 670 1283 745 noluisti,

139 792 274 857 corpus
306 778 431 838 autom
463 776 663 857 perfecisti
696 775 800 849 mihi;
841 776 915 857 quia
948 795 1002 857 pro
1036 775 1102 840 illis
1136 775 1283 840 omnibus

139 879 298 943 sacrificiis
331 885 364 945 et
394 882 608 946 oblationibus
637 900 751 965 corpus
781 882 849 946 eius
879 882 1008 947 offertur
1035 886 1068 947 et
1095 883 1283 966 participan-

138 986 223 1049 tibus
252 986 457 1051 ministratur.
491 986 573 1051 Nam
605 988 704 1053 istum
737 989 943 1053 ecclesiasten
976 990 1006 1052 in
1036 989 1095 1052 huc
1128 989 1284 1053 sententia

113 1092 345 1157 amanducandi
382 1097 415 1157 ot
451 1093 589 1171 bibendi,
631 1114 725 1175 quam
763 1114 856 1175 saepe
898 1095 1012 1177 repetit
1047 1095 1282 1177 plurimumque

138 1200 345 1267 commendat.
374 1219 433 1264 non
458 1220 567 1285 sapere
591 1201 724 1265 carnalis
749 1202 860 1283 epulas
884 1202 1071 1285 uoluptatis,
1101 1201 1178 1265 satis
1203 1200 1281 1264 illud

138 1307 288 1381 ostendit,
310 1308 365 1371 ubi
385 1308 443 1372 ait:
467 1308 606 1372 Melius
631 1313 689 1372 est
710 1309 764 1373 ire
788 1310 823 1371 in
849 1308 993 1373 domum
1018 1309 1146 1371 luctus
1172 1326 1281 1389 quam

136 1414 185 1479 ire
213 1415 251 1477 in
277 1415 423 1479 domum
447 1418 574 1497 potus3
604 1418 636 1479 et
659 1417 754 1498 paulo
779 1419 866 1497 post:
897 1414 975 1488 Cor,
999 1415 1112 1497 inquit,
1137 1416 1281 1497 sapien·

137 1522 229 1585 tium
265 1521 301 1583 in
340 1522 446 1586 domo
483 1523 612 1586 luctus
646 1527 683 1586 et
716 1541 777 1586 cor
809 1522 1071 1604 insipientium
1106 1520 1140 1584 in
1175 1522 1280 1586 domo

101 1645 122 1681 ¹⁰
137 1630 339 1711 epularum.
378 1626 441 1693 Sed
476 1628 558 1693 illud
588 1629 691 1714 magis
722 1628 1031 1693 commemorandum
1065 1628 1209 1692 existimo
1244 1628 1281 1693 de

137 1735 192 1799 boc
224 1734 317 1811 libro,
355 1734 439 1816 quod
470 1736 606 1816 pertinet
638 1734 678 1798 ad
710 1736 858 1799 ciuitates
897 1735 986 1812 duas,
1024 1754 1117 1799 unam
1152 1733 1281 1811 dioboli,

137 1842 263 1905 alteram
294 1841 422 1917 Christi,
452 1845 484 1905 et
507 1861 613 1905 earum
638 1860 728 1925 reges
758 1841 918 1906 diabolum
948 1846 979 1905 el
1004 1842 1180 1907 Christum:
1205 1840 1280 1905 Vae

137 1948 215 2023 tibi,
249 1951 358 2017 terra,
392 1948 505 2030 inquit,
536 1949 644 2013 cuius
672 1968 734 2013 rex
763 1949 999 2025 adulescens,
1028 1954 1064 2011 et
1087 1949 1279 2031 principes

137 2055 189 2118 tui
222 2074 327 2119 mane
361 2056 571 2120 comedunt.
601 2056 717 2120 Beata
744 2058 794 2133 tu,
826 2058 933 2133 terra,
963 2056 1072 2120 ouius
1100 2075 1161 2120 ren
1189 2060 1278 2119 tuus

100 2162 243 2226 atilius
267 2163 527 2245 ingenuorum,
552 2165 589 2227 ct
611 2163 803 2245 principes
833 2163 889 2226 tui
912 2163 947 2226 in
972 2165 1139 2244 ternpore
1164 2180 1277 2225 come-

139 2268 234 2342 dunt,
258 2270 551 2349 infortitudine,
577 2273 614 2333 et
632 2288 702 2333 non
721 2270 757 2334 in
779 2270 1011 2334 confusione.
1032 2268 1277 2333 Adulescentem

138 2374 212 2439 dixit
234 2375 395 2439 diabolum
420 2380 547 2459 propter
570 2376 740 2440 stultitiam
765 2394 798 2440 en
817 2376 995 2459 superbiam
1017 2380 1048 2440 et
1066 2376 1277 2439 temeritatem

139 2486 168 2544 et
202 2482 409 2565 petulantiam
448 2486 613 2565 ceteraque
652 2482 741 2558 uitia,
780 2502 859 2565 quae
896 2483 970 2547 huic
1008 2484 1103 2547 aetati
1135 2482 1279 2546 adsolent

138 2589 304 2664 abundare
347 2588 508 2654 Christum
551 2594 657 2654 autem
693 2589 795 2652 filium
837 2590 1055 2673 ingenuorum,
1098 2592 1276 2653 sanctorum

98 2712 121 2750 zo
139 2695 256 2760 scilicet
284 2695 790 2779 patriarcharum,pertinentium
816 2696 854 2759 ad
882 2696 1013 2760 liberam
1038 2696 1212 2773 ciuitatem,
1242 2716 1277 2761 er

139 2802 247 2881 quibus
271 2807 321 2868 est
344 2802 374 2866 in
399 2821 490 2866 carno
514 2802 708 2887 progenitus.
733 2802 896 2884 Principes
916 2803 1004 2868 illius
1026 2803 1165 2867 ciuitatis
1186 2822 1276 2868 mane

137 2909 367 2983 manducantes,
386 2909 419 2973 id
438 2913 576 2974 estante
595 2910 705 2973 horam
725 2928 906 2992 congruam,
926 2911 1076 2991 quianon
1096 2914 1278 2993 exspectant

139 3020 350 3097 opportunam,
389 3036 469 3097 quae
505 3036 581 3080 uera
617 3020 676 3091 est,
714 3016 744 3079 in
777 3016 884 3081 futuro
918 3018 1045 3081 saeculo
1078 3017 1275 3093 felicitatem,

137 3120 314 3188 festinanter
335 3124 423 3188 beari
444 3124 540 3187 huius
564 3122 682 3188 saeculi
706 3123 888 3187 celebritate
913 3124 1090 3206 cupientes3
1115 3124 1275 3206 principes

96 3243 121 3282 2⁵
139 3232 238 3292 autem
261 3229 402 3294 ciuitatis
427 3228 546 3294 Christi
564 3235 691 3313 tempus
710 3250 771 3294 non
790 3230 912 3294 fallacis
931 3229 1137 3295 beatitudinis
1157 3233 1275 3313 patien-

138 3337 183 3396 ter
203 3340 393 3418 erspectant.
418 3336 488 3400 Hoc
512 3336 570 3401 ait:
594 3338 633 3400 In
663 3336 903 3414 fortitudine,
934 3340 970 3400 et
993 3356 1062 3401 non
1090 3338 1126 3401 in
1151 3338 1273 3402 coufu-

139 3441 246 3519 sione,
284 3443 358 3525 quia
396 3462 456 3507 non
495 3461 549 3507 eos
581 3443 665 3506 fallit
697 3462 780 3525 spes,
820 3443 857 3506 dc
891 3462 953 3524 qua
986 3442 1062 3506 dicit
1095 3444 1270 3525 apostolus:

140 3544 222 3629 Spes
255 3555 377 3613 autern
411 3568 481 3613 non
514 3549 727 3624 confundit3
762 3550 840 3613 dicit
872 3552 904 3613 et
935 3550 1093 3633 psalmus:
1125 3551 1273 3615 Etenim

139 3653 196 3733 qni
217 3657 251 3718 tc
276 3659 507 3739 exspectant,
532 3675 601 3720 non
627 3656 913 3719 confundentur.
934 3656 1001 3720 Iam
1021 3675 1095 3719 uero
1117 3658 1272 3719 canticum

220 3935 394 3998 1Pr.39,7
450 3934 701 3999 concretae
757 3934 1022 4003 121b.10,16sq.
1074 3934 1272 3995 oenomao

138 4020 322 4087 ἋὴἈΒ

168 4202 383 4256 lecclesiastem
403 4202 453 4255 c¹o
507 4202 697 4255 bearnelese
751 4203 814 4255 'lin
834 4202 931 4273 illudy
985 4161 1075 4265 odoi,
1094 4204 1126 4254 in
1144 4218 1228 4271 morp.
1244 4203 1270 4253 in

138 4286 240 4343 domoc
330 4292 365 4344 14
382 4290 454 4344 filius
472 4294 536 4344 tuus
556 4308 569 4344 e
658 4293 692 4345 22
712 4308 858 4361 congruam
877 4308 927 4345 om.
949 4308 961 4345 e
1051 4293 1085 4345 2³3
1104 4292 1236 4344 felicitate
1254 4308 1272 4360 p

138 4375 167 4428 24
183 4377 254 4432 beati
263 4396 285 4447 p
355 4379 512 4434 celebritate
527 4380 542 4434 b
550 4398 582 4450 p;
601 4381 740 4435 celeritate
761 4398 788 4449 a,
804 4382 819 4435 b
839 4382 870 4433 fa
887 4398 982 4450 marc,
1001 4397 1042 4448 ep
1054 4398 1066 4449 ρ
1078 4382 1131 4441 of
