3192 4959
325 470 390 532 380
676 464 703 518 S.
732 461 888 515 Aurelii
916 458 1132 529 Augustini

325 661 429 725 finalis
452 659 627 725 beatitudo.
652 656 756 737 Quam
777 655 1007 722 beatitudinem
1030 655 1085 719 isti
1108 651 1302 738 philosophi,
1327 649 1470 735 quoniam

324 787 385 832 non
418 766 564 832 uidentes
595 765 709 830 nolunt
740 763 876 842 credere,
909 762 962 827 hic
995 761 1056 828 sibi
1089 763 1241 826 conantur
1268 756 1470 824 falsissimam

324 873 488 952 fabricare,
512 875 629 957 quanto
653 870 847 955 superbiore,
870 873 959 934 tanto
984 867 1183 934 mendaciore
1206 866 1338 931 uirtute.

801 1062 937 1128 CAPUT
961 1061 1000 1128 V.

323 1207 376 1272 De
413 1208 548 1274 sociali
588 1207 677 1283 uita,
715 1225 819 1288 quae,
860 1222 937 1268 cum
976 1200 1131 1265 maxime
1167 1197 1376 1283 expetenda
1412 1196 1504 1272 1111

471 1313 605 1379 multis
630 1310 912 1377 offensionibus
938 1327 1047 1390 saepe
1072 1307 1324 1373 subuertitur.

370 1453 462 1533 Quod
499 1458 605 1518 autem
643 1452 794 1517 socialem
832 1451 932 1516 uitam
965 1449 1079 1514 uolunt
1115 1468 1185 1514 esse
1219 1447 1383 1532 sapientis,
1415 1465 1467 1510 nos

324 1561 426 1625 multo
459 1561 596 1644 amplius
629 1559 850 1642 adprobamus.
879 1558 961 1622 Nam
988 1556 1072 1621 unde
1100 1557 1164 1621 ista
1190 1557 1251 1620 Dei
1280 1555 1405 1630 ciuitas,
1433 1551 1468 1615 de

324 1687 387 1751 qua
409 1667 505 1732 huius
530 1667 634 1751 operis
658 1685 732 1732 ecce
755 1666 819 1730 iam
843 1664 1140 1728 undeuicensimam
1164 1663 1283 1728 librum
1305 1679 1467 1726 uerscrnus

324 1776 355 1838 in
379 1774 538 1852 manibus,
566 1774 619 1839 uel
641 1772 844 1838 inchoaretur
867 1775 974 1836 exortu
998 1770 1052 1834 uel
1075 1769 1317 1854 progrederetur
1339 1785 1467 1832 excursu
1485 1789 1505 1824 o

323 1882 378 1946 nol
410 1880 657 1963 adprehenderat
689 1878 814 1945 debitos
847 1878 937 1956 fines,
972 1878 999 1942 si
1031 1897 1091 1941 uon
1126 1882 1212 1942 essct
1244 1876 1372 1941 socialis
1403 1873 1466 1938 uita

325 1990 527 2052 sauctorum?
559 1985 621 2052 Sed
643 1988 676 2050 in
699 1986 794 2050 huius
819 1985 1023 2050 mortalitatis
1047 2002 1198 2048 aerumna
1221 1986 1299 2065 quot
1323 1984 1465 2063 111111-

324 2095 366 2159 tis
397 2093 534 2159 abundet
561 2092 820 2158 111111111111111
847 2091 996 2168 societas,
1025 2091 1096 2174 quis
1131 2109 1313 2155 enumerare
1346 2088 1464 2153 ualeat?

324 2201 396 2284 quis
420 2200 587 2265 aestimare
611 2199 771 2265 sufficiat?
794 2199 935 2264 hudiaut
957 2203 1035 2281 aput
1058 2198 1197 2264 comicos
1218 2215 1294 2262 suos
1313 2196 1463 2261 hominem

325 2326 397 2372 cum
421 2325 518 2372 sensu
542 2307 645 2392 adque
669 2325 824 2372 consensu
849 2307 990 2371 omnium
1015 2306 1179 2372 hominum
1203 2305 1321 2369 dicere:
1480 2328 1502 2366 a

457 2453 534 2512 Duxi
556 2469 688 2523 uxorem3
713 2470 800 2527 quam
823 2452 865 2511 ihi
888 2451 1035 2510 miseriam
1058 2451 1134 2510 uidi!
1159 2451 1230 2510 Nati
1253 2449 1316 2512 filii.

457 2543 525 2602 Alia
548 2559 627 2602 cura.

325 2675 409 2756 Quid
444 2678 556 2743 itidem
589 2679 655 2757 illa,
689 2697 769 2760 quae
801 2679 833 2743 in
866 2697 972 2744 amore
1008 2679 1089 2743 uitia
1126 2680 1353 2744 commemorat
1387 2673 1459 2738 idern

323 2783 499 2863 Terentius,
532 2784 674 2848 ‘iniuriae
702 2785 913 2866 suspiciones,
942 2783 1128 2849 inimicitiae
1156 2784 1289 2860 bellurn,
1317 2803 1374 2866 par
1404 2798 1459 2844 rur-

323 2890 421 2954 sum’:
454 2907 555 2954 nonne
583 2909 634 2954 res
662 2889 816 2954 humanas
844 2891 962 2972 utiquc
994 2889 1218 2972 inplouorunt?
1250 2907 1351 2954 nonne
1378 2892 1406 2952 et
1429 2887 1496 2950 hro

323 2995 498 3060 amicorum
530 2996 672 3061 honestis
706 2996 866 3061 amoribus
903 2999 1090 3080 plerumque
1125 2997 1334 3081 contingunt?
1369 3011 1456 3059 nonne

323 3101 375 3166 his
398 3120 629 3184 usquequaque
652 3103 762 3185 plenae
786 3106 862 3168 suut
884 3122 933 3168 res
952 3102 1120 3181 humanae,
1144 3103 1199 3168 uhi
1217 3103 1349 3167 iniurias
1368 3099 1455 3180 suspi-

324 3208 440 3285 ciones,
470 3208 651 3274 inimicitias
679 3210 801 3275 bellurn
829 3211 912 3274 mala
941 3213 1026 3274 certe
1054 3209 1223 3286 sentimus;
1256 3227 1364 3292 pacem
1390 3223 1454 3270 uero

322 3315 479 3379 incertum
510 3316 639 3391 bonurn,
672 3317 820 3398 quoniam
853 3318 948 3382 corda
980 3335 1100 3394 eorum,
1138 3335 1210 3381 curn
1248 3315 1363 3398 quihus
1397 3331 1454 3376 eam

321 3423 429 3486 tenere
461 3422 623 3498 uolumus,
660 3423 855 3506 ignoramus,
893 3426 926 3487 et
962 3423 989 3488 11
1026 3423 1120 3488 hodie
1156 3441 1252 3487 nosse
1291 3427 1492 3506 possemus.²⁵

323 3527 431 3608 qualia
458 3547 526 3592 cras
554 3529 662 3593 futura
690 3533 796 3593 essent
820 3529 931 3612 utique
953 3529 1159 3594 nesciremus.
1189 3527 1250 3608 Qui
1275 3547 1365 3612 porro
1387 3528 1455 3590 iuter

323 3654 358 3698 11
391 3634 558 3700 amiciores
590 3636 696 3699 solent
727 3655 797 3700 esse
829 3637 883 3701 uel
915 3636 1040 3712 debent,
1074 3655 1168 3718 quam
1202 3636 1256 3719 qui
1285 3655 1348 3701 una
1373 3634 1453 3698 etiarn

324 3741 524 3806 continentur
560 3742 675 3807 domo?
711 3743 753 3808 Et
788 3747 894 3808 tamen
927 3743 998 3825 quis
1030 3743 1103 3807 inde
1137 3762 1268 3808 securus
1302 3747 1360 3820 est,
1394 3757 1452 3804 oum

323 3851 412 3913 tanta
434 3867 529 3931 saepe
552 3850 637 3914 mala
660 3869 696 3914 er
723 3868 832 3915 eorum
858 3851 993 3915 occultis
1017 3850 1141 3915 insidiis
1166 3849 1452 3927 111111111111111

414 4058 448 4110 16
466 4056 526 4111 Τ11.
544 4055 596 4110 nd.
615 4057 648 4122 V,
666 4059 693 4120 4,
714 4058 747 4112 13
766 4074 806 4127 sq.
864 4059 896 4112 19
915 4057 983 4115 Eun.
1003 4059 1026 4122 I,
1046 4061 1071 4124 1,
1091 4060 1125 4113 14
1143 4076 1184 4129 sq.

360 4181 376 4234 3
395 4179 533 4250 superiore
552 4197 593 4248 cp
670 4181 687 4233 7
706 4182 844 4249 sapientes
861 4199 880 4252 p
958 4181 991 4234 12
1010 4181 1117 4252 quodq
1194 4183 1227 4237 13
1247 4199 1303 4237 una
1319 4179 1450 4243 societasp

324 4269 441 4322 11111111
459 4268 570 4323 humo
661 4269 694 4322 19
712 4285 804 4322 rursus
823 4287 837 4324 e
927 4271 961 4326 25
981 4286 1060 4324 nosse
1079 4265 1160 4325 hodie
1179 4287 1195 4325 v
1295 4279 1450 4342 possumusp

324 4358 357 4411 ‘27
377 4357 540 4412 amicitiores
559 4374 573 4412 e
