3192 4959
323 498 375 551 De
403 498 576 550 ciuitate
605 496 666 549 dei
692 495 759 549 lib.
783 492 883 547 XVIII.
913 493 1054 564 capit.
1081 494 1122 549 13.
1229 494 1294 558 283

140 693 325 757 fabulosam
358 692 430 755 hinc
459 695 599 754 exortam
630 690 745 767 ferunt,
779 689 854 771 quia
884 688 916 752 in
950 688 1070 769 templo
1099 685 1235 751 Vulcani
1264 690 1296 750 et

139 800 319 874 Mineruae,
362 798 446 879 quod
486 796 579 861 ambo
616 816 716 860 unum
752 795 912 859 habebant
948 794 1093 871 Athenis,
1132 792 1295 876 expositus

139 909 294 971 inuentus
328 910 378 970 est
408 925 486 988 puer
522 904 656 968 dracone
692 904 868 981 inuolatus,
905 903 959 984 qui
997 922 1069 965 eum
1102 898 1297 983 sigulfioauit

140 1029 293 1097 magnum
317 1013 472 1090 futurum,
496 1014 528 1075 et
554 1013 682 1092 propter
710 1028 875 1073 commune
903 1009 1068 1089 templum,
1093 1024 1165 1070 oum
1190 1008 1296 1069 essent
1362 1022 1364 1027 ·

111 1124 290 1201 sparentes
314 1120 384 1183 eius
406 1118 518 1202 ignoti,
544 1116 677 1180 Vulcani
701 1119 733 1179 et
754 1115 918 1179 Mineruae
943 1114 1064 1178 dictum
1088 1132 1159 1177 esse
1182 1112 1294 1175 filium.

138 1226 290 1291 Nominis
322 1229 428 1290 tamen
461 1225 530 1289 eius
563 1224 717 1307 originem
749 1222 858 1286 fabula
889 1222 945 1286 illa
972 1222 1080 1303 potius
1109 1240 1204 1302 quam
1232 1219 1296 1283 ista

140 1333 292 1416 designat
318 1332 461 1397 historia.
490 1330 552 1396 Sed
581 1329 657 1413 quid
686 1330 725 1394 ad
750 1332 830 1393 uos?
859 1328 929 1393 Hoc
952 1328 984 1391 in
1008 1326 1176 1391 ueracibus
1200 1325 1294 1389 libris

139 1440 288 1504 homines
317 1441 456 1503 instruat
481 1437 661 1521 religiosos,
689 1436 771 1500 illud
797 1436 828 1499 iu
858 1434 1026 1499 fallacibus
1055 1433 1140 1499 ludis
1171 1430 1295 1495 daemo-

139 1566 194 1611 nes
222 1546 367 1609 delectet
388 1546 533 1628 inpuros3
565 1562 644 1627 quos
668 1549 772 1607 tamen
795 1542 845 1607 illi
868 1542 1010 1625 religiosi
1033 1544 1196 1623 tamquam
1220 1538 1295 1601 deos

99 1653 262 1731 ocolunt,
298 1658 331 1716 et
363 1670 434 1716 oum
468 1651 505 1714 de
537 1651 603 1715 illis
636 1650 714 1713 haec
743 1652 869 1733 negant,
898 1648 936 1713 ab
966 1648 1051 1713 omni
1081 1666 1134 1711 eos
1164 1648 1294 1712 crimiue

138 1778 279 1843 purgare
301 1778 364 1822 nou
386 1761 532 1839 possunt,
557 1756 705 1839 quoniam
729 1758 822 1821 ludos
844 1756 889 1821 eis
908 1754 1115 1838 poscentibus
1137 1754 1294 1831 exhibent,

139 1868 193 1930 nbi
224 1867 367 1948 turpiter
398 1868 546 1947 aguntur,
576 1884 656 1948 quae
686 1862 776 1927 uelut
804 1863 961 1945 sapienter
989 1865 1154 1946 negantur,
1185 1865 1217 1925 et
1244 1861 1294 1924 his

138 1974 230 2050 falsis
260 1992 300 2036 ao
322 1972 471 2053 turpibus
496 1970 527 2034 ‹li
550 1971 727 2052 placantur,
751 1970 807 2033 ubi
831 1970 892 2033 etsi
915 1968 1023 2032 sabula
1047 1971 1154 2032 cantat
1177 1968 1294 2032 crimen

138 2081 309 2143 numinum
340 2079 468 2156 falsum,
502 2076 651 2141 delectari
683 2080 788 2140 tamen
821 2074 1063 2144 salsocrimine
1096 2074 1214 2139 crimen
1246 2077 1296 2137 est

98 2208 122 2247 ts
140 2207 267 2251 nomm.

598 2376 735 2442 CAPUT
758 2376 843 2441 XIII.

139 2516 322 2597 Qualium
348 2516 563 2581 fabularum
586 2517 770 2601 figmenta
798 2522 926 2581 exorta
950 2516 1026 2581 sint
1050 2536 1089 2581 eo
1114 2519 1291 2598 tempore,

270 2644 343 2707 quo
366 2624 550 2689 Hebraeis
574 2623 721 2688 iudices
745 2642 921 2706 praeesse
946 2626 1163 2705 coeperunt.

181 2767 268 2831 Post
293 2770 427 2830 mortem
450 2767 525 2830 Iesu
547 2762 639 2829 Naue
658 2766 796 2848 populus
816 2764 875 2829 Dei
894 2764 1015 2829 iudices
1036 2763 1157 2841 habuit,
1178 2762 1294 2845 quibus

95 2902 120 2939 zo
137 2873 345 2957 temporibus
369 2874 604 2937 altemauerunt
627 2876 706 2955 aput
729 2891 782 2936 eos
807 2878 840 2935 et
857 2873 1056 2936 humilitates
1075 2872 1219 2935 laborum
1239 2888 1293 2952 pro

137 3001 254 3046 eorum
279 2981 430 3063 peccatis,
450 2985 482 3044 et
500 2978 727 3063 prosperitates
747 2980 1000 3045 consolationum
1020 2983 1148 3061 propter
1167 2978 1294 3041 misera·

136 3089 263 3153 tionem
288 3086 356 3151 Dei.
379 3086 441 3151 His
464 3087 662 3168 temporibus
681 3087 808 3150 fabulae
827 3084 919 3149 fictae
940 3091 1015 3170 suut
1034 3084 1071 3149 de
1090 3084 1294 3167 Triptolemo,

137 3195 227 3277 quod
256 3194 387 3259 iubente
419 3194 530 3259 Cerere
560 3192 717 3278 anguibus
747 3196 891 3275 portatus
921 3189 1051 3257 alitibus
1079 3190 1294 3275 indigentibus

137 3303 235 3366 terris
261 3302 423 3365 frumenta
445 3300 583 3365 nolendo
608 3300 790 3376 coutuler·it;
816 3300 853 3363 de
877 3300 1067 3376 Minotauro,
1089 3298 1172 3379 quod
1192 3298 1295 3361 bestia

93 3433 118 3470 a
136 3409 240 3473 luerit
268 3406 394 3471 inclusa
419 3407 635 3489 labyrintho,¹
653 3426 714 3489 quo
739 3426 812 3471 oum
841 3408 1012 3471 intrassent
1034 3405 1189 3482 homines,
1212 3405 1294 3469 inex-

135 3513 283 3580 tricabili
315 3532 418 3577 errore
449 3513 522 3577 inde
555 3514 636 3577 exire
669 3533 730 3577 non
761 3516 919 3595 poteraut
947 3513 984 3576 de
1010 3511 1184 3587 Centauris,
1210 3510 1294 3593 quod

136 3640 298 3704 equorum
330 3620 558 3703 hominumque
590 3620 687 3685 fuerit
719 3624 831 3684 natura
864 3620 1047 3695 coniuncta;
1082 3618 1120 3681 de
1150 3616 1294 3694 Cerbem,

136 3727 227 3810 quod
262 3725 306 3790 sit
337 3726 455 3809 triceps
487 3726 659 3790 inferorum
694 3726 793 3803 oanis;
824 3725 862 3790 de
894 3726 1016 3808 Phrpro
1047 3728 1079 3789 et
1105 3723 1199 3789 Hella
1226 3724 1294 3787 eius

137 3852 261 3910 sorore,
286 3832 372 3915 quod
394 3833 481 3896 uecti
504 3834 600 3897 ariete
623 3832 816 3907 nolaueriut;
849 3832 886 3896 de
912 3830 1068 3915 Gorgone,
1092 3830 1178 3913 quod
1200 3829 1296 3894 fuerit

173 4040 339 4103 3enm,r'n
355 4043 627 4107 marp.m.2cu,e
701 4039 734 4094 18
752 4040 930 4109 praecessef
999 4041 1146 4108 coeperunt
1165 4038 1197 4093 de
1216 4038 1294 4090 theo-

136 4157 212 4227 rogrs
232 4156 324 4225 pocus
343 4154 480 4208 aarum
498 4170 559 4223 cap.
579 4155 685 4210 arrrr
700 4156 922 4235 interpretas
974 4157 1006 4209 19
1025 4155 1139 4224 uresup
1194 4155 1227 4208 aa
1248 4119 1294 4207 in-

138 4282 279 4374 guibusg
357 4278 497 4349 indagent.
514 4280 544 4349 9¹
616 4280 788 4333 renotanda
808 4280 920 4334 frume
992 4256 1295 4343 relamptantium

138 4422 231 4474 marp.
252 4382 285 4458 ie
302 4405 495 4473 lpocentaurie,
514 4420 529 4457 e
582 4405 617 4457 28
637 4409 666 4458 et
683 4404 755 4458 bella
774 4422 789 4458 e
