3192 4959
318 453 369 505 Do
398 454 571 506 ciuitate
599 453 661 507 dei
689 454 753 507 lib.
776 454 862 509 XVII.
892 472 967 525 cap.
996 455 1108 508 17—18.
1214 460 1278 521 253

124 648 316 731 praesertim
349 649 425 730 quia
457 651 490 713 et
519 648 585 726 illa,
620 669 699 731 quae
732 670 793 714 non
824 651 984 713 transacta
1016 648 1185 726 credimus,
1225 650 1281 714 sed

125 756 310 838 praesentia
337 759 533 832 contuemur,
562 756 646 821 sicut
671 757 703 821 in
732 756 842 821 eodem
872 756 994 839 psalmo
1018 756 1169 839 leguntur
1192 760 1281 821 tanto

126 868 199 927 ante
232 862 406 945 praediun,
438 864 484 925 ita
515 882 599 927 nunc
632 863 772 928 exhibita
804 863 867 927 iam
900 866 967 927 toto
998 863 1072 927 orbe
1101 873 1280 929 cernuntur.

125 970 176 1033 Ibi
200 969 288 1034 enim
311 969 407 1053 paulo
431 973 505 1053 post
524 969 654 1033 dicitur:
680 968 1110 1055 Commemorabuutur
1133 973 1172 1033 et
1196 988 1281 1033 cou-

96 1079 347 1139 suertentur
385 1075 430 1139 ad
466 1075 677 1139 Dominum
715 1075 903 1139 uniuersi
936 1074 1042 1139 fines
1075 1078 1208 1139 terrae
1243 1076 1282 1137 at

127 1182 362 1247 adorabunt
402 1181 441 1245 in
483 1185 706 1263 conspectu
744 1183 833 1245 eins
866 1182 1088 1247 uniuersae
1126 1182 1281 1265 patriae

127 1289 333 1373 gentium;
377 1288 564 1371 quoniam
601 1288 765 1353 Domini
808 1292 872 1353 est
908 1308 1085 1373 regnum,
1120 1293 1158 1353 et
1194 1289 1281 1371 ipse

127 1396 418 1461 dominabitur
440 1396 632 1479 gentium.

569 1588 704 1655 CAPUT
727 1588 847 1652 XVIII.

87 1758 111 1795 ιο
129 1732 184 1795 De
204 1729 365 1813 psalmo
385 1729 511 1794 tertio
532 1732 571 1794 et
589 1730 634 1794 de
654 1729 996 1813 quadragensimo
1017 1734 1056 1796 et
1076 1730 1120 1795 de
1140 1731 1282 1813 quinto

128 1838 289 1901 decimo
309 1836 414 1901 etde
440 1837 722 1919 sexagensimo
744 1837 931 1919 septimo,
951 1837 989 1900 in
1010 1836 1158 1919 quibus
1178 1856 1283 1901 mors

295 1946 339 2006 et
361 1942 615 2007 resurrectio
639 1942 799 2007 Domini
823 1944 1105 2025 prophetatur.

171 2084 223 2148 De
242 2085 473 2149 resurreetione
493 2102 619 2166 quoqne
638 2084 706 2147 eius
726 2103 926 2167 nequaquam
946 2084 1142 2167 psalmorum
1158 2084 1285 2149 oracula

127 2194 312 2255 tacuerunt.
336 2190 417 2254 Nam
443 2190 520 2272 quid
543 2194 593 2255 est
616 2191 704 2255 aliud
729 2191 814 2273 quod
837 2192 868 2255 in
892 2192 1015 2273 psalmo
1040 2192 1133 2256 tertio
1158 2212 1192 2255 ex
1216 2210 1283 2274 per·

87 2318 111 2355 1⁵
129 2318 210 2363 sona
230 2298 302 2362 eius
323 2298 460 2361 canitur:
484 2298 560 2381 Ego
586 2297 749 2361 dormiui
772 2301 809 2362 et
833 2317 1001 2363 somnum
1026 2299 1128 2381 cepi;
1154 2318 1285 2363 ensur-

128 2405 227 2481 rexi,
260 2404 450 2486 quoniam
478 2404 672 2468 Dominus
702 2404 893 2487 suscepit
915 2408 996 2469 me?
1020 2405 1068 2469 An
1092 2406 1173 2469 forte
1197 2404 1283 2487 quis-

130 2532 229 2593 quam
255 2511 303 2574 ita
326 2510 453 2592 desipit,
479 2515 514 2575 ut
537 2509 645 2574 credat
667 2510 760 2575 uelut
782 2510 903 2593 aliquid
927 2530 1077 2593 maguum
1097 2512 1188 2575 uobis
1207 2510 1286 2574 indi-

129 2637 203 2683 care
226 2616 374 2681 uoluisse
397 2617 595 2700 prophetam,
619 2617 704 2699 quod
729 2617 893 2682 dormierit
920 2622 952 2683 ot
980 2617 1194 2699 exsurrexerit,
1224 2617 1285 2681 nisi

129 2742 270 2789 somnus
297 2724 359 2787 iste
387 2743 472 2787 mors
502 2727 588 2787 esset
607 2709 653 2787 ¹et
685 2724 849 2809 euigilatio
882 2723 1082 2801 resurrectio,
1120 2744 1212 2807 quam
1247 2723 1285 2787 de

87 2850 112 2890 ²⁰
130 2834 263 2899 Christo
297 2832 342 2895 sic
376 2831 516 2912 oportuit
548 2830 749 2913 prophetari?
781 2830 863 2895 Nam
897 2833 928 2895 et
959 2830 990 2894 in
1025 2830 1284 2913 quadragensimo

129 2938 238 3003 multo
276 2936 476 3001 manifestum
513 2936 546 3001 id
584 2937 773 3015 ostenditur,
810 2938 866 3001 ubi
904 2956 939 3000 ex
975 2956 1109 3019 persona
1143 2936 1285 3001 eiusdem

130 3044 323 3109 Mediatoris
356 3062 441 3106 more
475 3043 569 3107 solito
603 3047 765 3125 tamquam
798 3044 968 3126 praeterita
999 3047 1172 3121 narrantur,
1206 3062 1285 3125 quae

130 3154 245 3216 futura
271 3149 551 3233 prophetabantur:
582 3151 741 3233 quoniam,
771 3169 851 3232 quae
878 3154 1014 3214 uentura
1042 3153 1140 3217 erant,
1167 3148 1287 3213 iamin

130 3257 424 3343 praedestinatione
457 3257 730 3340 etpraescientia
761 3257 820 3321 Dei
852 3258 942 3321 uelut
974 3257 1058 3321 facta
1086 3260 1173 3321 erant
1201 3252 1287 3341 [quia

88 3385 114 3424 aa
132 3369 224 3429 certa
248 3363 358 3447 erantJ.
388 3362 562 3439 Inimici,
587 3363 700 3445 inquit,
729 3364 805 3427 mei
830 3362 1020 3428 dixerunt
1043 3365 1145 3427 mala
1168 3362 1286 3426 mibi:

133 3469 304 3550 Quando
345 3471 543 3535 morietur
580 3476 617 3533 et
654 3470 811 3553 peribit
847 3489 985 3534 nomen
1024 3470 1135 3534 eius?
1172 3470 1221 3532 ut
1254 3468 1287 3533 si

131 3575 456 3662 ingrediebatur
492 3580 536 3639 ut
567 3576 740 3655 uideret,
774 3594 876 3640 uana
908 3576 1092 3641 locutum
1126 3580 1188 3640 est
1221 3593 1288 3638 cor

229 3804 248 3856 4
266 3802 311 3856 Ps.
330 3802 375 3867 21,
394 3802 428 3855 27
447 3818 488 3871 sq.
545 3803 577 3855 15
595 3800 640 3854 Po.
660 3802 686 3869 3,
705 3802 721 3855 6

174 3930 267 3981 lnon
284 3942 371 3979 oum
439 3927 568 3995 Iregnu.
588 3926 687 3995 etrIq.
707 3924 748 3978 De
767 3942 864 3981 resurr.
885 3926 902 3979 1.
922 3925 1001 3987 13,o
1058 3925 1088 3977 11
1109 3940 1180 3977 mors
1199 3940 1250 3977 om.
1265 3940 1286 3991 p

137 4016 170 4069 12
190 4015 376 4086 prophetatur
392 4016 458 4083 spp
472 4018 508 4081 f,·
525 4013 724 4084 prophetantur
742 4030 784 4081 qo
879 4014 912 4067 15
932 4012 1065 4067 exsurrexi
1079 4030 1165 4081 piper
1185 4018 1212 4065 et
1230 4028 1287 4064 snr-

136 4104 194 4157 reri
215 4102 244 4167 b,·
264 4106 293 4155 ct
311 4118 395 4155 ernrr.
417 4119 435 4155 a
447 4104 483 4167 ἡ·
501 4106 530 4154 et
547 4118 643 4156 resurr.
663 4117 730 4170 ega
830 4102 862 4155 16
882 4102 1002 4171 suscepit
1021 4099 1099 4169 b²gp
1111 4119 1140 4169 p;
1158 4101 1289 4168 suscipiet

138 4192 224 4245 ab¹o
289 4191 321 4245 18
340 4190 518 4243 resurrexitc
579 4191 614 4243 24
632 4190 819 4259 praesentiae
892 4190 954 4259 quia
974 4192 1048 4242 certa
1066 4192 1143 4241 erant
1161 4204 1289 4258 om.pp;

137 4279 395 4349 interpretationem
414 4294 469 4332 erec
486 4277 560 4331 uidit
582 4276 613 4333 L.
637 4277 712 4331 Vivio
762 4278 796 4330 27
816 4276 1038 4346 ingrediebantur
1050 4280 1082 4329 ut
1095 4274 1219 4329 uiderent
1234 4277 1260 4329 b¹
1272 4295 1290 4329 α

139 4368 269 4432 uiderent
286 4371 315 4421 et
333 4367 386 4435 rIq.
406 4365 616 4436 egrediebantur
636 4370 677 4434 (p.
697 4369 766 4428 254,
786 4370 814 4433 1)
835 4366 850 4418 b
923 4365 1066 4433 locutusp
