3192 4959
310 441 375 506 658
637 439 675 491 ·S.
705 438 861 492 Aurelii
889 436 1107 507 Augustini

310 633 407 696 tunc
444 633 578 694 autem
616 629 721 692 facie
758 628 804 692 ad
840 627 997 694 faciem.
1037 628 1218 692 Praemium
1250 629 1361 711 itaquo
1388 630 1453 695 fidei

310 735 402 801 nobie
422 735 505 800 uisio
524 735 588 800 ista
607 739 763 810 seruatur,
784 735 823 799 de
838 755 901 817 qua
916 738 948 799 et
960 734 1116 800 Iohannes
1130 736 1297 816 apostolus
1312 737 1452 820 loquens:

310 841 406 908 Oum
431 841 681 926 apparuerit,
706 841 819 924 inquit,
845 841 1002 906 similes
1028 841 1063 905 ei
1086 841 1247 920 erimus,
1272 845 1451 925 quoniam

310 949 544 1014 uidebimus
570 967 655 1012 eum
685 948 815 1012 sicuti
840 951 911 1012 est.
935 947 1047 1012 Facies
1071 951 1178 1011 entem
1198 949 1259 1012 Dei
1277 950 1453 1015 manifesta·

310 1057 355 1122 tio
383 1058 453 1120 eius
480 1053 695 1140 intellegenda
723 1058 783 1131 ost,
812 1073 873 1119 non
902 1053 1032 1136 aliquod
1058 1054 1124 1118 tale
1151 1054 1344 1132 membrum,
1370 1057 1486 1139 quales

310 1183 367 1229 nos
391 1163 545 1226 habemus
569 1163 600 1226 in
625 1180 753 1244 corpore
777 1160 881 1242 adque
903 1161 966 1224 isto
989 1160 1116 1224 nomine
1139 1179 1373 1244 nuncupamus.

357 1266 554 1352 Quapropter·
582 1287 654 1332 cum
684 1287 719 1331 er
747 1286 798 1331 me
827 1267 999 1349 quaeritur,
1028 1266 1105 1348 qnid
1132 1269 1234 1331 acturi
1262 1268 1329 1334 sint
1360 1269 1454 1334 sancti

311 1375 342 1438 in
371 1373 428 1438 illo
458 1392 587 1456 empore
616 1372 848 1455 spiritalium
876 1372 947 1436 dico
976 1373 1152 1454 quodiam
1179 1373 1285 1451 uideo,
1309 1375 1368 1439 sed
1391 1376 1454 1440 dico

312 1479 397 1562 quod
421 1480 525 1556 credo,
550 1479 724 1544 secuudum
749 1479 831 1543 illud
855 1478 940 1560 quod
963 1479 995 1542 in
1019 1480 1142 1561 psalmo
1166 1481 1254 1564 lego:
1284 1480 1453 1558 Credidi,

312 1588 479 1670 propter
511 1585 615 1668 qnod
646 1587 815 1650 locutus
849 1605 945 1650 sum.
978 1585 1057 1649 Dico
1086 1586 1208 1668 itaquo:
1243 1586 1355 1652 Visuri
1387 1593 1487 1655 anuto

312 1694 414 1757 Deum
439 1693 470 1756 in
494 1693 563 1776 ipso
584 1711 726 1774 corpore;
751 1691 809 1756 aed
826 1695 934 1756 utrum
952 1710 1009 1773 per
1026 1692 1144 1774 ipsum,
1167 1692 1254 1758 sicut
1272 1713 1328 1777 per
1347 1713 1454 1776 corpus

312 1819 394 1864 nunc
418 1799 563 1862 uidemus
588 1799 699 1874 solem,
724 1799 844 1875 lunam,
869 1800 991 1873 stellas,
1016 1817 1102 1863 maro
1125 1818 1161 1864 ac
1184 1802 1301 1865 terram
1325 1804 1359 1864 et
1381 1819 1454 1883 quae

313 1909 389 1970 sunt
415 1905 447 1968 in
476 1925 522 1983 ea,
551 1925 612 1970 non
641 1923 738 1986 parua
767 1905 911 1987 quaestio
936 1908 994 1971 est.
1018 1905 1142 1969 Durum
1166 1909 1216 1970 est
1238 1907 1322 1972 enim
1346 1907 1451 1981 dicere,

313 2013 397 2093 quod
421 2012 523 2077 sancti
543 2011 619 2076 talia
638 2029 768 2092 corpora
785 2014 862 2075 tunc
881 2011 1053 2089 habebunt,
1072 2014 1110 2076 ut
1127 2032 1187 2076 non
1208 2012 1333 2096 possint
1351 2013 1451 2078 oculos

313 2119 458 2183 claudere
500 2118 604 2201 adque
648 2119 766 2199 aperire
804 2137 876 2182 cum
915 2120 1037 2196 uolent;
1075 2119 1185 2182 durius
1223 2123 1343 2196 autem,
1375 2119 1485 2202 quoda

311 2225 356 2290 ibi
386 2221 498 2301 Deum,
528 2223 674 2306 quisquis
708 2224 818 2288 oculos
851 2226 1012 2302 clauserit,
1046 2245 1107 2290 nou
1140 2225 1273 2290 uidebit.
1307 2226 1340 2292 Si
1375 2227 1449 2291 enim

311 2331 466 2414 propheta
488 2330 657 2395 Helisaeus
687 2349 820 2413 puerum
850 2350 945 2395 suum
971 2330 1060 2395 Giezi
1087 2332 1201 2397 absens
1226 2351 1355 2415 corpore
1378 2333 1450 2397 uidit

312 2436 522 2520 accipientem
545 2455 685 2514 munera,
710 2455 789 2518 quae
815 2436 902 2501 dedit
925 2438 954 2501 ei
977 2437 1119 2501 Naaman
1139 2437 1249 2520 syrus,
1274 2458 1366 2521 quem
1387 2457 1447 2520 pre

311 2544 409 2627 pheta
422 2547 616 2608 memoratus
632 2562 649 2607 a
663 2545 767 2627 leprae
785 2543 987 2609 deformitate
1006 2544 1224 2622 mandauerat,
1244 2546 1330 2626 quod
1347 2563 1446 2610 seruus

312 2669 449 2732 nequam
473 2649 599 2714 domino
625 2669 682 2714 suo
706 2669 767 2714 non
787 2650 916 2715 uidente
935 2651 1071 2715 latenter·
1088 2669 1124 2715 se
1144 2652 1259 2716 fecisse
1277 2656 1445 2733 putauerat:
1460 2671 1479 2708 a

313 2760 430 2840 quanto
454 2757 557 2840 magis
580 2757 612 2820 in
636 2756 691 2821 illo
722 2775 851 2840 corpore
878 2757 1015 2841 spiritali
1042 2758 1199 2824 uidebant
1221 2759 1322 2824 sancti
1345 2758 1446 2830 omnia,

312 2882 374 2928 non
399 2863 505 2928 solum
529 2864 557 2926 si
581 2865 690 2928 oculos
710 2864 869 2942 claudant,
890 2884 1002 2928 uerum
1022 2865 1118 2929 etiam
1136 2865 1219 2929 unde
1238 2867 1315 2930 sunt
1332 2883 1446 2947 corpore
1562 2882 1563 2885 ¹

313 2971 473 3034 absentes!
507 2970 596 3034 Tunc
627 2971 709 3034 eaim
744 2971 804 3035 erit
835 2972 1011 3052 perfectum
1043 2970 1136 3049 illud,
1165 2972 1203 3036 de
1232 2991 1295 3055 quo
1327 2973 1446 3054 loqueos

313 3078 493 3158 apostolus:
523 3076 574 3140 Er
603 3081 728 3159 parte,
757 3077 871 3160 inquit,
901 3077 1055 3142 scimus
1089 3080 1129 3142 et
1160 3097 1204 3142 ex
1235 3081 1350 3162 parte
1375 3095 1446 3160 pro

312 3183 545 3263 phetamus;
585 3201 670 3246 cum
709 3185 842 3247 autem
886 3184 1048 3248 uenerit
1084 3184 1188 3266 quod
1230 3185 1480 3267 perfectuma

312 3291 386 3362 est,
421 3286 526 3369 quod
559 3307 602 3351 ex
636 3294 749 3371 parte
782 3293 846 3354 est
878 3290 1160 3354 euacuabitur.
1192 3291 1314 3355 Deinde
1337 3293 1445 3369 utque

312 3392 406 3456 modo
435 3396 545 3474 posset
572 3394 677 3475 aliqua
705 3395 918 3460 similitudine
946 3396 1135 3474 ostenderet,
1164 3399 1320 3477 quantum
1342 3397 1377 3460 ab
1398 3393 1446 3456 illa
1562 3458 1564 3479 r

401 3652 601 3722 31.10.3,2
660 3655 739 3713 aas.
762 3655 875 3721 115,10
936 3656 969 3709 17
987 3656 1055 3726 aeg.
1073 3655 1139 3721 1111,
1158 3659 1184 3725 r,
1204 3657 1239 3710 ao
1299 3657 1335 3710 aa
1352 3655 1374 3708 1.
1391 3653 1444 3708 oo.
1562 3602 1564 3631 ’

314 3743 451 3812 iaasq.

349 3895 444 3948 Suum
464 3896 589 3963 autemp
632 3896 656 3947 ·4
674 3895 939 3950 Facies....intell.
959 3897 1001 3949 eat
1019 3911 1099 3949 om.e
1148 3892 1355 3963 dintelligenti
1370 3888 1443 3945 noni
1562 3902 1564 3949 ζ

311 3983 329 4036 6
349 3985 430 4051 atque
450 3983 562 4052 utiquae
580 3983 634 4035 isto
651 3999 683 4051 9,·
701 3991 783 4052 atque
803 3983 832 4036 in
850 3985 903 4038 isto
922 4001 940 4052 p
993 3983 1026 4037 10
1044 3984 1151 4037 locutae
1170 3983 1248 4037 codd.
1263 3989 1371 4052 practer
1387 3993 1444 4050 pm

313 4073 341 4124 at
358 4071 465 4124 locutus
486 4090 499 4140 ρ
517 4071 615 4124 Domb.
680 4073 712 4126 15
732 4071 829 4125 uolunt
844 4072 875 4142 9¹
946 4075 1037 4126 autem
1055 4072 1134 4127 codd.
1151 4078 1264 4141 praeter
1281 4091 1303 4142 p,
1320 4089 1348 4139 v;
1365 4074 1443 4124 antem
1562 4104 1564 4143 ἶ

311 4161 355 4212 est
375 4179 388 4228 ρ
406 4159 505 4212 Domb.
563 4161 595 4214 18
615 4159 692 4214 dedit
710 4161 746 4229 ei]
767 4160 895 4214 debiteb
967 4178 1066 4215 naman
1085 4177 1148 4230 epp
1166 4161 1279 4226 Domi,
1296 4175 1401 4214 neeman
1418 4172 1443 4216 a·

311 4265 426 4301 naaman
455 4249 551 4315 obpe
643 4248 675 4302 19
702 4248 883 4304 mundauerat
911 4250 1097 4319 chuppam
1123 4249 1290 4304 liberauerat
1317 4267 1331 4318 ρ
1354 4241 1441 4302 Dand-

311 4337 346 4390 26
367 4352 473 4404 quoquo
491 4353 510 4403 p
565 4339 598 4390 27
619 4341 764 4390 ostendere
782 4355 801 4408 p
