3192 4959
327 430 392 492 506
673 427 701 482 S.
728 427 886 480 Aurelii
914 427 1133 496 Augustini

326 626 429 700 turus,
457 623 561 706 possit
583 624 674 687 lesus
698 621 846 688 Christus
871 620 1024 705 intellegi.
1053 622 1112 685 Est
1133 621 1224 686 locus
1250 625 1327 703 aput
1348 621 1459 686 Esaiam

326 729 523 810 prophetam,
553 730 608 810 qui
631 729 691 793 hoo
714 729 798 810 quod
824 729 893 794 dico
919 729 1083 792 euidenter
1106 728 1255 793 ostendit.
1281 729 1366 792 Deus
1389 728 1458 792 onim

325 855 382 919 per
404 837 606 918 prophetam:
635 835 740 899 Audi
761 855 830 912 me,
859 835 973 918 inquit,
1001 835 1121 900 Iacob
1147 839 1184 900 et
1207 835 1339 900 Israel
1362 855 1459 918 quom

328 963 400 1028 ego
425 962 537 1008 uoco.
561 944 641 1028 Ego
667 962 752 1007 snm
774 943 929 1024 primus
954 945 994 1006 et
1018 961 1088 1026 ogo
1112 941 1150 1006 in
1171 941 1459 1023 sempiternum,

326 1054 366 1114 et
402 1070 542 1114 manus
580 1068 663 1112 moa
700 1048 894 1114 fundauit
930 1051 1087 1125 terram,
1122 1050 1161 1112 et
1194 1047 1359 1112 dextera
1388 1066 1493 1110 meaa

326 1155 518 1220 firmauit
540 1157 705 1220 eoelum.
728 1153 888 1218 Vooabo
914 1173 992 1230 eos,
1023 1153 1257 1218 obstabunt
1281 1153 1461 1230 simulo-t

327 1262 688 1346 congregabuntur
711 1279 846 1324 omnes
872 1266 910 1324 et
934 1260 1112 1325 audient.
1139 1259 1238 1338 Quis
1264 1260 1300 1325 ei
1323 1261 1460 1324 nuntia·

325 1369 389 1432 nit
411 1369 533 1432 bueo?
557 1367 747 1450 Diligens
770 1371 810 1431 to
833 1367 913 1431 feei
938 1367 1196 1432 uoluntatem
1221 1371 1330 1432 tuam
1355 1385 1460 1448 snper

325 1473 584 1557 Babylonem,
617 1477 661 1537 ut
693 1473 895 1536 auferrem
929 1491 1063 1538 semen
1088 1472 1389 1539 Chaldaeorum.
1421 1472 1459 1534 ut

325 1581 491 1644 locutus
518 1583 664 1644 sumet
688 1598 757 1663 ego
783 1580 945 1654 uooaui;
975 1579 1121 1644 adduxi
1145 1599 1231 1644 eum
1256 1583 1295 1644 et
1316 1597 1493 1662 prospe-o

326 1705 406 1750 ram
429 1686 511 1750 feei
534 1685 639 1750 niam
664 1685 763 1750 eius.
786 1685 983 1750 decedito
1004 1687 1048 1751 ad
1068 1705 1125 1750 mo
1149 1689 1188 1749 et
1207 1686 1346 1750 audite
1365 1685 1457 1748 beor.

325 1793 409 1857 Non
434 1813 452 1857 a
474 1793 683 1875 principio
707 1793 745 1856 in
772 1793 1016 1858 abscondito
1041 1793 1211 1857 looutns
1231 1812 1333 1868 sum;
1358 1810 1458 1874 quau-

326 1899 371 1963 do
395 1898 562 1972 fiebant,
586 1898 645 1963 ibi
669 1917 783 1962 oram.
806 1899 854 1962 Dt
882 1917 983 1962 nuno
1008 1899 1203 1964 Dominus
1227 1899 1336 1963 Deus
1358 1897 1457 1962 misit

325 2025 382 2069 me
406 2009 445 2070 et
468 2005 651 2087 Spiritus
675 2005 774 2070 eius.
800 2005 922 2088 Nempe
940 2006 1010 2087 ipse
1030 2009 1088 2083 ost,
1109 2007 1162 2088 qui
1181 2005 1371 2087 loquebatur
1387 2005 1458 2067 siout

227 2123 230 2134 ’
323 2113 480 2176 Dominus
504 2112 606 2188 Deus,
636 2131 693 2176 noo
716 2115 822 2176 tamen
845 2111 1085 2195 intellegeretur
1108 2113 1199 2177 Iesus
1224 2111 1379 2188 Christus,
1405 2109 1492 2174 nisio

325 2217 513 2283 addidisset:
541 2219 590 2282 nt
617 2237 719 2282 nuno
747 2219 939 2283 Dominus
964 2217 1071 2284 Deus
1099 2219 1216 2283 misit
1242 2237 1301 2283 me
1329 2223 1367 2283 et
1388 2217 1456 2298 Spi-

324 2324 432 2390 ritus
461 2325 559 2390 eins.
587 2325 674 2389 Dixit
701 2325 762 2390 hoo
785 2325 869 2389 enim
899 2325 1074 2389 secundnm
1097 2327 1231 2391 formem
1255 2326 1350 2402 serui,
1377 2325 1409 2387 de
1429 2341 1457 2385 ro

324 2430 432 2494 sutura
455 2436 548 2496 utens
572 2431 735 2515 praeteriti
758 2431 911 2513 temporis
936 2431 1045 2510 uerbo,
1071 2451 1165 2513 quem
1190 2432 1230 2494 ad
1248 2433 1375 2497 modum
1392 2433 1458 2512 aput

324 2536 459 2602 eundem
482 2538 670 2620 prophetam
693 2537 826 2621 legitur:
856 2537 974 2603 Siout
998 2539 1087 2604 onis
1117 2539 1162 2602 ad
1186 2537 1456 2604 immolandum

324 2643 472 2708 duatus
506 2648 577 2709 ost.
610 2643 681 2709 Non
715 2645 798 2709 enirn
832 2645 890 2709 ait:
929 2644 1092 2723 ‘ducetur',
1131 2645 1187 2709 sed
1219 2665 1275 2726 pro
1309 2665 1354 2722 eo,
1383 2638 1493 2726 quous

322 2751 466 2814 futurum
495 2755 571 2829 erat,
599 2751 763 2832 praeteriti
790 2751 943 2835 temporis
971 2751 1105 2815 uerbum
1134 2753 1254 2833 posuit.
1278 2753 1320 2816 ur
1341 2749 1458 2814 adsiduo

322 2858 489 2939 prophetia
513 2857 558 2921 sio
581 2858 734 2939 loquitur.

366 2965 425 3028 Est
462 2959 518 3049 [et]
551 2963 633 3028 alius
662 2965 753 3029 loons
787 2967 865 3048 aput
897 2964 1090 3042 Zachariam,
1129 2965 1184 3046 qui
1216 2963 1278 3030 hoo
1310 2962 1459 3028 euidenter

323 3069 472 3147 ostendit,
506 3071 590 3151 quod
619 3072 867 3153 omnipotentem
895 3073 985 3136 misit
1013 3071 1228 3154 omnipotens:
1262 3071 1331 3154 quis
1361 3087 1457 3151 quem.

323 3176 386 3239 nisi
407 3176 495 3240 Dens
518 3177 613 3240 Pater
635 3177 738 3241 Deum
762 3177 906 3242 Filium?
929 3176 1011 3242 Nam
1035 3179 1081 3241 ite
1099 3177 1256 3260 son'ptnm
1276 3181 1337 3242 est:
1359 3175 1457 3238 Haeo
1474 3187 1494 3226 2⁵

323 3281 428 3346 dicit
450 3281 644 3346 Dominus
670 3285 946 3366 omnipotens:
972 3285 1070 3349 Post
1089 3285 1262 3368 gloriam
1281 3282 1386 3346 misit
1405 3297 1458 3344 me

324 3407 444 3471 super
480 3392 639 3473 gentes,
681 3409 781 3472 quae
820 3391 1111 3473 spoliauerunt
1147 3409 1236 3471 nos;
1276 3390 1362 3474 quia
1397 3385 1458 3468 qui

411 3701 519 3754 assai.
538 3701 582 3764 oo,
604 3703 636 3754 12
655 3718 713 3770 sqq.
770 3703 804 3755 1o
823 3701 896 3755 nsai.
916 3703 959 3770 sa,
979 3703 994 3755 a
1051 3703 1085 3756 25
1104 3703 1183 3756 naen.
1203 3703 1227 3767 2,
1247 3703 1264 3757 s
1283 3721 1320 3772 sq.

358 3887 422 3940 tet
442 3891 619 3939 ontemanns
638 3887 725 3939 om.b
808 3887 956 3940 distabunt
974 3903 1025 3941 om.
1041 3905 1063 3956 p
1141 3889 1207 3942 aar
1225 3883 1365 3942 audiantb
1439 3881 1461 3934 ei

321 3975 459 4028 nuntiauit
478 3976 590 4044 abpp5
608 3975 763 4027 enuntiarit
779 3993 808 4045 q;
830 3975 899 4028 enirn
919 3977 1058 4030 nuntiabit
1077 3993 1102 4042 a;
1122 3977 1160 4030 eis
1179 3981 1256 4031 nunt.
1277 3992 1314 4029 aa
1381 3973 1398 4025 9
1417 3989 1461 4024 eu·

321 4063 405 4116 leram
426 4062 452 4116 e²
543 4064 575 4116 12
594 4081 633 4131 oq.
652 4063 758 4116 loeutus
778 4081 836 4117 sum
856 4065 884 4118 in
904 4063 1063 4118 abscondito
1085 4083 1098 4119 o
1190 4067 1223 4120 15
1244 4065 1361 4120 Christus
1382 4075 1462 4114 oua]

324 4153 357 4205 16
376 4151 531 4206 audissetis
588 4153 619 4204 17
641 4152 708 4205 dixit
726 4169 786 4220 sup.
807 4153 890 4221 einp
962 4153 1104 4207 hooenirn
1124 4152 1226 4208 dixito
1295 4149 1462 4204 defuturos

321 4243 355 4294 23
374 4239 427 4293 Est
446 4258 496 4296 ora.
516 4241 532 4293 b
640 4241 710 4294 elius
729 4259 792 4311 epp3
812 4247 840 4295 et
859 4243 927 4296 alius
948 4244 1016 4296 ubo
1035 4243 1134 4298 Domo.
1236 4241 1299 4312 qui),
1317 4255 1332 4293 a
1349 4254 1462 4306 erus..‚o

322 4330 356 4382 24
375 4345 455 4397 quem
475 4346 525 4382 om.
546 4329 562 4382 b
617 4331 650 4382 27
671 4346 723 4398 que
742 4331 908 4400 espoliau.9
