3192 4959
290 371 354 435 602
633 369 659 422 S.
687 368 843 422 Aurelii
872 367 1088 438 Augustini

291 560 387 623 etiam
411 561 449 624 ah
473 560 600 625 informi
619 561 756 645 pondere
775 561 973 645 genitalium,
993 579 1065 626 oum
1085 560 1311 644 baptizaretur,
1333 561 1438 625 saluus

291 666 423 732 effectus
461 670 512 732 est
546 671 579 732 et
614 668 770 733 liberatus
803 671 937 751 utraque
969 667 1126 741 molestia,
1165 671 1330 762 tamqnam
1367 667 1439 732 mali

290 773 371 837 nihil
401 773 570 840 habuisset
596 775 627 838 iu
655 793 794 858 corpore,
821 775 859 840 de
882 775 969 841 fonte
991 775 1237 858 regenerationis
1266 773 1439 838 adscendit.

293 878 372 958 Quis
395 881 455 946 hoc
478 886 603 964 praeter
627 880 780 946 Curubim
803 882 896 946 nouit
919 884 951 946 et
968 885 1091 965 praeter
1108 881 1289 946 rarissimos
1308 881 1439 963 aliquos.

293 987 347 1068 qui
378 987 441 1054 boc
468 987 664 1070 ubicumque
691 987 801 1052 audire
829 991 1025 1072 potuerunt?
1058 987 1124 1053 Nos
1153 997 1261 1052 autem
1287 1007 1360 1052 cum
1385 987 1440 1052 hoo
1467 1006 1478 1044 ι

293 1094 558 1176 conperissemus,
582 1093 711 1160 iubente
734 1102 845 1160 sancto
869 1095 1018 1177 episeopo
1038 1094 1168 1159 Aurelio
1188 1095 1284 1160 etiam
1302 1097 1342 1158 ut
1360 1093 1440 1158 ueni·

292 1206 342 1264 ret
366 1200 587 1286 Carthaginem
610 1201 756 1281 fecimus
780 1203 928 1285 quamuis
951 1220 969 1265 a
991 1201 1111 1266 talibus
1130 1201 1218 1284 prius
1237 1200 1441 1267 audierimus.

295 1307 333 1372 de
357 1325 491 1389 quorum
514 1307 575 1372 fide
599 1307 744 1373 dubitare
768 1327 830 1374 non
853 1327 1032 1392 possemus.

339 1413 397 1478 Vir
419 1414 611 1480 tribunicius
635 1415 812 1498 Hesperius
836 1418 913 1500 aput
935 1434 993 1481 nos
1018 1420 1082 1490 ast;
1112 1415 1208 1479 habet
1229 1415 1262 1479 in
1286 1414 1442 1478 territorio

294 1520 480 1587 dresdensi
502 1521 636 1587 fundum
663 1521 801 1608 (Zubedi
834 1519 1042 1606 appellatur);
1075 1521 1132 1587 ubi
1160 1541 1232 1586 cum
1265 1521 1443 1586 adflictione
1461 1539 1482 1576 u

296 1627 480 1692 animalium
503 1632 537 1692 et
559 1648 724 1694 seruorum
748 1649 879 1694 suorum
904 1629 1033 1694 domum
1054 1647 1143 1694 suam
1164 1628 1339 1712 spirituum
1359 1628 1444 1692 mali·

297 1752 431 1817 gnorum
458 1736 524 1799 uim
552 1735 676 1800 noxiam
705 1736 828 1819 perpeti
856 1737 1062 1818 conperisset,
1091 1735 1218 1820 rogauit
1244 1741 1375 1801 nostros
1397 1753 1443 1798 me

297 1841 426 1905 absente
458 1843 670 1928 presbyteros,
709 1847 745 1906 ut
777 1843 894 1924 aliquis
928 1861 1037 1908 eorum
1069 1843 1125 1907 illo
1162 1845 1317 1926 pergeret,
1356 1841 1444 1906 euius

297 1948 492 2014 orationibus
530 1949 687 2016 cederent.
724 1951 865 2014 Perrexit
896 1970 991 2030 uuus,
1029 1950 1148 2015 obtulit
1179 1949 1224 2014 ibi
1255 1947 1443 2013 sacrificium

298 2053 438 2135 corporis
458 2053 587 2130 Christi,
606 2074 698 2122 orans
718 2058 872 2137 quantum
890 2057 1006 2138 potuit,
1025 2057 1063 2119 ut
1082 2059 1221 2120 cessaret
1234 2055 1292 2118 illa
1306 2054 1443 2119 naratio:
1461 2071 1481 2108 ιε

299 2158 366 2224 Deo
394 2160 538 2242 protinus
566 2163 737 2227 miserante
765 2163 916 2229 cessauit.
944 2161 1119 2245 Acceperat
1146 2165 1253 2226 autem
1281 2161 1322 2225 ab
1346 2160 1442 2225 amico

300 2286 359 2332 suo
391 2275 508 2332 terram
540 2271 684 2334 sanomm
712 2268 751 2333 de
777 2268 1008 2352 Hierosolymis
1038 2269 1185 2344 adlatam,
1216 2268 1272 2332 ubi
1302 2267 1441 2349 sepultus

300 2373 447 2439 Christus
470 2375 521 2439 die
544 2375 638 2442 tertio
661 2375 842 2456 resurrexit,
866 2394 997 2458 eamque
1021 2375 1229 2457 suspenderat
1247 2375 1279 2438 in
1299 2373 1440 2439 enbioulo

302 2498 370 2558 suo,
399 2500 438 2544 ne
465 2481 542 2564 quid
565 2482 641 2546 mali
665 2482 762 2548 etiam
785 2483 854 2565 ipse
878 2486 1048 2567 pateretur.
1077 2482 1139 2546 Ast
1161 2481 1217 2546 ubi
1240 2481 1355 2546 domus
1379 2479 1439 2543 eius

301 2587 339 2652 ab
363 2588 418 2652 illa
440 2589 643 2654 infestatione
665 2593 802 2674 purgata
824 2592 884 2669 ost,
908 2589 986 2673 quid
1009 2590 1046 2654 de
1070 2588 1126 2653 illa
1144 2591 1227 2653 terra
1245 2588 1347 2664 fieret,
1365 2585 1441 2669 eogi-
1456 2603 1477 2637 ιι

302 2695 400 2772 tabat,
424 2714 519 2778 quam
544 2696 665 2761 diutius
688 2698 720 2760 in
744 2697 893 2763 cubiculo
918 2717 976 2762 suo
1000 2695 1196 2760 reuerentiae
1220 2712 1320 2758 causa
1337 2691 1441 2756 habere

302 2801 439 2883 nolebat.
463 2803 558 2868 Forte
582 2802 708 2880 accidit,
732 2808 770 2867 ut
792 2821 852 2888 ego
873 2807 906 2868 at
923 2803 1047 2887 collega
1064 2806 1139 2866 tunc
1159 2820 1261 2876 mens,
1282 2801 1440 2882 episcopus

304 2906 472 2972 sinitensis
495 2909 649 2974 ecclesiae
672 2909 875 2986 Maximinus,
899 2909 931 2973 in
953 2909 1094 2991 proximo
1119 2925 1282 2982 essemus;
1307 2909 1344 2970 ut
1365 2903 1439 2968 ueni-

302 3032 409 3078 remus
431 3015 568 3098 rogauit,
601 3020 634 3079 at
660 3016 818 3080 uenimus.
844 3015 987 3098 Cumque
1014 3014 1105 3080 nobis
1135 3014 1239 3079 omnia
1262 3012 1438 3078 rettulisset.

304 3119 399 3184 etiarn
423 3119 483 3184 boc
505 3120 630 3202 petiuit,
653 3124 692 3187 ut
713 3123 908 3188 infoderetur
930 3121 1048 3187 alicubi
1072 3121 1174 3203 adque
1201 3120 1246 3184 ibi
1276 3119 1439 3185 orationum
1455 3133 1476 3172 2³

304 3228 394 3290 loeus
422 3226 522 3304 fieret,
551 3228 607 3292 ubi
630 3229 725 3294 etiam
751 3228 922 3294 Christiani
945 3231 1077 3312 possent
1100 3227 1138 3290 ad
1163 3225 1351 3292 celebranda
1371 3241 1439 3308 quae

305 3332 364 3396 Dei
396 3338 472 3397 snut
504 3335 699 3418 congregari.
731 3335 803 3400 Non
830 3335 1025 3412 restitimus;
1058 3335 1180 3398 lactum
1209 3336 1268 3397 est.
1302 3333 1375 3397 Erat
1401 3327 1438 3391 ibi

305 3439 429 3503 iuuenis
452 3440 645 3522 paralyticus
666 3441 859 3506 rusticanus.
882 3441 951 3506 Hoc
971 3439 1079 3506 andito
1098 3439 1216 3523 petiuit
1234 3459 1253 3503 a
1272 3435 1439 3523 parentibus

307 3545 386 3621 suis,
415 3550 451 3609 nt
477 3547 570 3611 illum
595 3546 633 3611 ad
658 3567 730 3612 curn
754 3548 861 3612 locum
890 3550 1036 3612 sanetum
1059 3565 1119 3612 non
1146 3549 1335 3611 cunctanter
1355 3541 1440 3608 adier-

342 3794 360 3844 4
378 3789 489 3845 curubin
506 3809 538 3861 9,·
557 3791 651 3846 curbis
672 3810 686 3845 ι
726 3793 743 3846 8
762 3793 898 3861 possimus
915 3809 934 3862 p
974 3793 990 3846 9
1008 3791 1040 3844 iu
1058 3807 1159 3884 marg.-
1178 3789 1212 3844 de
1231 3789 1312 3844 deuio
1330 3783 1438 3876 hesperis

307 3916 442 3970 uioleneia
459 3916 619 3970 daemonum
633 3917 757 3979 liberata,
771 3934 790 3986 9
828 3915 986 3970 lesendam
1002 3915 1076 3984 quie
1129 3889 1250 3976 iabedei,
1264 3915 1297 3968 isi
1309 3927 1389 3981 marg.
1401 3924 1437 3961 ⁸1¹·

307 4005 380 4073 bedi,
399 4021 413 4060 e
466 4005 622 4074 appellatur
640 4004 733 4070 codd.;
752 4005 947 4075 appellatumc
985 4005 1018 4058 16
1038 4003 1082 4058 dei
1101 4007 1232 4075 protenus
1251 3993 1436 4056 miserationrl

308 4099 438 4164 protenus
454 4095 484 4162 9¹
577 4095 609 4150 19
630 4097 680 4148 Ast
697 4095 777 4149 codd.
791 4101 904 4162 praeter
923 4095 955 4160 ὸς
973 4093 1037 4148 adel
1053 4094 1084 4160 b,·
1101 4093 1172 4146 hro
1264 4093 1299 4148 22
1317 4087 1437 4148 acceditl

309 4185 343 4236 26
362 4187 473 4252 possent
491 4182 675 4238 Christiania
744 4184 777 4238 27
797 4184 984 4252 resistimusg
1048 4182 1083 4236 28
1101 4182 1134 4236 ia
1151 4195 1238 4250 more.
1260 4178 1294 4234 de
1312 4174 1435 4248 paralitico

310 4276 406 4325 sanato
423 4290 440 4342 9
494 4272 529 4324 29
549 4275 708 4326 cunctanter
727 4272 805 4327 codol.
819 4278 933 4340 praetor
952 4288 1015 4342 p.o;
1034 4273 1193 4324 cunctantes
1213 4286 1227 4337 ρ
1247 4267 1343 4323 Domb.
