3192 4959
347 415 397 468 De
426 413 602 468 ciuitate
630 412 692 466 dei
720 413 784 466 lib.
813 413 870 466 XX.
900 430 974 482 cap.
1006 415 1045 467 13.
1207 416 1271 478 459

121 608 232 682 tinere,
257 604 314 670 sed
336 603 577 687 superadditum
602 609 633 669 et
657 608 742 668 entra
762 604 999 686 conputandum
1019 625 1090 670 esse
1110 606 1270 670 credatur:

121 731 274 797 cogemur
305 710 396 774 lateri
428 714 555 776 sanctos
587 711 617 776 in
655 710 711 776 illa
742 711 962 793 persecutione
994 715 1179 796 regnaturos
1211 731 1272 776 non

121 839 192 884 esse
217 837 292 883 oum
315 816 458 892 Christ03
489 816 544 881 sed
569 816 639 900 quis
663 817 780 882 audeat
803 822 879 882 tunc
903 837 976 882 cum
1000 819 1055 884 illo
1079 838 1139 884 non
1163 839 1272 902 regna-

119 931 193 990 tura
216 945 276 991 sua
299 924 448 1005 membra,
478 923 600 1006 quando
626 926 654 988 ei
679 922 812 988 maxime
842 924 944 1008 adque
964 925 1138 990 fortissime
1163 927 1271 990 cohae-

90 1033 244 1110 srebnnt,
270 1036 302 1096 et
325 1050 388 1113 quo
410 1035 563 1114 tempore,
589 1035 706 1113 quanto
731 1031 791 1096 erit
810 1033 910 1096 acrior
928 1034 1054 1115 inpetus
1073 1032 1160 1108 belli,
1184 1035 1271 1097 tanto

118 1139 221 1202 maior
244 1137 345 1221 gloria
367 1157 428 1201 non
451 1137 592 1215 cedendi,
616 1140 705 1204 tanto
730 1137 858 1203 densior
881 1157 995 1203 corona
1018 1138 1183 1220 martyrii?
1207 1139 1273 1202 Ant

119 1245 147 1308 si
173 1247 305 1328 propter
331 1244 564 1322 tribulationes,
592 1264 671 1326 quas
699 1245 825 1327 passuri
850 1249 934 1323 sunt,
964 1265 1024 1310 non
1049 1245 1173 1310 dicendi
1198 1247 1273 1308 sunt

117 1351 298 1435 regnaturi:
332 1368 530 1432 consequens
563 1351 631 1428 erit,
665 1354 703 1415 ut
729 1351 825 1416 etiam
854 1352 1072 1434 superioribus
1101 1352 1213 1418 diebus
1239 1352 1271 1414 in

119 1457 241 1522 eisdem
269 1457 358 1521 mille
386 1457 487 1533 annis,
520 1457 713 1538 quicumque
742 1457 978 1523 tribulabantur
1010 1464 1203 1534 sanctorum,
1236 1477 1271 1522 eo

80 1564 188 1647 inipso
221 1566 365 1644 tempore
396 1561 613 1627 tribulationis
646 1581 723 1626 suae
757 1581 830 1628 cum
864 1562 990 1630 Christo
1028 1583 1089 1628 uon
1122 1582 1272 1647 regnasse

119 1671 281 1744 dicantur3
320 1687 356 1732 ao
393 1688 448 1750 per
479 1669 539 1732 hoo
572 1675 605 1732 et
636 1669 695 1744 illi,
733 1688 868 1750 quorum
902 1669 1023 1734 animas
1057 1672 1168 1734 auctor
1198 1669 1272 1733 libri

118 1777 215 1841 huius
243 1775 365 1841 uidisse
394 1775 569 1860 rescribit
596 1777 773 1841 occisorum
803 1780 931 1858 propter
952 1777 1172 1842 testimonium
1197 1777 1272 1842 Iesu

119 1889 151 1947 et
178 1884 309 1965 propter
335 1880 470 1946 uerbum
498 1881 568 1958 Dei,
596 1902 658 1946 non
686 1884 861 1967 regnabant
884 1903 956 1948 cum
981 1883 1119 1960 Christo,
1148 1882 1270 1965 quando

117 1989 322 2072 patiebantur
348 1987 613 2071 persecutionem,
642 1993 675 2053 et
696 1989 760 2072 ipsi
786 2008 919 2074 regnum
946 1989 1064 2054 Christi
1089 2008 1148 2053 non
1174 1993 1271 2069 erant,

79 2124 102 2163 rr
119 2115 199 2178 quos
225 2096 371 2160 Christus
397 2095 603 2160 excellentius
625 2096 820 2179 possidebat.
848 2095 1122 2161 Absurdissimum
1147 2095 1179 2159 id
1204 2097 1272 2178 qui·

119 2204 189 2268 dem
220 2206 253 2267 et
286 2203 370 2267 omni
397 2202 492 2267 modo
521 2203 742 2268 auersandum.
777 2202 840 2268 Sed
869 2206 952 2268 certe
976 2203 1098 2267 animae
1121 2201 1270 2266 uictrices

119 2308 426 2393 gloriosissimorum
458 2313 633 2392 martymm
666 2308 813 2374 omnibus
847 2309 1010 2374 doloribus
1043 2327 1079 2372 ao
1108 2307 1271 2372 laboribus

118 2415 279 2499 superatis
303 2415 405 2496 adque
429 2415 536 2490 finitis,
565 2419 796 2498 posteaquam
823 2415 971 2480 mortalia
993 2415 1135 2480 membra
1157 2431 1271 2497 posue-

117 2527 201 2599 runt,
221 2541 296 2586 oum
320 2520 444 2586 Christo
468 2522 579 2604 utique
597 2525 810 2604 regnauerunt
828 2525 861 2586 et
878 2523 1019 2604 regnant,
1045 2521 1144 2584 donec
1161 2520 1270 2584 finian-

78 2659 101 2698 so
118 2633 170 2692 tur
193 2627 283 2690 mille
307 2627 388 2702 anni,
413 2630 451 2691 ut
469 2631 582 2709 postea
599 2627 735 2710 receptis
755 2628 852 2691 etiam
872 2626 1054 2709 corporibus
1073 2625 1136 2688 iarn
1154 2626 1269 2690 inmor-

117 2733 236 2798 talibus
280 2736 420 2818 regnent.
461 2732 596 2797 Proinde
631 2733 734 2798 tribus
770 2733 836 2798 illis
874 2734 961 2796 annis
999 2732 1101 2816 adque
1138 2731 1268 2797 dimidio

118 2840 240 2904 animae
269 2840 447 2904 occisorum
474 2859 530 2922 pro
560 2840 628 2904 eius
656 2841 818 2924 martyrio,
847 2845 879 2904 et
910 2859 989 2923 quae
1018 2843 1110 2904 antea
1138 2838 1175 2902 de
1204 2859 1269 2903 cor·

117 2947 249 3029 poribus
283 2947 434 3028 exierunt,
468 2949 500 3010 et
532 2965 612 3028 quae
644 2946 714 3030 ipsa
742 2947 919 3010 nouissima
946 2945 1166 3028 persecutione
1195 2951 1271 3010 sunt

118 3053 269 3130 exiturae,
293 3053 472 3135 regnabunt
495 3071 567 3115 cum
591 3051 658 3131 illo,
683 3051 782 3118 donec
806 3052 934 3116 finiatur
953 3053 1086 3117 mortale
1106 3053 1268 3116 saeculum

76 3191 100 3230 a
117 3161 148 3222 et
175 3159 215 3222 ad
244 3158 327 3222 illud
353 3177 498 3242 regnum,
527 3157 583 3222 ubi
606 3177 690 3223 mors
714 3178 776 3222 non
801 3159 871 3232 erit,
901 3161 1088 3224 transeatur.
1113 3156 1269 3236 Quocirca

117 3285 189 3330 cum
219 3265 346 3331 Christo
374 3265 575 3349 regnantium
604 3267 784 3330 sanctorum
812 3267 920 3347 plures
953 3265 1024 3329 anni
1053 3269 1146 3330 erunt
1173 3285 1267 3347 quarn

116 3371 239 3436 uinculi
267 3370 385 3434 diaboli
413 3371 516 3452 adque
545 3370 720 3448 custodiae,
750 3372 826 3454 quia
854 3371 899 3436 illi
931 3391 1003 3436 cum
1029 3391 1086 3437 suo
1110 3391 1185 3455 rege
1209 3370 1268 3436 Dei

117 3478 182 3542 filio
215 3477 281 3540 iam
314 3477 440 3542 diabolo
474 3497 535 3541 non
568 3477 668 3561 ligato
702 3478 798 3542 etiam
831 3499 887 3562 per
914 3483 978 3543 tres
1007 3479 1081 3543 illos
1110 3498 1207 3543 annos
1232 3497 1268 3541 ac

117 3585 286 3648 semissem
303 3584 491 3667 regnabunt.
506 3583 661 3648 Remanet
676 3584 783 3669 igitur,
798 3589 846 3663 ut,
862 3605 934 3651 cum
950 3585 1114 3650 audimus:
1136 3583 1267 3649 Sacer·

205 3829 241 3882 29
259 3830 344 3898 Apoc.
363 3828 406 3891 20,
426 3828 442 3881 6
461 3844 501 3898 sq.

151 3954 168 4006 3
186 3952 408 4021 interpunctione
430 3958 540 4006 nrrctcta
562 3954 675 4021 empsit
699 3954 748 4007 sed
772 3953 832 4022 quis
858 3952 957 4006 audeat
980 3956 1026 4018 (sc.
1046 3952 1147 4016 lateri).
1167 3949 1268 4003 audeat

116 4041 158 4095 bc
164 4059 222 4110 91²3
241 4041 337 4096 audiat
356 4059 428 4110 αρα
446 4042 558 4108 Domb.;
577 4041 678 4096 audeat
696 4042 784 4096 dicere
805 4058 843 4096 eo
952 4042 967 4094 6
992 4057 1046 4094 non
1066 4039 1189 4108 cedendi]
1211 4055 1266 4092 cre·

116 4129 236 4200 dendip
303 4131 319 4182 7
340 4129 453 4184 cedendi
472 4147 486 4183 e
553 4133 569 4184 9
589 4131 792 4184 tribulabantur
811 4147 863 4199 ep‚·
881 4129 1085 4183 tribulabuntur
1104 4129 1162 4192 ub,·
1181 4127 1266 4180 tribu·

116 4219 296 4287 lanturppu
352 4219 385 4272 13
405 4223 433 4272 et
451 4235 502 4274 om.
519 4219 548 4288 9¹
601 4220 632 4274 16
653 4219 884 4273 aduersanduiuc
936 4220 967 4272 11
989 4219 1030 4287 ac]
1052 4234 1104 4286 ap
1153 4218 1186 4270 27
1206 4217 1265 4268 uiu-

117 4308 184 4360 11111
199 4326 235 4376 p,·
253 4307 364 4362 uincula
382 4309 398 4362 b
471 4313 499 4362 et
519 4312 586 4362 cust.
604 4325 621 4362 o
675 4310 710 4361 29
728 4309 839 4362 semisse
857 4325 874 4376 p
