3192 4959
372 457 438 519 652
719 455 744 507 S
773 453 930 506 Aurelii
958 451 1174 521 Augustini

372 647 509 712 diximus
537 648 679 713 futurum
708 665 834 730 eorpus,
863 647 890 711 si
914 647 1018 710 anima
1045 647 1138 711 beata
1159 666 1220 711 non
1245 647 1315 722 erit,
1343 647 1404 711 nisi
1425 667 1500 711 omne

374 773 490 835 corpus
515 754 668 837 effugerit.
695 753 756 818 Sed
780 753 842 817 iam
868 757 901 817 et
923 753 996 817 binc
1019 753 1049 816 in
1073 752 1153 817 libro
1171 758 1346 818 memorato
1366 758 1500 836 quantum
1559 828 1560 845 ἵ

373 861 514 943 oportuit
538 858 716 942 disputaui;
746 879 860 924 uerum
888 859 939 923 hic
963 878 1061 923 unum
1083 859 1158 922 inde
1180 862 1306 924 tanturn
1329 879 1500 926 commemo·
1559 892 1560 897 1

372 967 456 1032 rabo.
489 966 642 1030 Emendet
673 966 771 1030 libros
805 985 881 1031 suos
911 966 1046 1030 istorum
1080 966 1221 1030 omniurn
1249 967 1403 1050 magister
1427 968 1501 1030 Plato
1559 1040 1560 1055 ἶ

373 1077 406 1136 et
429 1071 514 1137 dicat
543 1091 652 1138 eorum
676 1072 762 1150 deos,
791 1075 828 1136 ut
850 1072 935 1137 beati
955 1073 1029 1150 sint,
1058 1092 1117 1144 sua
1139 1091 1271 1154 corpora
1292 1073 1457 1157 fugituros,
1476 1074 1501 1136 id
1521 1092 1530 1126 ³
1559 1064 1560 1115 1

373 1183 517 1244 estesse
541 1179 722 1256 morituros,
747 1198 827 1260 quos
850 1179 882 1242 in
907 1178 1097 1242 caelestibus
1117 1178 1302 1260 corporibus
1322 1178 1401 1243 dixit
1416 1181 1501 1242 inclu-

373 1303 442 1360 sos;
468 1285 583 1366 quibus
608 1290 713 1349 tamon
736 1285 834 1355 Deus,
864 1302 967 1366 aquo
991 1285 1066 1348 laeti
1091 1288 1176 1360 sunt,
1206 1303 1269 1366 quo
1294 1288 1425 1367 possent
1445 1303 1502 1348 esse

371 1391 486 1466 securi,
515 1373 784 1466 inmortalitatem,
814 1391 847 1455 id
876 1391 978 1454 estin
1008 1391 1127 1456 eisdem
1151 1391 1337 1472 corporibus
1361 1395 1501 1454 aeternam

372 1498 633 1580 permansionem,
658 1517 716 1562 non
743 1517 852 1568 eorum
877 1500 988 1560 natura
1011 1497 1042 1561 id
1063 1497 1208 1572 habente,
1233 1497 1290 1561 sed
1309 1517 1367 1560 1110
1387 1497 1503 1563 consilio

373 1605 584 1688 praeualente,
618 1605 773 1687 promisit.
807 1604 870 1669 Ubi
903 1606 999 1669 otiam
1031 1605 1111 1669 illud
1140 1605 1256 1669 euertit
1286 1603 1370 1686 quod
1400 1605 1534 1669 dienato

373 1713 521 1794 quoniam
546 1715 595 1775 est
618 1711 824 1793 inpossibilis
848 1711 919 1775 ideo
948 1711 1206 1775 resurrectionem
1237 1711 1339 1774 earnis
1364 1732 1424 1775 uon
1447 1731 1504 1774 esse

372 1819 568 1883 credendam.
606 1817 816 1900 Apertissims
849 1818 964 1901 quippe
995 1818 1084 1882 iuxta
1115 1819 1250 1882 eundem
1283 1818 1503 1900 philosophum.

372 1927 427 1989 ubi
456 1926 503 1990 dis
533 1945 550 1988 a
574 1945 607 1989 se
631 1925 724 1988 factis
753 1925 901 2006 promisit
923 1925 1010 1988 Deus
1033 1944 1094 1988 non
1118 1926 1223 1989 faetus
1245 1925 1504 1999 inmortalitatem,

372 2030 458 2113 quod
488 2030 675 2113 inpossibile
708 2035 757 2095 est
789 2049 823 2094 se
853 2030 931 2094 dixit
958 2050 1028 2094 esse
1056 2031 1226 2094 facturum.
1257 2030 1311 2096 Sic
1338 2031 1422 2094 enim
1444 2049 1505 2092 enm

371 2138 515 2202 locutum
542 2142 648 2202 narrat
670 2139 776 2202 Plato:
808 2137 976 2217 ‘Quoniam
1000 2137 1078 2202 estis
1103 2137 1174 2214 orti,
1198 2137 1312 2220 inquit,
1335 2136 1504 2202 inmortales
1519 2157 1535 2192 ιι

372 2265 443 2308 esse
472 2249 504 2309 et
529 2244 769 2310 indissolubiles
798 2265 859 2310 non
889 2244 1040 2328 potestis3
1070 2263 1131 2307 non
1159 2247 1265 2307 tamen
1298 2241 1505 2308 dissoluemini

374 2371 474 2433 neque
508 2371 565 2415 uos
600 2353 665 2415 ulla
696 2351 808 2415 mortis
842 2351 907 2415 fala
942 2351 1100 2433 periment
1131 2368 1187 2414 nec
1220 2351 1313 2414 erunt
1343 2349 1506 2413 ualentiora

372 2477 466 2539 quarn
497 2457 665 2522 consilium
693 2477 810 2528 meum.
839 2458 925 2539 quod
953 2459 1055 2522 ruaius
1079 2461 1128 2521 est
1156 2456 1322 2521 uinculum
1348 2456 1389 2520 ad
1411 2473 1505 2538 perpe
1559 2436 1560 2445 ἵ

372 2565 520 2629 tuitatem
553 2571 691 2629 uestram
727 2583 821 2647 quam
853 2565 910 2628 illa
937 2565 1054 2648 quibus
1083 2565 1161 2629 estis
1191 2563 1366 2646 conligati)
1399 2563 1434 2628 Si
1455 2581 1504 2624 ooo

373 2670 475 2735 solum
510 2670 649 2747 absurdi,
682 2670 737 2734 sed
771 2669 858 2734 surdi
891 2689 952 2735 non
985 2674 1060 2734 suut
1087 2670 1141 2751 qui
1169 2671 1247 2734 baec
1280 2669 1424 2747 audiunt⁴
1455 2687 1537 2732 noos

372 2778 482 2859 utiquo
507 2777 653 2841 dubitant
676 2777 724 2840 dis
749 2778 842 2841 factis
867 2778 904 2841 ab
928 2777 984 2842 illo
1007 2778 1074 2841 Deo
1096 2776 1149 2858 qui
1173 2795 1227 2841 cos
1246 2776 1324 2840 fecit
1341 2776 1504 2840 secundum

375 2886 535 2948 Platonem
570 2885 654 2966 quod
683 2889 731 2948 est
759 2885 945 2966 inpossibile
972 2884 1073 2948 fuisse
1099 2883 1305 2964 promissum.
1344 2881 1408 2962 Qui
1435 2881 1504 2944 enim

370 2989 464 3054 dicit:
498 2991 572 3055 ‘Vos
607 2990 732 3072 quidem
766 2991 950 3055 inmortales
983 3009 1053 3054 esse
1086 3009 1145 3054 non
1179 2989 1327 3071 potestis.
1361 2989 1419 3054 sed
1447 3004 1506 3050 mea
1559 3004 1560 3007 ¹

369 3095 535 3160 uoluntate
563 3097 747 3160 inmortales
776 3095 887 3169 eritis,’
915 3095 992 3177 quid
1019 3094 1106 3159 aliud
1134 3095 1215 3159 dicit
1240 3115 1335 3177 quarn
1365 3094 1409 3157 ‘id
1433 3091 1505 3174 quod

371 3201 436 3263 lieri
460 3220 519 3266 non
544 3206 649 3282 potest
672 3221 722 3265 me
748 3201 882 3265 faciente
906 3205 1011 3265 tamen
1036 3201 1158 3265 eritis'?
1186 3201 1246 3264 llle
1270 3200 1369 3283 igitur
1392 3217 1505 3263 carnem
1519 3220 1537 3259 o

369 3308 650 3390 incorruptibilem,
673 3309 885 3385 inmortalem,
911 3308 1086 3390 spiritalem
1111 3306 1327 3385 resuscitabit,
1351 3305 1409 3387 qui
1429 3305 1506 3368 iuxta

370 3414 533 3478 Platonem
559 3415 591 3478 id
615 3415 698 3496 quod
722 3414 909 3496 inpossibile
933 3417 983 3494 est
1010 3433 1044 3476 se
1071 3414 1231 3477 facturum
1260 3432 1330 3478 esso
1358 3410 1504 3495 promisit.

369 3519 452 3601 Quid
482 3521 595 3599 adhuc,
624 3522 708 3604 quod
732 3521 879 3603 promisit
902 3520 998 3593 Deus,
1024 3519 1108 3602 quod
1131 3519 1198 3583 Deo
1228 3519 1428 3604 promittenti
1450 3535 1505 3580 ore

368 3627 449 3692 didit
478 3629 624 3705 nrundus,
653 3629 708 3709 qui
736 3629 830 3692 etiarn
860 3628 928 3710 ipse
952 3627 1128 3709 promissus
1157 3633 1206 3690 est
1230 3625 1420 3693 crediturus.
1444 3643 1505 3686 esse

457 3913 473 3964 ‘2
494 3913 526 3968 cl.
546 3913 620 3979 Xlll,
641 3929 662 3965 c.
685 3913 716 3966 16
769 3914 801 3966 15
821 3912 858 3964 ib.
878 3929 903 3982 p.
924 3912 985 3978 635,
1004 3915 1021 3966 5
1040 3929 1099 3980 sqq.

405 4057 533 4125 l'corpus
553 4071 664 4108 ornneo
719 4051 890 4122 2elugierit,
911 4053 933 4105 ri
952 4071 985 4108 m.
1004 4058 1024 4106 2
1042 4069 1112 4106 exn
1131 4069 1244 4117 corr.,e
1308 4052 1502 4114 3111110111

365 4147 383 4198 6
404 4143 471 4198 dicit
490 4143 504 4196 b
577 4144 694 4197 inclusos
715 4143 903 4210 stepponem
922 4158 980 4195 esso
998 4142 1116 4195 inclusos
1136 4160 1149 4211 p
1167 4140 1288 4205 Domb„
1336 4143 1351 4194 ‘i
1370 4140 1502 4209 possintp

369 4269 400 4322 10
420 4269 519 4322 euertit
538 4267 640 4320 illudo
710 4244 936 4337 ll'iupossibilis.
955 4265 986 4318 in
1004 4282 1083 4334 ororp
1110 4241 1322 4334 impossibiles
1392 4268 1428 4318 ‘24
1447 4261 1501 4331 quii

365 4373 450 4424 usque
470 4357 508 4410 ad
527 4358 602 4410 oriris
623 4357 639 4410 l.
660 4359 700 4410 25
718 4375 768 4410 0111.
788 4373 805 4426 p
858 4356 893 4409 28
913 4355 984 4421 Quid
1005 4355 1092 4408 adhuc
1111 4371 1162 4409 cin.
1179 4372 1198 4422 9
