3192 4959
311 427 375 489 124
661 423 687 478 S.
716 423 873 478 Aurelii
900 423 1117 494 Augustini

310 619 411 700 adque
436 617 613 702 conscripta
637 622 720 696 sunt,
749 618 945 702 propheticis
969 621 1045 684 sunt
1067 617 1232 701 madidata
1255 619 1402 683 sensibus
1427 621 1458 682 et

310 725 417 789 uelata
440 724 645 808 tegminibus.

785 917 923 984 CAPUT
944 917 987 983 Π.

408 1058 514 1139 Quid
537 1059 575 1123 in
597 1058 708 1124 filiis
731 1059 813 1124 Noe
835 1059 1080 1144 prophetice
1103 1060 1234 1125 fuerit
1256 1079 1362 1144 prae·

768 1165 1006 1250 figuratum.
1486 1204 1498 1247 5

332 1305 420 1372 'Sed
451 1325 534 1371 nune
567 1325 670 1370 rerum
702 1305 817 1371 effectu
849 1305 972 1371 iamin
1001 1307 1138 1390 posteris
1167 1310 1349 1384 consecuto,
1378 1326 1461 1390 quae

313 1417 422 1496 operte
448 1412 583 1492 fuerant,
612 1412 690 1478 satis
719 1417 828 1495 aperta
855 1416 939 1478 sunt.
969 1411 1049 1492 Quis
1077 1415 1160 1478 enim
1188 1414 1267 1479 haee
1291 1413 1462 1498 diligenter

313 1523 346 1585 et
380 1519 601 1604 intellegenter
636 1519 806 1585 aduertens
842 1539 904 1585 non
942 1524 1093 1606 agnoscat
1129 1521 1160 1585 ln
1199 1520 1348 1587 Christo?
1385 1519 1461 1586 Sem
1577 1586 1578 1603 ,

313 1627 440 1711 quippe,
469 1626 508 1691 de
536 1626 627 1691 cuiue
657 1626 775 1691 semine
803 1625 835 1691 in
865 1645 956 1691 carne
983 1632 1078 1693 natue
1107 1630 1156 1693 est
1180 1627 1337 1706 Christus,
1366 1627 1463 1692 inter·

312 1735 455 1815 pretatur
486 1733 678 1797 nominatus,
716 1731 800 1812 Quid
833 1736 939 1797 autem
973 1733 1165 1798 nominatius
1198 1733 1336 1811 Christo,
1369 1733 1463 1798 cuius
1480 1757 1503 1797 ro

313 1858 426 1904 nomen
450 1839 568 1921 ubique
590 1839 654 1904 iem
678 1838 807 1923 fragrat,
833 1839 879 1903 ita
901 1843 938 1903 ut
955 1840 987 1903 in
1008 1840 1130 1906 cantico
1150 1841 1345 1906 canticorum
1365 1839 1463 1905 etiam
1578 1870 1580 1929 7

312 1945 384 2028 ipsa
415 1944 621 2029 praecedente
657 1945 825 2029 prophetia
861 1949 1022 2030 unguento
1060 1951 1248 2029 conparetur
1282 1947 1398 2022 eiius03
1431 1946 1462 2010 in
1578 1932 1579 2007 l

314 2050 406 2116 cuius
439 2051 596 2129 domibus,
632 2050 666 2115 id
698 2053 748 2116 est
779 2051 933 2132 ecclesiis,
972 2051 1096 2116 habitat
1127 2053 1270 2136 gentium
1302 2051 1464 2116 latitudo?
1578 2014 1579 2093 Ῐ

313 2158 395 2223 Nam
422 2157 556 2240 iapheth
584 2157 721 2222 latitudo
749 2157 982 2241 interpretatur.
1012 2158 1110 2224 Cham
1132 2177 1236 2243 porro,
1259 2157 1345 2242 quod
1368 2159 1465 2223 inter-

314 2267 456 2347 pretatur
486 2265 620 2342 calidus,
649 2265 773 2330 medius
801 2264 870 2329 Noe
894 2264 990 2344 filius,
1018 2270 1183 2349 tamquam
1206 2285 1241 2331 ee
1263 2266 1302 2330 ab
1326 2268 1465 2347 utroque
1484 2289 1507 2330 o

316 2371 495 2437 discernens
534 2374 566 2436 et
601 2371 685 2436 inter
722 2375 893 2454 utrumque
934 2391 1108 2450 remanens,
1150 2390 1207 2436 nec
1243 2371 1274 2436 in
1312 2371 1465 2455 primitiis

314 2477 530 2544 Israelitarum
558 2478 674 2544 necin
702 2477 900 2560 plenitudine
928 2479 1083 2562 gentium,
1112 2477 1188 2561 quid
1215 2477 1376 2563 significet
1403 2477 1466 2542 nisi

316 2585 543 2650 haeretieorum
569 2604 669 2670 genus
694 2585 843 2660 calidum,
868 2605 929 2649 non
953 2585 1069 2667 spiritu
1093 2585 1277 2667 sapientiae,
1302 2585 1361 2650 sed
1379 2584 1467 2666 inpa—

316 2691 457 2770 tientiae,
482 2711 544 2774 quo
569 2693 674 2756 solent
696 2691 927 2756 haereticorum
950 2691 1073 2756 feruere
1096 2690 1280 2775 praecordia
1302 2693 1336 2754 et
1352 2709 1467 2774 pacem

218 2783 222 2790 ¹
315 2798 499 2881 perturbare
520 2801 723 2864 sanctorum?
744 2797 807 2863 Sed
821 2799 899 2862 haec
918 2799 950 2862 in
970 2817 1064 2863 usum
1084 2797 1202 2862 cedunt
1219 2795 1467 2882 proficientium,
1484 2824 1511 2864 re

317 2905 406 2969 iuxta
433 2904 515 2969 illud
538 2904 691 2988 apostoli:
722 2903 895 2986 Oportet
918 2909 956 2969 et
978 2905 1170 2969 haereses
1195 2921 1293 2980 esee,
1316 2906 1362 2968 ut
1383 2922 1469 2986 pro-

317 3011 405 3076 bati
438 3011 652 3077 manifesti
690 3011 796 3075 fiant
834 3011 871 3076 in
904 3011 1033 3078 nobie.
1067 3011 1157 3077 Unde
1186 3011 1284 3075 etiam
1311 3009 1470 3092 scriptum

318 3121 384 3184 est:
403 3117 540 3183 Filius
561 3117 749 3183 eruditus
770 3118 934 3199 sapiens
954 3118 1043 3196 erit,
1063 3117 1311 3201 inprudente
1331 3119 1468 3181 eutem

318 3224 509 3289 ministro
538 3227 689 3289 utetur.
718 3223 823 3288 Multa
851 3224 968 3307 quippe
997 3223 1036 3289 ed
1064 3223 1158 3289 fidem
1183 3221 1376 3288 catholicam
1398 3241 1471 3305 per-

318 3331 461 3406 tinentia,
498 3329 574 3394 dum
611 3330 842 3395 haereticorum
875 3330 978 3394 calida
1008 3329 1226 3412 inquietudine
1260 3330 1470 3413 exagitantur,
1487 3357 1513 3398 aa

322 3507 325 3512 ’
410 3538 442 3592 12
463 3535 540 3592 cunr.
562 3537 622 3606 1,2
676 3536 709 3592 21
732 3538 755 3591 1.
776 3537 836 3592 σοι.
857 3537 900 3600 ιι,
920 3537 954 3592 19
1008 3535 1243 3600 acroama

357 3715 369 3768 l
390 3715 419 3768 in
438 3713 598 3784 eeneibuep
648 3715 664 3768 2
684 3713 806 3767 rauelota
817 3692 998 3782 tegminibus,
1017 3712 1050 3766 ira
1067 3729 1153 3783 marc.
1174 3713 1209 3768 nl.
1228 3713 1258 3767 in
1276 3711 1437 3776 uisceribus,
1447 3729 1472 3781 p

319 3808 336 3857 4
354 3805 499 3874 figuratum
517 3806 556 3875 sp
606 3804 620 3856 7
642 3802 751 3857 inerant
773 3803 913 3871 prro,·
931 3801 1042 3855 fuerunt
1061 3817 1103 3856 ae
1109 3809 1189 3872 perf
1196 3822 1211 3874 ρ
1261 3802 1278 3857 8
1297 3805 1326 3856 ct
1342 3800 1472 3871 intelleg.

320 3909 371 3948 om.
391 3892 416 3946 e¹
481 3895 560 3946 9est
579 3909 664 3946 ocae
733 3893 763 3945 ll
785 3890 896 3961 ubique,
915 3907 967 3960 qne
985 3907 1019 3945 m.
1039 3895 1059 3944 2
1076 3907 1137 3960 cup.
1157 3892 1240 3946 lime
1310 3889 1414 3961 fraglat
1437 3889 1473 3954 V,

320 3983 351 4034 in
370 3997 455 4050 marc.
475 3998 503 4047 e,·
519 3981 618 4050 flagrat
637 3997 702 4050 epp
775 3980 804 4032 in
823 3979 973 4048 centiciep
1029 3982 1062 4033 12
1078 3977 1260 4050 praecedente
1278 3977 1373 4046 codd,
1389 3993 1473 4047 prae·

320 4071 460 4124 cluenteo
530 4073 650 4138 ungento
675 4069 701 4121 V
772 4069 804 4122 13
825 4069 923 4138 quoius
945 4067 973 4122 V
1041 4067 1228 4132 domiuibnee
1299 4068 1333 4122 15
1352 4065 1474 4121 eallidm

322 4158 614 4228 cooperculum
635 4159 674 4217 25
726 4157 759 4211 16
777 4157 872 4226 primia
895 4157 922 4211 V
966 4157 998 4210 17
1017 4156 1149 4210 israhelit.
1174 4155 1328 4226 Vabepp
1383 4155 1474 4225 tigni-

321 4247 451 4318 ficaturp
542 4249 574 4300 19
593 4245 739 4316 primordio
758 4245 836 4300 codd.
928 4247 960 4298 21
983 4247 1011 4298 et
1029 4262 1079 4300 om.
1097 4261 1142 4314 pp
1232 4247 1268 4300 23
1287 4241 1474 4315 inpmtcosc

322 4337 356 4388 24
376 4337 476 4406 quippe
494 4333 654 4405 ecquidem
674 4351 753 4399 corr,
778 4332 805 4386 V
