3192 4959
669 408 695 462 S.
724 407 881 461 Aurelii
907 407 1124 477 Augustini

760 604 922 669 LIBER
943 604 1042 669 XVII.

809 866 947 933 CAPUT
969 868 995 931 Ι.

593 1009 645 1073 De
669 1009 906 1093 temporibus
930 1009 1210 1092 prophetarum.

372 1150 605 1216 Promissiones
645 1150 715 1224 Dei,
756 1171 836 1233 quac
868 1150 970 1215 factae
1004 1155 1079 1216 sunt
1111 1151 1150 1215 ad
1181 1152 1352 1231 Abraham,
1385 1151 1498 1215 cuiuss

253 1294 260 1305 ·
330 1256 443 1321 semini
476 1260 508 1321 et
540 1259 666 1339 gentem
698 1257 908 1322 israeliticam
941 1257 1117 1331 secundum
1151 1278 1274 1322 caruem
1306 1262 1338 1323 et
1368 1275 1465 1321 omues

329 1366 440 1447 gentes
465 1364 572 1427 deberi
596 1363 770 1427 secundum
790 1364 885 1427 fidem
904 1363 971 1428 Deo
991 1364 1162 1447 pollicente
1182 1364 1363 1441 didicimus,
1383 1382 1464 1445 quem

330 1470 369 1533 ad
401 1469 530 1534 modum
562 1469 778 1551 conpleantur.
817 1489 871 1552 per
904 1471 1044 1535 ordinem
1078 1476 1257 1559 temporum
1289 1488 1466 1553 procurrens

329 1576 389 1640 Dei
422 1577 537 1640 ciuitas
569 1576 732 1641 indicabit.
766 1575 923 1655 Quoniam
957 1597 1032 1663 crgo
1066 1578 1237 1661 superioris
1269 1578 1343 1642 libri
1375 1596 1467 1659 usque

330 1684 370 1747 ad
401 1704 533 1767 regnum
566 1683 672 1748 Dauid
703 1684 807 1749 factus
842 1686 892 1747 est
923 1684 1005 1761 finis,
1039 1704 1120 1749 nunc
1154 1684 1192 1748 ab
1227 1684 1337 1749 eodem
1370 1703 1502 1767 regnan

331 1796 483 1875 quantum
508 1796 657 1875 suscepto
682 1793 770 1874 operi
793 1792 939 1857 sufficere
963 1792 1101 1870 uidetur,
1122 1796 1224 1856 cetera
1243 1811 1323 1873 quae
1343 1811 1468 1873 sequuu·
1559 1820 1564 1870 p

328 1903 382 1963 tur
410 1898 615 1982 adtingimus.
644 1898 714 1963 Hoc
741 1899 851 1979 itaque
878 1904 1016 1981 tempus,
1046 1919 1082 1963 er
1111 1918 1172 1981 qno
1197 1903 1325 1963 sanctus
1350 1898 1469 1963 Samuel
1559 1880 1564 1971 l

329 2006 516 2089 prophetare
540 2007 653 2086 coepit.
679 2008 712 2069 et
735 2004 893 2087 deinceps,
924 2004 1022 2069 donec
1046 2008 1184 2088 populus
1207 2006 1307 2069 Israel
1331 2008 1468 2086 captiuus
1562 1988 1565 2053 l

330 2114 362 2175 iu
385 2112 594 2194 Babyloniam
623 2113 791 2176 duceretur
819 2112 921 2193 adque
948 2112 1021 2176 iudo
1046 2112 1220 2177 secundum
1244 2112 1346 2176 sancti
1369 2112 1469 2176 Hiere-

329 2220 413 2282 miae
444 2219 641 2301 prophetiam
675 2223 748 2301 post
784 2218 989 2301 septuaginta
1022 2238 1118 2284 annos
1153 2219 1289 2283 reuersis
1323 2218 1469 2283 Israelitis
1486 2236 1505 2273 s

330 2325 390 2389 Dei
423 2325 537 2389 domus
574 2326 815 2403 instauraretur,
853 2328 957 2389 totum
996 2328 1123 2407 tempus
1157 2328 1206 2389 cst
1241 2326 1470 2408 prophetarum.

331 2430 485 2511 Quamuis
519 2433 601 2496 enirn
635 2436 667 2495 et
698 2432 806 2514 ipsum
833 2430 900 2496 Noe
928 2432 1151 2515 patriarcham,
1183 2432 1214 2495 in
1246 2432 1338 2497 cuius
1366 2432 1470 2496 diebus
1564 2454 1565 2463 ¹

330 2540 480 2605 uniuersa
503 2540 625 2605 diluuio
649 2544 733 2603 terra
756 2538 859 2602 diluta
883 2542 941 2617 est,
963 2542 994 2601 et
1013 2539 1093 2604 alios
1114 2558 1209 2621 supra
1228 2543 1259 2602 et
1278 2540 1359 2603 infra
1377 2556 1472 2619 usque

331 2647 372 2710 ad
404 2648 464 2711 hoc
497 2650 635 2729 tempus
669 2666 731 2729 quo
764 2665 856 2729 reges
888 2646 920 2709 in
953 2646 1012 2709 Dei
1044 2646 1162 2729 populo
1196 2666 1266 2709 esse
1300 2647 1473 2729 coepemnt

330 2758 459 2834 propter
483 2754 637 2835 quaedam
659 2772 716 2834 per
739 2772 794 2817 eos
818 2752 926 2815 sutura
949 2753 1018 2816 siue
1043 2753 1283 2835 quoquomodo
1303 2750 1508 2835 significatas
1565 2824 1566 2845 Χ

331 2860 401 2923 siue
428 2860 600 2942 praedicta,
629 2878 709 2942 quae
732 2860 924 2941 pertinerent
951 2858 989 2922 ad
1014 2859 1177 2923 ciuitatem
1200 2859 1261 2922 Dei
1284 2874 1473 2941 regnumque

331 2969 503 3044 caelorum,
531 2986 591 3031 nou
620 2966 767 3030 inmerito
795 2984 968 3047 possumus
998 2965 1155 3047 appellare
1182 2966 1363 3048 prophotas¹
1391 2982 1473 3045 prae·

332 3074 442 3138 sertim
476 3074 550 3155 quia
581 3074 750 3137 nonnullos
782 3092 890 3135 eorum
923 3072 956 3135 id
986 3072 1165 3155 expressius
1197 3072 1335 3155 legimus
1361 3088 1474 3134 nuncu·

333 3186 436 3266 patos,
474 3181 558 3243 sicut
589 3178 759 3255 Abraham,
797 3178 883 3242 sicut
918 3178 1065 3261 Moysen:
1103 3182 1206 3241 tamen
1242 3177 1310 3241 dics
1347 3176 1473 3258 prophe·

331 3292 435 3353 tarum
468 3286 636 3369 praecipue
669 3286 867 3367 maximeque
905 3284 937 3347 hi
971 3285 1048 3349 dicti
1081 3293 1165 3363 suut,
1203 3304 1239 3348 er
1277 3303 1338 3366 quo
1376 3281 1512 3365 coepitis

336 3394 523 3478 prophetare
562 3392 700 3469 Samuel,
738 3394 792 3473 qui
831 3396 863 3456 et
895 3390 1024 3457 Saulem
1061 3392 1149 3473 prius
1182 3395 1213 3455 et
1245 3410 1281 3456 eo
1314 3388 1472 3473 reprobato

332 3503 438 3585 ipsum
475 3500 580 3565 Dauid
618 3500 684 3564 Deo
720 3498 933 3583 praecipiente
970 3498 1060 3561 unxit
1095 3499 1126 3562 in
1164 3517 1282 3582 regem,
1315 3497 1353 3561 dc
1387 3494 1473 3560 cuius

423 3746 456 3798 14
474 3744 592 3797 Hieram.
612 3745 656 3807 25,
678 3743 708 3795 11
765 3744 801 3796 24
821 3741 887 3798 Gen.
907 3742 950 3804 20,
971 3744 985 3795 7
1059 3742 1140 3794 Dent.
1161 3741 1204 3802 34,
1227 3740 1259 3794 10

369 3888 384 3939 'l
405 3885 497 3939 deberi
515 3902 544 3938 se
563 3902 577 3938 e
613 3886 630 3938 9
648 3883 782 3939 iudicabit
802 3882 880 3953 b²po
899 3884 1013 3950 Donab.;
1030 3880 1165 3936 indicauit
1184 3881 1239 3935 ob¹
1251 3898 1321 3949 epa
1359 3882 1392 3934 14
1404 3879 1471 3933 Iere-

334 3976 440 4029 mineo
514 3974 546 4027 18
565 3977 638 4026 terra
656 3972 758 4025 diluuio
779 3989 823 4027 aa
901 3972 987 4025 diluta
1006 3970 1083 4041 ep²a
1096 3976 1130 4037 ,ἒς
1149 3970 1243 4024 deluto
1258 3968 1337 4040 9¹p²,·
1357 3969 1419 4023 data
1436 3965 1474 4038 ρ’,-

334 4064 425 4118 deleta
444 4063 540 4126 ahin
553 4080 642 4131 marg.
660 4079 734 4131 apa
752 4062 852 4116 Doni-h.
918 4062 950 4113 19
969 4061 997 4113 in
1017 4076 1101 4117 orne
1167 4059 1202 4113 20
1221 4076 1268 4129 pro
1289 4074 1354 4113 coe
1424 4072 1471 4126 quo

334 4189 447 4243 modoe
500 4189 533 4240 21
548 4164 719 4256 praedicata,
738 4187 769 4239 in
787 4161 1074 4256 mompsuestiae
1127 4184 1161 4237 22
1180 4200 1324 4253 possumus
1344 4182 1472 4252 ah¹ppo

333 4314 447 4380 Domb.;
464 4312 598 4383 possimus
617 4309 718 4381 h²epo
763 4312 797 4364 25
816 4310 855 4364 hii
872 4328 904 4380 95
923 4286 969 4373 liii,
988 4311 1020 4363 in
1037 4326 1122 4378 moro.
1141 4288 1214 4371 'hae
1258 4308 1293 4363 26
1312 4304 1471 4361 samuehele
