3192 4959
351 475 403 528 ne
432 433 604 526 castrato
633 471 694 525 uer
721 470 786 524 nt.
812 469 868 523 xv.
897 487 972 540 cap.
997 469 1039 522 na.
1065 469 1106 523 14.
1254 471 1294 533 87

152 671 177 735 si
205 670 336 752 antiquo
365 687 453 734 more
481 669 542 732 hoo
569 686 682 731 nomen
713 666 846 750 aceepit,
875 669 931 730 aut
957 684 1017 729 non
1042 664 1138 728 habet
1160 678 1295 734 menses,

151 783 206 840 aut
236 775 356 840 mensis
389 776 457 840 eius
491 777 541 839 est
571 775 723 851 triduum,
756 777 794 836 ut
822 773 938 837 habeat
964 771 1132 836 duodecim
1160 786 1295 834 menses.

151 883 219 963 Quo
252 883 347 946 modo
380 882 480 966 igitur
512 881 564 945 hio
596 879 718 946 dictum
752 883 819 944 est:
849 878 1157 944 Sescentensimo
1186 893 1295 951 anno,

151 989 320 1054 secundi
350 989 511 1066 mensis,
542 988 717 1069 septima
741 990 779 1051 et
802 987 1027 1051 uicensima
1051 984 1211 1060 mensis,
1234 983 1297 1046 nisi

123 1098 225 1179 aquia
247 1098 341 1174 tales,
366 1096 476 1179 quales
500 1114 581 1159 nuno
606 1097 690 1171 sunt,
715 1094 812 1158 etiam
835 1097 912 1157 tuno
936 1097 1024 1156 erant
1046 1094 1192 1156 menses?
1215 1088 1297 1154 Nam

152 1221 212 1284 quo
246 1206 339 1285 paeto
374 1203 466 1266 aliter
496 1201 672 1266 uicensimo
706 1205 738 1266 et
770 1201 906 1284 septimo
939 1200 990 1264 die
1019 1198 1150 1265 secundi
1179 1197 1296 1262 mensis

151 1311 309 1374 diceretur
336 1312 483 1390 coeptum
513 1327 583 1372 esse
613 1306 792 1372 diluuium?
820 1306 942 1370 Deinde
970 1310 1082 1388 postea
1108 1305 1139 1368 in
1167 1304 1229 1368 fine
1252 1303 1297 1366 di-

150 1417 229 1480 luuii
254 1416 301 1480 ita
324 1415 455 1499 legitur:
480 1415 528 1479 Et
556 1413 666 1479 sedit
693 1433 784 1478 area
808 1415 845 1477 in
869 1432 1003 1478 mense
1034 1413 1218 1495 septimo,
1244 1428 1297 1474 se-

151 1524 278 1605 ptima
308 1525 347 1586 et
374 1521 602 1585 uicensima
631 1520 792 1597 mensis,
817 1539 939 1602 super
962 1521 1118 1584 montes
1142 1519 1295 1581 Ararat.

112 1653 135 1690 ro
151 1631 262 1710 Aqua
285 1631 414 1692 autem
434 1627 695 1692 minuebatur
713 1646 841 1708 usque
861 1627 906 1690 ad
927 1625 1179 1690 undecimum
1199 1642 1297 1686 men·

152 1755 247 1810 sem3
277 1736 317 1798 in
344 1733 555 1798 undecimo
585 1738 716 1798 autem
745 1751 879 1797 mense
907 1733 1034 1815 prima
1058 1732 1121 1795 die
1145 1730 1296 1796 mensis

150 1844 375 1926 paruerunt
398 1841 534 1922 capita
556 1840 763 1904 montium.
784 1840 818 1905 Si
837 1841 936 1924 igitur
953 1842 1034 1904 tales
1054 1858 1178 1903 menses
1198 1841 1296 1906 erant.

150 1951 228 2015 tales
258 1950 403 2032 profecto
432 1953 463 2012 et
491 1949 563 2012 anni
591 1949 688 2025 erant,
723 1948 833 2029 quales
862 1966 944 2011 nuno
972 1947 1136 2010 habemus.
1169 1944 1296 2007 Menses

151 2056 269 2137 quippe
296 2054 346 2117 illi
373 2053 510 2118 triduani
539 2053 654 2137 uiginti
683 2057 715 2118 et
743 2057 866 2137 septem
896 2051 963 2117 dies
987 2053 1102 2116 habere
1125 2070 1186 2115 non
1209 2053 1297 2133 pote·

114 2187 134 2224 n
150 2165 228 2224 rant.
252 2163 320 2224 Aut
343 2160 370 2224 si
394 2179 466 2241 pars
491 2159 672 2223 tricensima
695 2161 792 2224 tridui
816 2164 892 2224 tuno
916 2157 1298 2243 appellabatu1·dies,ut

150 2267 254 2331 omnia
277 2267 480 2349 proportione
503 2266 697 2330 minuantur:
723 2286 797 2351 ergo
822 2285 878 2330 neo
901 2270 970 2330 toto
995 2265 1170 2347 quadriduo
1188 2267 1296 2329 nostro

150 2373 268 2438 fartum
297 2377 348 2436 est
373 2370 455 2436 illud
482 2374 549 2435 tam
573 2372 689 2456 grando
714 2374 882 2448 diluuium,
908 2373 992 2455 quod
1017 2375 1211 2436 memoratur
1233 2371 1297 2435 fac-

152 2493 215 2544 tum
240 2478 451 2562 quadraginta
474 2479 586 2542 diebus
611 2483 644 2543 et
670 2481 829 2544 noctibus.
859 2478 937 2557 Quis
962 2481 1041 2542 hano
1066 2477 1296 2542 absurditatem

153 2589 181 2650 et
203 2586 377 2650 uanitatem
402 2587 503 2649 ierat?
529 2586 662 2650 Proinde
686 2590 889 2650 remoueatur
907 2586 958 2649 hio
983 2604 1076 2661 error,
1102 2585 1156 2666 qui
1176 2584 1296 2647 coniec-

112 2719 137 2758 ιο
153 2699 219 2756 tura
250 2692 332 2756 falsa
363 2691 409 2755 ita
436 2692 510 2755 uult
537 2692 698 2760 adstruere
728 2693 955 2775 seripturarum
984 2697 1163 2757 nostrarum
1191 2691 1296 2766 tidem,

154 2803 188 2863 ut
208 2799 285 2862 alibi
310 2799 465 2863 destruat.
489 2798 623 2864 Prorsus
644 2802 750 2864 tantus
772 2801 865 2864 etiam
885 2803 962 2864 tuno
982 2800 1048 2864 dies
1068 2800 1138 2876 fnit,
1159 2803 1295 2881 quantus

157 2909 184 2969 et
212 2925 295 2970 nuno
330 2909 389 2982 est,
424 2925 516 2989 quem
550 2906 666 2990 uiginti
698 2909 848 2988 quattuor
874 2906 970 2971 horae
999 2907 1110 2970 diurno
1141 2906 1296 2970 curriculo

156 3015 368 3094 nocturnoque
405 3013 627 3084 determinant:
666 3017 773 3078 tantus
812 3013 941 3085 mensis,
979 3016 1116 3096 quantus
1151 3016 1183 3076 et
1213 3031 1297 3075 nortio

156 3121 209 3196 est,
232 3139 327 3202 quem
347 3120 425 3184 luna
443 3124 553 3201 coepta
578 3125 610 3184 et
633 3119 722 3184 finita
741 3119 916 3195 oonoludit;
937 3123 1044 3184 tantus
1064 3139 1175 3195 annus,
1201 3139 1296 3201 quan·

112 3249 137 3287 a
156 3229 204 3288 tus
223 3229 254 3290 et
272 3245 356 3291 nune
376 3229 434 3303 est,
456 3245 548 3308 quem
569 3226 735 3292 duodecim
755 3246 881 3291 menses
900 3228 1023 3291 lunares
1039 3227 1155 3291 additis
1169 3230 1298 3309 propter

156 3349 279 3395 cursum
313 3331 449 3398 solarem
484 3333 623 3415 quinque
657 3333 767 3398 diebrrs
802 3337 834 3397 et
865 3333 1037 3416 quadrante
1066 3336 1296 3409 consummant,

156 3440 258 3518 quanti
292 3440 365 3503 anni
398 3439 638 3504 sescentensimi
670 3441 756 3504 uitae
786 3441 855 3504 Noe
888 3439 1046 3505 secundus
1081 3443 1146 3502 erat
1177 3439 1296 3502 mensis

156 3542 281 3626 eiusque
311 3545 429 3609 mensis
457 3545 653 3610 uicensimus
682 3549 714 3610 et
743 3546 899 3627 septimus
928 3545 1006 3622 dies,
1039 3545 1162 3627 quando
1192 3545 1297 3625 coepit

156 3667 222 3714 esse
250 3652 419 3728 diluuium,
449 3653 479 3715 in
509 3672 570 3734 qno
601 3653 668 3718 dies
698 3653 904 3737 quadraginta
929 3653 1130 3718 continuatae
1154 3653 1297 3734 ingentes

241 3876 483 3946 8Gen.‚.84sq

192 3998 347 4055 3hinoab
451 4000 635 4054 tuieensima
659 4001 784 4070 vappa
794 4007 829 4069 f
848 4018 978 4055 uicesima
997 4001 1093 4070 (urge
1115 4007 1143 4067 a)
1165 4000 1296 4054 diendo

155 4113 296 4182 dpqcoqto
318 4115 345 4170 V
415 4116 579 4170 9nioesima
599 4115 642 4170 die
662 4117 733 4170 ato
823 4121 943 4180 montem
963 4121 1099 4180 sararate
1179 4118 1211 4169 16
1231 4132 1295 4183 ergo

155 4218 244 4255 onae
347 4205 496 4274 quadriduo
521 4205 607 4274 Vb¹p
626 4205 742 4271 Dorabq
761 4207 905 4275 quatriduo
926 4205 1030 4260 ab²eo
1138 4207 1173 4258 22
1196 4204 1296 4272 uiginti

155 4294 281 4359 quattuor
301 4295 389 4364 Vep3
405 4296 461 4364 nig.
482 4299 510 4348 et
529 4301 615 4364 quatt.
637 4297 706 4351 obv
724 4295 824 4350 Domb.
874 4297 907 4349 23
928 4295 1092 4349 determinat
1115 4295 1149 4344 V¹
1199 4295 1233 4347 26
1253 4311 1297 4347 so·

154 4379 190 4431 lis
211 4395 225 4447 ρ
274 4383 304 4436 29
323 4382 454 4453 quadrag.
473 4399 524 4437 om.
550 4383 579 4447 V,
598 4385 630 4437 iu
649 4401 734 4453 marq.
754 4401 787 4436 m.
809 4384 893 4436 ΗΕ
