3192 4959
366 438 416 490 lle
444 438 619 490 ciuitate
647 437 707 491 dei
736 438 802 491 lib.
831 439 916 492 XXII.
946 457 1021 509 cap.
1053 441 1075 495 l.
1103 441 1128 494 2.
1251 445 1315 508 583

167 632 266 696 cando
292 651 328 696 ea
352 633 413 696 sibi
436 633 508 716 ipsa
530 635 675 711 fecisset;
700 654 762 717 quo
788 635 884 699 etiam
908 643 1040 716 peccato
1066 656 1122 700 suo
1143 639 1225 700 teste
1246 655 1315 701 con-

167 739 308 802 uincitur
331 739 444 803 bonam
469 740 627 805 conditam
648 761 682 805 se
702 761 772 806 esse
791 746 947 805 naturam.
971 743 1042 806 Nisi
1062 743 1145 806 enim
1165 763 1315 828 magnum

167 848 200 908 et
232 845 313 928 ipsa,
341 845 418 910 lieet
445 866 505 910 nou
537 849 669 930 aequale
699 848 872 922 conditori,
901 849 1018 913 bonum
1051 853 1146 926 esset,
1175 849 1314 932 prolecto

167 953 305 1017 desertio
326 953 384 1017 Dei
403 957 567 1036 tamquam
586 955 716 1019 luminis
736 955 785 1019 sui
806 957 926 1020 malum
946 956 1014 1019 eius
1035 975 1105 1020 esse
1119 975 1180 1020 non
1196 959 1315 1037 posset.

135 1058 250 1124 aNam
278 1060 364 1124 sicut
391 1061 529 1125 caecitas
559 1062 643 1126 oculi
670 1062 787 1125 uitium
817 1066 867 1126 est
895 1067 927 1126 et
953 1063 1037 1126 idem
1066 1064 1173 1144 ipsum
1197 1061 1316 1125 indicat

167 1167 206 1229 nd
235 1168 342 1231 lumen
371 1167 544 1231 uidendum
573 1187 644 1232 esse
673 1170 802 1232 oculum
834 1172 975 1233 creatum
999 1189 1035 1232 ac
1057 1189 1113 1252 per
1136 1169 1196 1233 boc
1220 1169 1314 1232 etiam

166 1273 237 1354 ipso
266 1273 347 1337 uitio
377 1293 436 1338 suo
465 1274 671 1338 excellentius
701 1275 881 1339 ostenditur
909 1276 1022 1340 ceteris
1046 1275 1196 1339 membris
1219 1293 1316 1338 mem-

166 1383 260 1446 brum
289 1399 386 1464 capax
413 1381 544 1446 luminis
568 1382 641 1462 (uon
671 1382 752 1446 enim
782 1383 844 1446 alia
873 1402 969 1448 causa
997 1386 1082 1446 esset
1107 1381 1220 1445 uitium
1247 1381 1315 1444 eius

167 1506 272 1551 carere
301 1487 448 1572 lumina:
484 1487 528 1551 ita
558 1493 678 1564 natura,
703 1509 784 1571 quae
813 1489 977 1553 fruebatur
1000 1490 1077 1566 Deo,
1103 1489 1255 1571 optimam
1281 1505 1314 1549 se

122 1613 147 1652 10
164 1594 349 1658 institutam
379 1594 471 1657 docet
499 1595 595 1658 etiam
624 1596 694 1677 ipso
723 1596 814 1672 uitio,
840 1616 901 1677 quo
930 1596 1001 1660 ideo
1029 1596 1145 1660 misera
1169 1597 1218 1658 est
1242 1593 1315 1674 quia

165 1719 226 1764 nou
256 1701 374 1765 fruitur
400 1701 482 1769 Deo:
517 1701 572 1782 qui
600 1721 709 1765 casum
744 1703 928 1785 angelorum
962 1703 1177 1767 uoluntarium
1206 1700 1314 1764 iustis·

166 1807 249 1870 sima
279 1826 381 1890 poena
413 1808 623 1890 sempiternae
656 1810 854 1874 infelicitatis
888 1809 1055 1874 obstrinxit
1084 1809 1185 1891 adque
1214 1808 1245 1871 in
1277 1825 1313 1870 eo

167 1932 293 1978 summo
321 1913 404 1978 bono
433 1915 691 1996 permanentibus
720 1916 843 1990 ceteris,
868 1919 905 1980 ut
929 1915 966 1979 de
991 1935 1049 1980 sua
1073 1915 1140 1980 sine
1163 1914 1223 1978 fine
1248 1931 1314 1994 per-

166 2021 330 2084 mansione
363 2021 441 2084 oerti
474 2025 591 2097 esseut,
624 2026 787 2104 tamquam
825 2023 927 2104 ipsius
965 2023 1139 2104 praemium
1174 2039 1315 2104 perman·

121 2129 265 2192 usionis
300 2128 396 2192 dedit.
431 2126 493 2205 Qui
525 2128 602 2193 fecit
634 2129 793 2193 hominem
828 2131 923 2194 etiam
956 2130 1062 2212 ipsum
1090 2133 1212 2192 rectum
1242 2147 1313 2191 oum

166 2234 276 2298 eodem
309 2234 409 2299 libero
443 2235 583 2311 arbitrio,
616 2239 774 2300 terrenum
810 2236 937 2318 quidem
972 2236 1097 2310 animal,
1132 2235 1187 2298 sed
1226 2234 1313 2298 eaelo

167 2342 310 2424 dignum,
335 2342 363 2404 si
391 2361 449 2406 suo
479 2342 660 2406 cohaereret
688 2344 820 2420 auctori,
845 2342 973 2406 miseria
1002 2343 1158 2418 similiter,
1185 2341 1211 2404 si
1241 2360 1312 2404 eum

165 2449 335 2524 desereret,
368 2453 526 2523 secutura,
560 2449 664 2531 qualis
700 2453 831 2512 naturae
867 2449 963 2513 huius
1001 2449 1086 2512 modi
1124 2447 1313 2512 conueniret.

165 2549 268 2630 Quem
293 2553 442 2617 similiter
465 2573 537 2618 oum
561 2556 831 2637 praeuaricatione
856 2555 936 2638 legis
961 2555 1020 2619 Dei
1044 2575 1100 2637 per
1123 2555 1182 2618 Dei
1211 2555 1313 2618 deser-

120 2683 146 2721 ao
164 2659 285 2722 tionem
308 2663 514 2740 peccaturum
539 2681 608 2726 esse
632 2662 814 2745 praesciret,
834 2681 891 2726 uec
914 2662 963 2725 1111
986 2661 1105 2725 ademit
1123 2660 1214 2724 liberi
1235 2659 1313 2723 arbi-

164 2766 217 2829 trii
250 2768 452 2846 potestatem,
482 2766 579 2830 simul
613 2767 812 2850 praeuidens‚
842 2767 917 2850 quid
949 2768 1022 2833 boni
1056 2767 1093 2831 de
1127 2768 1210 2831 melo
1244 2767 1312 2829 eius

165 2876 252 2936 esset
273 2872 343 2954 ipse
366 2873 524 2936 facturus:
561 2873 615 2955 qui
644 2874 681 2937 de
705 2875 831 2939 mortali
855 2875 1005 2957 progenie
1028 2875 1141 2938 merito
1166 2874 1312 2954 iusteque

165 2979 314 3042 damnata
336 2983 459 3043 tautum
483 2980 638 3063 populum
663 2981 764 3064 gratia
788 3001 846 3046 sua
865 2981 998 3064 colligit,
1021 2984 1056 3045 ut
1072 2981 1146 3046 inde
1166 2980 1314 3062 subpleat

165 3091 197 3149 et
229 3087 386 3150 instauret
416 3091 548 3167 partem,
579 3107 658 3169 quae
690 3089 780 3169 lapsa
808 3092 857 3152 est
885 3088 1080 3172 angelorum,
1109 3106 1144 3151 ac
1178 3087 1224 3151 sic
1257 3086 1313 3149 1111

118 3215 145 3252 aa
164 3193 281 3256 dilecta
297 3198 328 3256 et
342 3213 479 3275 superna
493 3194 608 3259 ciuitas
624 3213 683 3259 nou
699 3194 863 3258 fraudetur
882 3214 1010 3258 suorum
1031 3213 1160 3257 numero
1181 3193 1311 3270 ciuium,

164 3300 239 3380 quin
265 3299 360 3362 etiam
385 3299 531 3363 fortassis
556 3306 588 3362 et
612 3299 755 3364 uberiore
776 3299 926 3363 laetetur.

638 3477 775 3542 CAPUT
798 3479 840 3541 11.

218 3602 272 3665 De
304 3604 470 3664 aeterua
499 3600 572 3663 Dei
603 3603 641 3664 et
672 3599 1000 3665 incommutabili
1031 3579 1260 3665 uoluntate.

207 3726 314 3790 1111111
342 3725 425 3788 enim
453 3723 535 3788 fiunt
562 3724 691 3804 quidem
716 3743 734 3787 a
756 3724 850 3788 malis
880 3729 988 3788 contra
1011 3725 1211 3790 uoluntatem
1236 3725 1309 3795 Dei:

117 3865 144 3902 ao
163 3833 221 3897 sed
253 3834 359 3895 tautae
392 3835 440 3895 est
467 3831 522 3894 ille
551 3831 724 3913 sapientiae
752 3835 921 3914 tantaeque
953 3831 1094 3906 uirtutis,
1124 3837 1160 3896 ut
1192 3833 1224 3895 in
1258 3852 1311 3896 eos

163 3940 268 4004 exitus
294 3940 362 4002 siue
386 3938 475 4014 fines,
496 3957 575 4021 quos
599 3939 698 4003 bonos
719 3942 751 4002 et
768 3939 873 4003 iustos
892 3939 961 4020 ipse
980 3939 1161 4020 praesciuit,
1183 3939 1311 4002 tendant

200 4080 212 4132 l
235 4095 268 4131 ea
286 4078 350 4146 sibi]
370 4078 441 4131 mala
460 4077 518 4149 lim
538 4077 625 4131 sibib
734 4077 869 4147 quomodo
890 4078 971 4131 etiam
992 4079 1007 4130 b
1103 4079 1236 4132 211111.
1258 4079 1309 4144 b¹p

162 4171 178 4218 ὀ
204 4167 305 4221 cecitas
326 4167 409 4237 seculi
434 4167 449 4220 b
526 4169 543 4220 6
568 4168 674 4220 oculum
698 4185 756 4220 esse
779 4184 796 4220 o
875 4169 907 4220 1⁶2
931 4167 1045 4220 obduxit
1067 4185 1100 4224 m.
1126 4173 1141 4221 1
1164 4169 1194 4220 r‘n
1218 4185 1275 4224 ros.
1295 4169 1309 4219 b

164 4259 197 4309 15
215 4258 304 4326 ipsum
325 4257 442 4312 etiamo
525 4258 557 4310 17
577 4256 700 4324 autorip
780 4258 813 4309 21
836 4257 892 4308 eius
912 4273 962 4310 om.
985 4274 1000 4310 a·
1072 4259 1106 4309 25
1126 4257 1309 4325 1111111111111191

162 4345 325 4398 2611111111
345 4345 391 4398 sed
409 4364 428 4415 p
481 4347 516 4398 29
536 4345 643 4415 quidem
664 4347 788 4415 1111111111
808 4347 823 4399 b
