3192 4959
316 437 380 501 598
661 431 688 485 S.
717 431 873 485 Aurelii
901 431 1119 502 Augustini

314 627 706 706 66111666166616666,
735 630 789 693 sed
814 627 1054 693 medicamentis
1079 646 1149 692 esse
1170 627 1344 692 clausuros.
1369 627 1449 692 lohi-

315 736 451 800 buemnt
479 739 512 799 et
539 735 638 799 alium
666 735 882 818 grandaeuum
911 728 1163 799 iam'medicum
1189 734 1332 817 satisque
1355 735 1452 798 inille
1556 747 1557 838 6

315 844 381 906 6616
412 841 578 906 laudatum
609 840 728 926 (adbuc
756 841 839 905 enim
870 839 1023 926 6166161),
1056 841 1271 918 ammonium,
1306 841 1360 923 qui
1391 841 1451 906 loco
1556 841 1557 922 1

315 948 458 1031 16666616
492 946 575 1012 1166
604 947 689 1029 quod
717 946 767 1010 illi
797 967 833 1011 ex
862 966 971 1012 eorum
1000 947 1166 1032 diligentia
1192 947 1370 1030 peritiaque
1393 965 1452 1030 pro
1556 933 1557 1024 1

315 1055 411 1119 61611.
451 1054 551 1120 Cuius
582 1054 638 1118 ille
669 1053 773 1118 iactus
812 1055 1000 1120 anctoritate
1033 1073 1164 1119 securus
1198 1054 1375 1120 domestico
1404 1074 1451 1119 suo
1467 1069 1487 1116 ’6

313 1161 447 1239 medico,
471 1161 526 1242 qui
549 1161 691 1225 futuram
714 1160 911 1244 praedixerat
934 1161 1028 1226 aliam
1053 1161 1237 1242 sectionem,
1261 1161 1367 1226 faceta
1387 1161 1452 1225 11116-

315 1267 418 1343 ritate,
442 1268 535 1332 uelut
557 1266 621 1331 iam
645 1266 767 1343 saluus,
791 1267 913 1332 inlusit.
938 1265 1023 1345 Quid
1046 1269 1160 1350 plura?
1183 1269 1246 1333 'lot
1268 1268 1338 1332 dies
1355 1273 1454 1350 postca

314 1374 450 1438 inaniter
478 1374 637 1439 consumti
665 1374 869 1451 transierunt,
898 1377 935 1438 ut
956 1373 1035 1439 fessi
1059 1374 1161 1457 adque
1185 1375 1310 1440 confusi
1335 1375 1454 1440 faterer·
1556 1365 1557 1372 '

315 1483 367 1544 tur
389 1500 463 1545 eum
486 1481 548 1545 nisi
572 1481 653 1544 ferro
677 1479 765 1544 nullo
786 1480 880 1545 modo
899 1499 995 1564 posse
1015 1481 1127 1546 sanari.
1148 1481 1295 1563 Idrpauit‚
1315 1481 1456 1564 expalluit

315 1587 412 1651 nimio
441 1588 554 1652 timore
582 1587 739 1666 turbatus,
768 1587 871 1670 adque
900 1587 956 1651 ubi
984 1605 1018 1652 se
1047 1587 1178 1672 collegit
1205 1588 1328 1670 1611666
1351 1589 1490 1671 potuita
1556 1647 1557 1668 ,

314 1695 400 1760 61166
429 1694 502 1760 11166
532 1695 629 1760 166611
656 1698 688 1760 61
716 1695 756 1760 ad
783 1713 817 1759 se
846 1695 985 1777 amplius
1013 1715 1073 1761 non
1103 1695 1263 1771 accedere;
1295 1715 1354 1760 nec
1381 1695 1456 1760 aliud
1556 1669 1557 1758 l

316 1802 455 1866 occurrit
486 1802 620 1886 fatigato
652 1801 794 1866 lacrimis
826 1806 859 1865 et
885 1801 942 1865 illa
968 1802 1032 1866 iam
1061 1801 1253 1866 necessitate
1282 1802 1456 1876 constricto,

313 1908 376 1972 nisi
403 1911 440 1972 ut
463 1909 627 1973 adhiberet
649 1907 896 1973 Alexandrinum
920 1908 1088 1992 quendam,
1118 1908 1174 1990 qui
1197 1911 1274 1972 tunc
1299 1908 1457 1990 chirurgus

315 2015 468 2080 mirabilis
492 2016 677 2092 habebatur,
702 2017 739 2079 61
762 2016 830 2098 1666
854 2015 972 2080 faceret
995 2015 1080 2097 quod
1103 2015 1142 2080 ab
1166 2015 1232 2080 illis
1251 2014 1321 2079 11661
1339 2014 1458 2080 6616161
1556 2017 1557 2046 l

314 2122 423 2186 iratus.
461 2121 522 2187 Sed
554 2126 666 2206 postea
698 2142 793 2205 quam
827 2123 916 2186 uenit
947 2123 1002 2187 ille
1038 2123 1241 2204 laboremque
1272 2121 1402 2186 illorum
1429 2120 1456 2182 in
1474 2141 1492 2180 6

315 2227 516 2294 cicatricibus
545 2230 629 2294 sicut
656 2230 768 2293 artilex
795 2215 889 2308 uidit,
918 2229 993 2295 boni
1021 2229 1082 2294 uiri
1110 2229 1241 2294 functus
1270 2229 1375 2295 officio
1398 2245 1458 2310 per-

315 2335 419 2400 suasit
444 2336 574 2413 hcmini‚
602 2339 640 2400 ut
666 2335 715 2399 illi
739 2337 858 2418 potius,
888 2336 997 2417 quiin
1022 2355 1057 2401 eo
1089 2339 1212 2401 tantum
1236 2335 1458 2404 laborauerant,

315 2445 467 2525 quantum
495 2443 564 2524 ipse
587 2442 760 2526 inspiciens
789 2441 972 2518 mirabatur,
1003 2461 1079 2506 suae
1104 2441 1278 2508 curationis
1303 2439 1458 2508 1661616-

315 2551 432 2625 666166,
461 2549 612 2624 adiciens,
641 2548 726 2631 quod
753 2567 787 2612 66
815 2567 891 2613 6666
919 2549 980 2614 6161
1010 2553 1119 2614 666166
1148 2553 1234 2614 66661
1262 2549 1458 2613 6616666666

315 2673 375 2718 666
402 2658 527 2736 666661;
560 2655 654 2720 66116
682 2655 850 2721 abhorrere
879 2676 896 2719 6
924 2655 992 2720 6616
1021 2655 1174 2730 moribus,
1206 2659 1244 2718 ut
1272 2653 1495 2725 1661611666

316 2781 448 2842 quorum
469 2759 767 2826 artificiosissimam
787 2779 914 2843 operam
927 2760 1117 2825 industriam
1134 2759 1334 2844 diligentiam
1348 2760 1460 2822 mirans

315 2868 346 2931 in
375 2868 577 2933 cicatricibus
606 2867 675 2932 eius
703 2866 838 2945 uideret,
856 2870 995 2950 propter
1023 2867 1172 2950 exiguum
1202 2867 1295 2949 quod.
1316 2864 1461 2930 remansit

315 2974 453 3056 palmam
481 2975 561 3038 tanti
589 2973 707 3039 laboris
736 2975 883 3039 66166661.
918 2973 1046 3038 Redditi
1075 2976 1150 3038 sunt
1182 2973 1288 3038 auimo
1321 2973 1399 3047 eius,
1431 2973 1461 3032 61

315 3079 437 3162 placuit
467 3083 505 3144 nt
536 3079 646 3145 eodem
678 3079 885 3145 Alexandrino
920 3079 1095 3144 adsistente
1131 3079 1194 3162 ipsi
1231 3080 1336 3144 sinum
1372 3077 1460 3142 illum

315 3186 407 3261 ferro,
437 3188 491 3268 qui
520 3187 582 3250 iam
607 3205 763 3251 consensu
787 3187 929 3251 omnium
958 3187 1051 3251 aliter
1070 3187 1259 3252 insanabilis
1282 3185 1499 3270 putabamus

316 3292 482 3375 aperirent.
516 3293 603 3373 Quae
631 3312 682 3358 666
716 3292 815 3357 dilata
847 3297 897 3358 661
926 3293 958 3357 16
992 3297 1237 3376 consequentem
1270 3293 1361 3357 diem.
1403 3286 1461 3354 Sed

317 3419 387 3464 cum
421 3399 564 3465 abissent
594 3400 652 3475 illi,
690 3419 727 3464 er
757 3419 899 3465 maerore
932 3400 1030 3465 nimio
1063 3400 1182 3465 domini
1214 3405 1321 3464 tantus
1352 3401 1402 3462 est
1432 3393 1460 3457 in

316 3507 410 3571 domo
442 3506 498 3572 illa
530 3511 657 3572 exortus
691 3507 790 3584 dolor,
823 3515 860 3571 ut
891 3511 1054 3591 tamquam
1087 3506 1207 3572 funeris
1235 3506 1378 3589 planctus
1410 3499 1460 3564 uix

317 3612 566 3693 conprimeretur
594 3631 612 3675 a
639 3611 741 3677 nobis.
780 3611 963 3677 visitabant
991 3632 1064 3679 666
1097 3611 1228 3677 cottidie
1261 3613 1359 3676 sancti
1391 3603 1459 3670 uiri.

355 3987 567 4056 1616666616
638 3984 857 4039 3666661666
931 3984 1085 4038 ‘luelutie
1170 3940 1369 4052 pluratssddies
1388 3975 1459 4031 sa2

320 4085 424 4145 66666·
494 4073 596 4127 Postea
613 4076 658 4127 161
676 4071 768 4126 diesu
847 4071 1261 4126 10turbatusti1noreDom-o.
1330 4077 1459 4128 666666

320 4165 350 4216 11
372 4161 500 4217 accedere
519 4162 698 4231 imperauite
748 4161 781 4214 12
801 4160 993 4230 constricticp
1045 4161 1077 4214 13
1097 4160 1290 4230 cyrurgicusp
1341 4135 1457 4222 1416661

318 4251 501 4304 6661161616·
521 4250 620 4303 Domb.
677 4249 710 4303 18
729 4248 878 4302 6666116616
898 4264 996 4302 suasu
1068 4247 1228 4318 fruenturp
1277 4248 1309 4303 20
1326 4243 1402 4299 ualde
1419 4254 1458 4306 96

318 4339 433 4405 Domb.,·
450 4337 499 4392 sed
517 4337 599 4391 ualde
618 4337 715 4406 adep
728 4354 769 4392 uo
823 4337 857 4390 21
878 4335 1013 4391 admirans
1033 4353 1077 4392 uu
1130 4338 1165 4392 27
1184 4337 1353 4404 1611666616
