3192 4959
365 465 416 518 De
445 466 619 519 ciuitate
648 465 711 519 dei
738 466 803 523 lib.
833 466 918 520 xxll.
944 483 1019 535 cap.
1044 467 1085 519 22.
1236 471 1298 534 637

146 679 221 723 cum
248 657 357 722 laboro
387 658 518 734 strenui,
547 658 615 722 sine
642 658 750 723 labore
777 660 896 724 inertes
926 664 1063 724 sumus?
1091 659 1202 724 Nonne
1225 661 1298 726 hinc

146 770 287 849 apparet,
315 765 346 828 in
376 764 453 846 quid
480 766 571 828 uelut
598 765 734 847 pondere
759 785 817 829 suo
847 787 941 848 quam
969 767 1121 848 proeliuis
1147 771 1179 831 et
1201 787 1299 849 prona

146 872 189 938 sit
212 871 331 936 uitiosa
353 873 466 935 natura
494 876 526 935 et
550 875 669 952 quanta
692 890 761 953 ope,
785 876 824 936 ut
847 872 920 936 hino
944 873 1105 950 liberatur,
1134 873 1298 958 indigeat?

143 977 277 1043 Desidia
306 977 453 1060 segnitia,
484 977 616 1062 pigritia
642 978 845 1062 neglegentia
870 978 952 1043 uitia
979 981 1054 1043 sunt
1085 981 1197 1062 utique
1230 981 1298 1064 qui·

114 1086 205 1149 ebus
242 1084 333 1149 labor
367 1083 500 1169 fugitur,
538 1104 610 1149 oum
647 1085 738 1148 labor
773 1084 852 1168 ipse,
891 1087 985 1150 etiam
1025 1087 1078 1168 qui
1116 1091 1166 1152 est
1197 1089 1297 1166 utilis,

143 1210 247 1275 poena
270 1192 322 1257 sit.

190 1296 254 1362 Sed
280 1301 405 1380 praeter
432 1298 570 1380 pueriles
597 1316 725 1380 poenas,
755 1299 822 1362 sine
852 1300 968 1382 quibus
999 1299 1080 1364 disci
1103 1319 1163 1364 non
1189 1305 1298 1382 potest

145 1404 230 1486 quod
254 1405 389 1468 maiores
413 1405 536 1478 uolunt,
566 1405 619 1486 qui
643 1405 696 1469 uix
720 1405 841 1486 aliquid
869 1406 992 1470 utiliter
1015 1406 1138 1485 uolunt,
1164 1409 1242 1490 quot
1265 1412 1297 1472 et

144 1511 273 1593 quantis
301 1511 412 1593 poenis
441 1530 542 1595 genus
572 1511 711 1595 agitetur
739 1512 924 1590 humanum,
956 1533 1035 1597 quae
1059 1534 1120 1580 non
1144 1514 1183 1578 ad
1207 1517 1295 1578 mali-

101 1617 223 1682 retiam
251 1618 487 1699 nequitiamque
514 1617 706 1700 iniquorum,
736 1621 792 1683 sed
822 1620 861 1684 ad
889 1621 1107 1685 condicionem
1138 1621 1297 1703 pertinent
1384 1653 1389 1662 ·

143 1724 369 1806 miseriamque
403 1742 614 1818 communem,
652 1725 722 1807 quis
760 1725 827 1790 ullo
865 1745 1009 1791 sennone
1048 1727 1185 1811 digerit?
1223 1729 1295 1811 quis

144 1833 211 1896 ulla
244 1829 436 1913 cogitatione
469 1831 718 1913 conprehendit?
756 1830 901 1912 Quantus
939 1836 989 1897 est
1024 1838 1140 1911 metus
1178 1838 1297 1916 quanta

144 1938 311 2002 calamitas
340 1936 378 2000 ab
408 1936 598 2001 orbitatibus
622 1938 724 2019 adque
746 1939 849 2016 luctu,
878 1939 1043 2008 adamnis
1067 1942 1099 2004 et
1122 1939 1294 2004 damnatio-

143 2045 249 2120 nibus,
273 2063 292 2106 a
315 2043 554 2125 deceptionibus
579 2047 611 2108 et
629 2045 802 2110 mendaciis
822 2045 997 2124 bominum,
1018 2065 1036 2109 a
1057 2045 1293 2127 suspicionibus

100 2176 123 2215 rs
142 2151 245 2223 falsis,
274 2150 312 2214 ab
337 2149 483 2214 omnibns
507 2150 658 2215 uiolentia
686 2150 880 2217 facinoribus
905 2156 937 2218 et
966 2154 1139 2218 sceleribus
1164 2152 1292 2217 alienis!

144 2257 269 2339 quando
295 2257 422 2340 quidem
447 2257 485 2321 ab
510 2256 556 2320 eis
580 2259 613 2320 st
636 2256 838 2339 depraedatio
864 2261 896 2323 et
915 2258 1094 2340 captiuitas,
1115 2261 1147 2322 et
1165 2259 1294 2323 uincula

143 2369 176 2428 et
203 2383 354 2443 carceres,
384 2367 416 2429 et
439 2365 549 2428 exsilia
572 2367 605 2427 ot
627 2365 799 2442 cruciatus,
824 2368 857 2430 et
880 2365 1055 2447 amputatio
1079 2365 1293 2430 membrorum

144 2472 176 2535 et
203 2471 340 2553 priuatis
366 2490 528 2547 sensuum,
559 2473 592 2533 ot
615 2471 778 2553 obpressio
805 2470 945 2553 corporis
970 2472 1008 2536 ad
1033 2471 1201 2536 obscenam
1224 2472 1295 2535 libi-

143 2578 248 2642 dinem
283 2577 487 2660 obprimentis
521 2576 706 2658 explendam
734 2581 768 2641 et
794 2577 858 2641 alia
884 2579 988 2642 multa
1014 2579 1169 2642 horrenda
1201 2596 1295 2659 saepe

99 2710 125 2750 ro
144 2685 343 2768 contingunt.
375 2681 482 2762 Quid?
511 2683 549 2748 ab
573 2684 746 2748 innumeris
771 2685 899 2749 casibus
924 2703 1003 2765 qnae
1027 2683 1203 2750 forinsecus
1228 2703 1296 2749 cor-

141 2791 211 2872 pori
234 2789 455 2868 formidantur,
485 2790 627 2854 aestibus
651 2793 684 2854 et
705 2789 889 2874 frigoribus,
919 2791 1164 2873 tempestatibus
1189 2791 1295 2854 imbri-

140 2897 204 2961 bus
243 2889 477 2971 adlu'uiouibuS,
520 2896 740 2959 comssatione
782 2897 915 2960 tonitru.
959 2897 1108 2980 grandine
1149 2896 1292 2970 fulmine,

142 3002 284 3066 motibus
318 3001 523 3083 hiatibusque
555 3004 721 3067 ternarum.
756 3001 1016 3085 obpressionibus
1049 3002 1221 3078 ruinarum,
1255 3003 1293 3066 ab

142 3108 370 3172 offensionibus
399 3112 432 3172 et
458 3127 575 3190 pauore
604 3107 777 3172 ueletiam
801 3108 925 3173 malitia
946 3111 1171 3186 iumentorum,
1204 3128 1222 3173 a
1244 3111 1294 3174 tot

97 3240 124 3282 rs
141 3215 274 3280 uenenis
298 3215 449 3279 fruticum
473 3233 636 3296 aquarum,
661 3235 809 3279 aurarum
833 3216 1019 3294 bestiarum,
1044 3235 1062 3280 a
1084 3216 1220 3281 ferarum
1240 3219 1294 3280 uel

140 3319 362 3386 tantummodo
390 3321 536 3385 molestis
564 3323 619 3385 uel
647 3321 741 3385 etiarn
771 3321 943 3386 mortiferis
967 3322 1137 3402 morsibus,
1166 3323 1293 3387 arabie

142 3447 223 3511 quae
257 3426 414 3511 contingit
445 3447 480 3491 en
513 3428 623 3493 rabido
656 3446 748 3504 cane,
781 3431 818 3493 ut
852 3429 946 3493 etiam
979 3429 1096 3494 blanda
1128 3431 1160 3493 et
1186 3429 1293 3492 'amica

176 3725 193 3778 2
212 3725 241 3776 in
262 3723 338 3793 qnid]
358 3725 448 3793 inquit
467 3725 558 3793 bepp
630 3725 715 3790 uelut,
734 3743 768 3778 m.
785 3729 805 3778 2
822 3725 1007 3793 superscripto
1025 3729 1070 3793 qrn
1090 3723 1205 3829 (quamlf
1225 3741 1290 3792 quo-

141 3839 261 3908 uisuri),
280 3857 294 3892 e
352 3857 432 3910 quam
451 3840 579 3910 procliuia
596 3857 654 3910 9125
673 3857 752 3910 quam
772 3857 823 3894 om.
842 3841 901 3894 rell.
921 3857 937 3894 o
954 3839 1053 3894 Domb.
1098 3841 1114 3893 3
1133 3839 1263 3908 indegeat
1273 3857 1291 3908 p

140 3929 343 3998 daegnitiesv
379 3929 520 3982 binutilis
534 3947 556 3997 p
597 3930 711 3998 8quot]
732 3930 839 3999 quodq
883 3930 914 3982 10
933 3929 1053 3998 pertinet
1072 3945 1111 3995 ep
1163 3928 1194 3980 11
1217 3944 1288 3982 cunr-

140 4060 285 4113 munemp
340 4045 374 4098 13
392 4047 420 4098 et
439 4061 456 4097 a
474 4044 594 4098 damnat.
608 4063 632 4113 p
702 4047 734 4099 14
754 4011 778 4098 ae
793 4043 998 4114 deceptionibus
1015 4061 1046 4112 p,·
1060 4059 1110 4096 oon.
1130 4039 1154 4096 c²
1228 4045 1290 4096 eta

140 4177 214 4230 susp.
233 4176 261 4225 c,·
279 4176 296 4212 a
323 4176 394 4228 susp.
413 4176 431 4228 q
504 4163 536 4215 15
556 4160 766 4229 estceleribusq
841 4161 872 4212 16
891 4159 983 4213 uincla
1000 4158 1099 4213 Domb
1167 4159 1201 4213 20
1220 4174 1289 4227 qnae

141 4248 193 4319 ⁶¹9
204 4266 296 4318 ppo5
314 4249 360 4316 qui
379 4247 483 4302 abc²o
538 4249 714 4319 corporisbq
751 4250 785 4303 24
805 4247 999 4302 offensionibus
1018 4265 1096 4315 mss.;
1114 4247 1290 4300 offensiones

141 4369 254 4432 atotq
318 4363 532 4434 astutissime
605 4382 636 4419 ac
653 4363 731 4418 ferar.
753 4363 841 4434 be¹g²
908 4363 1074 4433 27e1]ap
1146 4362 1288 4416 rabiosob
