3192 4959
366 427 417 481 De
447 426 623 482 ciuitate
648 425 711 481 dei
733 424 799 481 lib.
824 423 938 481 XVIIII.
963 442 1037 496 cap.
1062 428 1087 481 4.
1233 427 1298 493 375

153 626 238 690 sicut
264 624 403 708 legimns
431 623 463 687 in
493 624 597 690 ueraci
625 623 706 690 libro
735 624 919 708 sapientiae,
954 641 1084 706 corpus
1118 621 1299 705 corrupti-

154 732 230 796 bile
254 731 438 816 adgrauat
460 731 621 795 animam
645 733 682 795 et
704 730 882 814 deprimit
901 734 1047 796 terrena
1064 728 1298 794 inhabitatio

153 857 305 903 sensum
334 838 453 904 multa
480 838 734 922 cogitantem?
765 837 898 921 Iapetus
925 856 1018 921 porro
1051 837 1103 902 uel
1135 836 1300 918 adpetitus

154 946 299 1021 actionis,
323 946 352 1009 si
375 945 436 1010 hoc
458 944 552 1011 modo
576 947 663 1010 recte
681 944 792 1008 Latine
812 945 989 1027 appellatur
1007 963 1054 1022 ea,
1074 962 1168 1026 quam
1189 939 1301 1008 Graeci

124 1056 270 1118 enecant
297 1049 403 1136 ὁρμήν,
433 1049 508 1134 quia
538 1053 572 1116 et
596 1051 700 1135 ipsam
728 1050 839 1133 primis
866 1054 996 1116 naturas
1024 1049 1178 1132 deputant
1200 1047 1301 1128 bonis,

153 1178 255 1224 nonne
277 1159 346 1242 ipse
370 1161 429 1236 est,
455 1176 516 1240 quo
541 1161 694 1242 gemntur
717 1158 813 1221 etiam
836 1157 1019 1222 insanorum
1038 1156 1088 1221 illi
1104 1155 1302 1222 miserabiles

153 1270 261 1332 motus
295 1268 327 1330 ct
357 1265 452 1342 iacta,
485 1283 566 1346 qnae
598 1264 774 1343 horremus,
808 1263 931 1346 quando
964 1263 1157 1346 peruertitur·
1189 1279 1302 1328 sensus

153 1373 297 1454 ratioque
320 1372 464 1456 sopitur?

197 1481 296 1544 Porro
323 1478 394 1562 ipsa
420 1480 534 1557 uirtus,
563 1497 643 1562 quae
671 1498 732 1544 non
757 1482 806 1544 est
828 1479 910 1544 inter
937 1483 1039 1561 prima
1061 1481 1202 1556 naturae,
1227 1495 1302 1558 quo·

114 1611 137 1648 ιο
154 1588 239 1651 niam
270 1585 317 1651 eis
349 1589 460 1669 postea
493 1586 636 1650 doctrina
661 1584 882 1650 introducente
910 1586 1105 1668 supemeuit,
1139 1603 1211 1648 cum
1241 1583 1304 1646 sibi

153 1694 310 1758 bonorum
343 1692 468 1756 culmen
502 1692 644 1756 uindicet
679 1691 900 1770 humanomm,
938 1691 1014 1773 quid
1051 1691 1103 1756 hic
1140 1689 1207 1774 agit
1242 1687 1304 1754 nisi

155 1803 309 1884 perpetua
334 1799 420 1864 bella
446 1817 519 1863 cum
547 1798 646 1878 uitiis,
673 1817 731 1863 nec
759 1798 977 1878 exterioribus,
1006 1798 1062 1862 sed
1089 1795 1303 1873 interioribus,

153 1925 214 1972 nec
240 1906 364 1983 alienis,
392 1906 449 1970 sed
476 1906 568 1988 plane
595 1906 713 1970 nostris
741 1909 773 1970 et
795 1905 943 1988 propriis,
970 1906 1106 1970 marimo
1129 1905 1194 1982 illa,
1224 1923 1304 1986 quae

157 2014 275 2079 Graece
299 2013 491 2098 σωφροσύνη,
514 2012 625 2077 Latine
643 2013 854 2095 temperantia
872 2013 1063 2088 nominatur,
1083 2031 1145 2095 qua
1164 2009 1305 2076 camales

110 2122 318 2185 refrenantur
346 2117 505 2193 libidines,
537 2137 576 2183 ne
607 2117 640 2182 in
673 2137 816 2201 quaeque
853 2117 974 2202 flagitia
1005 2120 1144 2182 mentem
1177 2135 1305 2182 consen-

156 2226 288 2292 tientem
316 2225 465 2289 trahant?
492 2223 604 2308 Neque
628 2224 712 2289 enim
734 2225 859 2289 nullum
883 2228 934 2288 est
956 2223 1084 2300 uitium,
1113 2243 1196 2302 cum,
1221 2223 1306 2286 sicut

156 2333 237 2398 dicit
272 2334 449 2415 apostolus,
487 2351 572 2397 caro
610 2331 853 2413 concupiscit
890 2331 1074 2397 aduersus
1113 2330 1303 2412 spiritumr

157 2440 210 2504 cui
232 2439 313 2504 uitio
338 2438 494 2503 contraria
516 2437 621 2503 uirtus
640 2442 699 2517 est,
720 2457 803 2516 cum,
824 2439 908 2503 sicut
926 2438 1010 2503 idem
1031 2437 1118 2516 dicit,
1143 2435 1304 2520 spiritus
1375 2487 1379 2496 .

158 2545 401 2628 concupiscit
418 2544 615 2611 ¹aduersus
640 2564 795 2609 carnem.
819 2546 919 2610 Haec
943 2544 1051 2620 enim,
1075 2543 1188 2626 inquit,
1212 2541 1306 2606 inui-

115 2675 140 2715 ao
159 2673 236 2718 cem
261 2653 520 2729 aduersantur,
545 2656 678 2716 utnon
704 2670 745 2716 ea
767 2670 861 2734 quae
885 2652 1007 2716 uultis
1032 2651 1197 2716 faciatis.
1222 2648 1306 2728 Quid

158 2762 267 2824 autem
288 2759 392 2823 facere
415 2758 575 2835 nolumus,
600 2776 674 2823 cnm
697 2758 806 2841 perfici
828 2758 980 2824 uolumus
1003 2757 1064 2822 tine
1084 2757 1202 2822 summi
1220 2755 1305 2831 boni,

157 2867 218 2930 nisi
249 2870 287 2931 ut
318 2884 391 2931 caro
423 2866 576 2930 aduersus
610 2864 758 2946 spiritum
785 2884 847 2929 non
875 2865 1090 2947 concupiscat,
1118 2881 1175 2928 nec
1204 2861 1306 2928 sitin

157 2973 333 3038 nobishoc
357 2973 484 3050 uitium,
510 2975 619 3038 contra
646 2972 729 3054 quod
754 2972 884 3054 spiritus
909 2971 1134 3054 concupiscat?
1159 2969 1251 3051 Quod
1274 2969 1305 3033 in

158 3081 217 3144 hac
245 3081 324 3159 uita,
353 3080 500 3162 quamuis
529 3079 680 3157 uelimus,
709 3080 859 3162 qnoniam
882 3079 985 3144 facere
1009 3097 1070 3144 non
1094 3078 1251 3154 ualemus,
1274 3075 1307 3139 id

118 3188 275 3252 resultem
299 3188 331 3251 in
355 3186 512 3251 adiutorio
537 3187 596 3250 Dei
615 3185 762 3263 facimus,
781 3204 824 3250 ne
839 3184 924 3249 carni
944 3183 1181 3276 concupiscenti
1198 3183 1307 3247 aduer-

159 3313 215 3358 sus
228 3293 383 3377 'spiritum
403 3293 518 3375 spiritu
538 3291 766 3357 succumbente
785 3291 935 3356 cedamus
955 3294 987 3356 et
1005 3291 1044 3355 ad
1062 3288 1307 3373 perpetrandum

157 3402 325 3483 peccatum
362 3403 471 3464 nostra
506 3398 712 3464 consensione
749 3397 976 3481 pertrahamur.
1018 3397 1114 3462 Absit
1149 3415 1223 3480 ergo
1260 3400 1306 3472 ut,

159 3506 310 3588 qrramdiu
334 3507 365 3570 in
390 3505 450 3571 boc
473 3505 558 3569 bello
580 3505 731 3569 intestino
756 3523 878 3584 sumus,
903 3504 966 3568 iam
990 3522 1048 3568 nos
1066 3502 1307 3580 beatitudinem,

160 3613 200 3677 ad
222 3633 319 3696 quam
341 3610 497 3676 uincendo
521 3612 672 3676 uolumus
694 3610 870 3693 peruenire,
890 3609 1021 3693 adeptos
1042 3627 1111 3674 esse
1131 3608 1306 3673 credamus,

252 3859 264 3910 1
287 3856 350 3927 Sap,
370 3858 395 3918 9,
416 3858 449 3911 le
506 3857 538 3911 17
559 3854 619 3910 Gal.
638 3859 664 3919 5,
685 3857 717 3908 17

196 3981 352 4035 tactioms
376 3985 507 4051 appeto
604 3981 628 4033 ei
650 3995 739 4034 om.c
834 3995 866 4032 ea
889 3995 977 4032 onae
1073 3981 1205 4033 bormen
1229 3975 1308 4032 codd.

163 4072 197 4125 14
215 4068 487 4126 coerectn‘aCe
532 4069 565 4123 18
583 4069 655 4123 uitiu
674 4069 699 4123 e¹
750 4069 785 4122 19
804 4068 976 4138 concupiscet
992 4066 1022 4137 9¹
1070 4066 1104 4121 20
1124 4083 1337 4138 quaecumque,

161 4161 245 4214 uultis
259 4157 308 4229 pl
392 4159 440 4213 illa
460 4158 568 4213 faciatis
586 4158 631 4210 αλ
703 4159 735 4212 21
756 4157 810 4212 linc
830 4154 869 4228 ρλ
887 4156 999 4222 Dornb.,·
1019 4157 1079 4218 fine,
1099 4156 1203 4210 lineola
1216 4171 1276 4224 arcp.
1296 4173 1310 4208 c

161 4249 294 4314 marcida,
311 4265 343 4318 p,·
361 4248 440 4302 finem
461 4248 600 4316 copam
614 4249 684 4302 'fines
703 4264 718 4300 e
802 4248 836 4300 25
856 4245 970 4300 facimus
989 4261 1029 4314 ep
1047 4243 1159 4312 Domb.;
1178 4245 1308 4298 faciamus

163 4338 256 4409 adpo
329 4337 413 4391 need
487 4336 739 4407 concupiscentiae
793 4337 828 4388 29
847 4335 876 4388 in
894 4333 1061 4388 uincendoc
