3192 4959
309 413 376 476 550
648 409 674 462 S.
703 407 860 462 Aurelii
888 407 1104 476 Augustini

309 605 429 669 Dicunt
452 605 533 669 enim
560 605 598 670 de
621 603 716 668 malis
740 607 772 668 et
794 603 976 668 infidelibus
999 602 1182 667 bominibus
1206 602 1362 668 diuinitus
1390 603 1457 684 qui·

309 712 379 775 dem
408 731 519 775 uerum
548 711 745 792 praedictum
774 729 856 788 esse,
886 710 970 792 quod
998 709 1085 792 digni
1113 713 1200 784 sunt;
1235 709 1291 776 sed
1320 711 1457 774 eumad

307 818 463 882 iudicium
487 822 619 882 uentum
643 818 750 892 fuerit,
773 817 1021 881 misericordiam
1046 835 1116 882 esse
1140 819 1371 898 superaturam.
1394 817 1457 880 Do·

307 924 397 988 nabit
423 925 508 988 enim
535 942 601 1005 eos,
629 924 787 1006 inquiunt,
811 924 991 988 misericors
1014 923 1103 988 Deus
1131 922 1280 1006 precibus
1308 927 1342 986 et
1362 921 1457 988 inter-

308 1031 507 1096 cessionibus
545 1035 727 1096 sanctorum
765 1048 907 1097 suorum.
946 1029 979 1096 Si
1013 1030 1096 1094 enirn
1129 1030 1259 1096 orabant
1291 1049 1348 1112 pro
1381 1029 1457 1106 illis,
1485 1051 1495 1092 ⁵

307 1137 432 1218 quando
457 1156 512 1202 eos
535 1137 739 1221 patiebantur
760 1137 918 1215 inimicos,
943 1141 1061 1219 quanto
1085 1137 1189 1220 magis
1215 1136 1341 1218 quando
1371 1137 1458 1200 uide-

306 1243 388 1310 bunt
409 1244 549 1308 humiles
573 1244 799 1327 supplicesque
818 1245 1008 1327 prostratos!
1033 1245 1143 1326 Neque
1162 1243 1246 1308 enim
1264 1242 1457 1307 credendum

308 1355 367 1428 est,
392 1350 490 1425 aiunt,
515 1354 592 1414 tunc
616 1351 790 1416 amissuros
815 1354 941 1416 sanctos
965 1351 1089 1415 uiscera
1113 1349 1360 1426 misericordiae,
1384 1368 1456 1414 cum

305 1457 425 1521 fuerint
447 1457 652 1540 plenissimae
675 1476 711 1521 ac
734 1457 985 1539 perfectissimae
1010 1457 1201 1531 sanctitatis,
1225 1461 1273 1535 ut,
1298 1458 1355 1538 qui
1380 1460 1456 1521 tunc

307 1563 438 1628 orabant
469 1583 524 1646 pro
557 1563 693 1628 inimicis
722 1563 802 1640 suis,
831 1564 955 1647 quando
985 1567 1017 1628 et
1043 1564 1105 1646 ipsi
1133 1564 1200 1628 sine
1227 1567 1361 1647 peccato
1394 1583 1453 1628 non
1470 1581 1489 1622 u

308 1673 405 1747 erant,
434 1673 512 1734 tunc
540 1689 601 1734 non
630 1674 719 1734 orent
747 1689 802 1753 pro
832 1669 1032 1752 supplicibus
1066 1671 1143 1748 suis,
1173 1669 1297 1752 quando
1331 1670 1454 1734 nullum

306 1777 469 1859 coeperint
490 1776 606 1842 habere
628 1781 807 1860 peccatum.
844 1778 910 1842 Aut
934 1795 1008 1842 uero
1031 1777 1119 1841 Deus
1142 1779 1219 1841 tunc
1243 1795 1297 1840 eos
1321 1796 1383 1841 non
1408 1795 1453 1840 er·

306 1883 415 1948 audiet
437 1887 487 1948 tot
510 1887 543 1948 et
565 1885 646 1948 tales
668 1884 752 1948 filios
776 1903 864 1956 suos,
889 1884 1011 1966 quando
1036 1885 1180 1948 intanta
1204 1903 1311 1948 eorum
1342 1883 1452 1948 saucti-

305 1993 371 2054 tate
403 1991 527 2054 nullum
559 1988 702 2054 inueniet
729 1990 881 2054 orationis
913 1990 1185 2073 inpedimentum?
1221 1989 1449 2055 Testimonium

306 2114 381 2159 uero
413 2096 529 2179 psalmi
561 2100 594 2160 et
625 2097 674 2160 iili
707 2096 847 2178 quidem,
876 2098 930 2178 qui
958 2097 1148 2178 permittunt
1179 2096 1324 2162 infideles
1354 2097 1483 2178 adquen
1557 2153 1558 2188 ζ

305 2201 407 2285 inpios
440 2203 585 2268 homines
614 2204 727 2268 saltem
755 2205 851 2288 longo
880 2209 1022 2287 tempore
1051 2204 1183 2269 cruciari
1212 2208 1244 2268 et
1270 2207 1385 2286 postea
1415 2205 1447 2266 de

305 2309 398 2374 malis
428 2309 575 2374 omnibus
604 2311 682 2389 erni,
712 2311 767 2376 sed
794 2311 897 2398 magis
925 2311 981 2376 isti
1007 2331 1064 2394 pro
1093 2331 1128 2375 se
1156 2311 1267 2376 dicunt
1294 2330 1375 2388 esse,
1399 2309 1446 2374 ubi

305 2415 437 2498 legitur:
465 2417 659 2498 Numquid
683 2418 938 2482 obliuiscetur·
960 2419 1134 2483 misereri
1157 2419 1259 2484 Deus
1283 2421 1351 2483 aut
1373 2436 1444 2480 eon-

304 2521 442 2588 tinebit
469 2523 504 2586 in
533 2524 588 2586 ira
616 2543 683 2588 sua
711 2525 978 2590 miserationes
1008 2529 1116 2590 suas?
1155 2525 1206 2590 Ira
1229 2525 1299 2590 eius
1324 2531 1382 2600 est,
1404 2522 1443 2586 in-

305 2629 429 2710 quiunt,
457 2633 494 2694 ut
527 2649 635 2694 omncs
667 2631 791 2715 indigni
818 2631 1016 2696 beatitudine
1044 2632 1238 2715 sempiterna
1269 2631 1338 2714 ipso
1371 2627 1478 2692 iudi-s
1556 2639 1557 2714 ἢ

305 2739 394 2800 cante
418 2738 591 2820 puniantur
613 2739 771 2821 supplicio
796 2740 996 2822 sempiterno.
1031 2738 1094 2804 Sed
1117 2739 1145 2804 si
1168 2737 1221 2802 uel
1244 2739 1372 2822 longum
1396 2733 1442 2797 uel

303 2860 431 2922 prorsus
464 2843 566 2906 ullum
595 2861 665 2906 esse
692 2843 882 2925 permiserit,
910 2844 1062 2925 profecto,
1091 2847 1128 2908 ut
1154 2843 1260 2925 possit
1286 2843 1344 2906 hoc
1371 2839 1441 2912 fieri,

304 2949 478 3014 continebit
507 2950 539 3012 in
567 2950 614 3013 ira
641 2969 700 3014 sna
727 2951 946 3014 miserationes
976 2969 1060 3030 suas,
1089 2949 1175 3034 quod
1202 2969 1275 3014 eum
1307 2948 1439 3032 psalmus

305 3055 382 3118 dicit
405 3074 466 3119 non
491 3075 561 3119 esse
585 3056 754 3121 lucturum.
788 3055 858 3121 Non
884 3058 967 3121 enim
992 3057 1051 3121 ait:
1076 3057 1251 3140 ‘Numquid
1275 3057 1329 3122 diu
1351 3053 1439 3120 conti-

303 3162 391 3225 nebit
417 3161 449 3226 in
477 3163 523 3226 ira
550 3182 607 3227 sua
634 3163 852 3228 miserationes
881 3167 989 3228 suas?'
1021 3164 1078 3229 sed
1110 3165 1195 3248 quod
1227 3183 1355 3248 prorsus
1382 3173 1476 3224 none
1555 3175 1556 3178 ’

304 3268 479 3333 continebit
502 3271 649 3334 ostendit.

349 3373 401 3438 Sic
434 3395 509 3458 crgo
537 3376 593 3440 isti
620 3378 735 3442 uolunt
763 3377 874 3442 indicii
901 3377 961 3443 Dei
990 3378 1266 3444 comminationem
1295 3397 1351 3442 non
1372 3393 1435 3438 esse

302 3481 495 3557 mendacem,
511 3483 657 3563 quamuis
677 3484 719 3547 sit
739 3485 896 3548 neminem
916 3485 1131 3560 damnaturus
1148 3504 1241 3567 quem
1262 3480 1434 3549 admodum

303 3589 371 3650 eius
405 3589 692 3666 comminationem,
721 3609 783 3672 qua
816 3591 894 3654 dixit
926 3610 1111 3656 errersurum
1145 3611 1178 3655 se
1207 3611 1278 3656 esse
1304 3591 1432 3654 Nineusn

303 3693 478 3773 ciuitatem,
501 3695 684 3760 mendacem
708 3716 769 3760 non
792 3716 965 3779 possumus
990 3697 1106 3772 dicere3
1141 3702 1173 3762 et
1200 3700 1304 3762 tamen
1326 3695 1472 3760 lacrumo
1554 3713 1555 3726 ¹

393 3920 425 3972 18
443 3920 487 3973 Ps.
508 3921 551 3982 76,
572 3921 606 3975 10
660 3922 694 3974 29
713 3922 773 3978 Ion.
793 3924 818 3986 3,
837 3924 855 3976 4

337 4043 353 4095 2
373 4043 449 4112 digni
469 4049 532 4099 sunt
551 4047 618 4114 bep
635 4045 748 4112 Domb.,·
766 4049 853 4099 morte
873 4046 949 4116 digni
969 4051 1033 4102 sunt
1053 4065 1084 4114 a;
1103 4047 1178 4118 digni
1198 4053 1262 4103 surrt
1276 4051 1357 4102 eterno
1372 4059 1429 4110 sup·

300 4131 382 4200 plicis
397 4131 479 4204 p;d.
498 4151 518 4188 s.
539 4151 660 4202 poenae
750 4135 933 4205 3donauitp
1027 4139 1056 4190 ll
1078 4141 1190 4208 eruntp
1281 4137 1310 4190 12
1325 4132 1431 4198 rberep

303 4221 618 4276 misissemus
690 4225 889 4278 misericordias
910 4243 928 4278 α
1014 4227 1045 4280 21
1067 4227 1430 4288 uel...ullumcsseorn.p

301 4311 335 4363 27
356 4310 452 4363 uolunt
471 4311 517 4363 isti
537 4328 550 4364 e
604 4313 638 4366 30
656 4330 711 4366 non
731 4313 867 4367 lactumv
