<?xml version="1.0" encoding="UTF-8"?>
<!DOCTYPE html PUBLIC "-//W3C//DTD XHTML 1.0 Transitional//EN"
    "http://www.w3.org/TR/xhtml1/DTD/xhtml1-transitional.dtd">
<html xmlns="http://www.w3.org/1999/xhtml" xml:lang="en" lang="en">
 <head>
  <title>
</title>
<meta http-equiv="Content-Type" content="text/html;charset=utf-8" />
  <meta name='ocr-system' content='tesseract 3.04.00' />
  <meta name='ocr-capabilities' content='ocr_page ocr_carea ocr_par ocr_line ocrx_word'/>
</head>
<body>
  <div class='ocr_page' id='page_1' title='image "./corpusscriptoru07wiengoog/corpusscriptoru07wiengoog_0560.png"; bbox 0 0 3192 4959; ppageno 0'>
   <div class='ocr_carea' id='block_1_1' title="bbox 332 405 1128 475">
    <p class='ocr_par' dir='ltr' id='par_1_1' title="bbox 332 405 1128 475">
     <span class='ocr_line' id='line_1_1' title="bbox 332 405 1128 475; baseline -0.016 -6"><span class='ocrx_word' id='word_1_1' title='bbox 332 411 397 474; x_wconf 85' lang='grc'><strong>540</strong></span> <span class='ocrx_word' id='word_1_2' title='bbox 675 408 701 463; x_wconf 86' lang='lat' dir='ltr'><strong>S.</strong></span> <span class='ocrx_word' id='word_1_3' title='bbox 729 405 885 460; x_wconf 82' lang='lat' dir='ltr'><strong>Aurelii</strong></span> <span class='ocrx_word' id='word_1_4' title='bbox 912 405 1128 475; x_wconf 71' lang='lat' dir='ltr'><strong>Augustini</strong></span> 
     </span>
    </p>
   </div>
   <div class='ocr_carea' id='block_1_2' title="bbox 289 597 1501 3751">
    <p class='ocr_par' dir='ltr' id='par_1_2' title="bbox 289 597 1501 3751">
     <span class='ocr_line' id='line_1_2' title="bbox 331 597 1469 685; baseline -0.005 -18"><span class='ocrx_word' id='word_1_5' title='bbox 331 603 428 668; x_wconf 90' lang='lat' dir='ltr'><strong>huius</strong></span> <span class='ocrx_word' id='word_1_6' title='bbox 466 604 552 667; x_wconf 87' lang='lat' dir='ltr'><strong>uitae</strong></span> <span class='ocrx_word' id='word_1_7' title='bbox 588 603 682 668; x_wconf 93' lang='lat' dir='ltr'><strong>modo</strong></span> <span class='ocrx_word' id='word_1_8' title='bbox 721 602 839 667; x_wconf 86' lang='lat' dir='ltr'><strong>similia</strong></span> <span class='ocrx_word' id='word_1_9' title='bbox 874 602 985 685; x_wconf 90' lang='lat' dir='ltr'><strong>poenis</strong></span> <span class='ocrx_word' id='word_1_10' title='bbox 1022 600 1172 665; x_wconf 87' lang='lat' dir='ltr'><strong>uidentur</strong></span> <span class='ocrx_word' id='word_1_11' title='bbox 1208 600 1363 664; x_wconf 82' lang='lat' dir='ltr'><strong>aeternis?</strong></span> <span class='ocrx_word' id='word_1_12' title='bbox 1402 597 1469 662; x_wconf 87' lang='lat' dir='ltr'><strong>Ideo</strong></span> 
     </span>
     <span class='ocr_line' id='line_1_3' title="bbox 332 706 1469 791; baseline -0.004 -19"><span class='ocrx_word' id='word_1_13' title='bbox 332 709 449 791; x_wconf 85' lang='lat' dir='ltr'><strong>quippe</strong></span> <span class='ocrx_word' id='word_1_14' title='bbox 482 711 610 772; x_wconf 86' lang='lat' dir='ltr'><strong>aeterua</strong></span> <span class='ocrx_word' id='word_1_15' title='bbox 641 728 712 772; x_wconf 86' lang='lat' dir='ltr'><strong>esse</strong></span> <span class='ocrx_word' id='word_1_16' title='bbox 743 728 804 772; x_wconf 90' lang='lat' dir='ltr'><strong>nou</strong></span> <span class='ocrx_word' id='word_1_17' title='bbox 833 710 978 790; x_wconf 79' lang='lat' dir='ltr'><strong>possunt,</strong></span> <span class='ocrx_word' id='word_1_18' title='bbox 1012 707 1088 789; x_wconf 85' lang='lat' dir='ltr'><strong>quia</strong></span> <span class='ocrx_word' id='word_1_19' title='bbox 1114 725 1172 770; x_wconf 88' lang='lat' dir='ltr'><strong>nec</strong></span> <span class='ocrx_word' id='word_1_20' title='bbox 1198 707 1270 788; x_wconf 84' lang='lat' dir='ltr'><strong>ipsa</strong></span> <span class='ocrx_word' id='word_1_21' title='bbox 1293 706 1370 784; x_wconf 91' lang='lat' dir='ltr'><strong>uita,</strong></span> <span class='ocrx_word' id='word_1_22' title='bbox 1398 723 1469 786; x_wconf 89' lang='lat' dir='ltr'><strong>quae</strong></span> 
     </span>
     <span class='ocr_line' id='line_1_4' title="bbox 331 815 1468 899; baseline -0.004 -21"><span class='ocrx_word' id='word_1_23' title='bbox 331 815 382 880; x_wconf 90' lang='lat' dir='ltr'><strong>his</strong></span> <span class='ocrx_word' id='word_1_24' title='bbox 406 816 567 898; x_wconf 79' lang='lat' dir='ltr'><strong>plectitur,</strong></span> <span class='ocrx_word' id='word_1_25' title='bbox 592 816 764 899; x_wconf 86' lang='lat' dir='ltr'><strong>porrigitur</strong></span> <span class='ocrx_word' id='word_1_26' title='bbox 785 815 817 879; x_wconf 89' lang='lat' dir='ltr'><strong>in</strong></span> <span class='ocrx_word' id='word_1_27' title='bbox 842 817 1019 890; x_wconf 80' lang='lat' dir='ltr'><strong>aeternum3</strong></span> <span class='ocrx_word' id='word_1_28' title='bbox 1050 817 1210 877; x_wconf 87' lang='lat' dir='ltr'><strong>ettamen</strong></span> <span class='ocrx_word' id='word_1_29' title='bbox 1234 816 1374 893; x_wconf 83' lang='lat' dir='ltr'><strong>peccata,</strong></span> <span class='ocrx_word' id='word_1_30' title='bbox 1397 831 1468 893; x_wconf 84' lang='lat' dir='ltr'><strong>quae</strong></span> 
     </span>
     <span class='ocr_line' id='line_1_5' title="bbox 331 919 1468 1005; baseline -0.004 -20"><span class='ocrx_word' id='word_1_31' title='bbox 331 920 534 986; x_wconf 87' lang='lat' dir='ltr'><strong>uindicantur</strong></span> <span class='ocrx_word' id='word_1_32' title='bbox 563 922 744 1005; x_wconf 85' lang='lat' dir='ltr'><strong>longissimi</strong></span> <span class='ocrx_word' id='word_1_33' title='bbox 775 920 928 1004; x_wconf 88' lang='lat' dir='ltr'><strong>temporis</strong></span> <span class='ocrx_word' id='word_1_34' title='bbox 960 919 1081 1000; x_wconf 87' lang='lat' dir='ltr'><strong>poenis,</strong></span> <span class='ocrx_word' id='word_1_35' title='bbox 1116 919 1307 983; x_wconf 87' lang='lat' dir='ltr'><strong>breuissime</strong></span> <span class='ocrx_word' id='word_1_36' title='bbox 1338 923 1468 1001; x_wconf 90' lang='lat' dir='ltr'><strong>tempore</strong></span> 
     </span>
     <span class='ocr_line' id='line_1_6' title="bbox 332 1026 1500 1111; baseline -0.005 -19"><span class='ocrx_word' id='word_1_37' title='bbox 332 1031 567 1111; x_wconf 81' lang='lat' dir='ltr'><strong>perpetrantur3</strong></span> <span class='ocrx_word' id='word_1_38' title='bbox 601 1047 658 1092; x_wconf 89' lang='lat' dir='ltr'><strong>nec</strong></span> <span class='ocrx_word' id='word_1_39' title='bbox 690 1029 859 1110; x_wconf 85' lang='lat' dir='ltr'><strong>quisquam</strong></span> <span class='ocrx_word' id='word_1_40' title='bbox 892 1026 1015 1092; x_wconf 85' lang='lat' dir='ltr'><strong>exstitit</strong></span> <span class='ocrx_word' id='word_1_41' title='bbox 1046 1026 1100 1108; x_wconf 89' lang='lat' dir='ltr'><strong>qui</strong></span> <span class='ocrx_word' id='word_1_42' title='bbox 1133 1030 1277 1090; x_wconf 86' lang='lat' dir='ltr'><strong>censeret</strong></span> <span class='ocrx_word' id='word_1_43' title='bbox 1312 1029 1377 1090; x_wconf 87' lang='lat' dir='ltr'><strong>tam</strong></span> <span class='ocrx_word' id='word_1_44' title='bbox 1413 1026 1500 1088; x_wconf 73' lang='lat' dir='ltr'><strong>citor</strong></span> 
     </span>
     <span class='ocr_line' id='line_1_7' title="bbox 331 1132 1468 1216; baseline -0.005 -18"><span class='ocrx_word' id='word_1_45' title='bbox 331 1135 513 1198; x_wconf 88' lang='lat' dir='ltr'><strong>nocentium</strong></span> <span class='ocrx_word' id='word_1_46' title='bbox 540 1134 677 1199; x_wconf 85' lang='lat' dir='ltr'><strong>finienda</strong></span> <span class='ocrx_word' id='word_1_47' title='bbox 704 1154 774 1200; x_wconf 89' lang='lat' dir='ltr'><strong>esse</strong></span> <span class='ocrx_word' id='word_1_48' title='bbox 804 1138 970 1212; x_wconf 86' lang='lat' dir='ltr'><strong>tormenta,</strong></span> <span class='ocrx_word' id='word_1_49' title='bbox 1000 1133 1182 1216; x_wconf 87' lang='lat' dir='ltr'><strong>quamcito</strong></span> <span class='ocrx_word' id='word_1_50' title='bbox 1206 1133 1327 1196; x_wconf 86' lang='lat' dir='ltr'><strong>facturn</strong></span> <span class='ocrx_word' id='word_1_51' title='bbox 1356 1137 1403 1196; x_wconf 91' lang='lat' dir='ltr'><strong>est</strong></span> <span class='ocrx_word' id='word_1_52' title='bbox 1424 1132 1468 1194; x_wconf 82' lang='lat' dir='ltr'><strong>uel</strong></span> 
     </span>
     <span class='ocr_line' id='line_1_8' title="bbox 330 1238 1469 1324; baseline -0.002 -22"><span class='ocrx_word' id='word_1_53' title='bbox 330 1239 539 1305; x_wconf 84' lang='lat' dir='ltr'><strong>homicidium</strong></span> <span class='ocrx_word' id='word_1_54' title='bbox 575 1241 630 1304; x_wconf 89' lang='lat' dir='ltr'><strong>uel</strong></span> <span class='ocrx_word' id='word_1_55' title='bbox 665 1240 857 1305; x_wconf 83' lang='lat' dir='ltr'><strong>adulterium</strong></span> <span class='ocrx_word' id='word_1_56' title='bbox 894 1243 946 1305; x_wconf 91' lang='lat' dir='ltr'><strong>uel</strong></span> <span class='ocrx_word' id='word_1_57' title='bbox 983 1241 1185 1324; x_wconf 86' lang='lat' dir='ltr'><strong>sacrilegium</strong></span> <span class='ocrx_word' id='word_1_58' title='bbox 1227 1240 1281 1304; x_wconf 90' lang='lat' dir='ltr'><strong>uel</strong></span> <span class='ocrx_word' id='word_1_59' title='bbox 1318 1238 1469 1321; x_wconf 88' lang='lat' dir='ltr'><strong>quodlibet</strong></span> 
     </span>
     <span class='ocr_line' id='line_1_9' title="bbox 331 1344 1467 1430; baseline -0.003 -21"><span class='ocrx_word' id='word_1_60' title='bbox 331 1345 419 1410; x_wconf 88' lang='lat' dir='ltr'><strong>aliud</strong></span> <span class='ocrx_word' id='word_1_61' title='bbox 448 1345 553 1410; x_wconf 86' lang='lat' dir='ltr'><strong>scelus</strong></span> <span class='ocrx_word' id='word_1_62' title='bbox 582 1365 643 1410; x_wconf 91' lang='lat' dir='ltr'><strong>non</strong></span> <span class='ocrx_word' id='word_1_63' title='bbox 671 1346 825 1429; x_wconf 89' lang='lat' dir='ltr'><strong>temporis</strong></span> <span class='ocrx_word' id='word_1_64' title='bbox 854 1347 1064 1430; x_wconf 90' lang='lat' dir='ltr'><strong>longitudine,</strong></span> <span class='ocrx_word' id='word_1_65' title='bbox 1094 1346 1150 1410; x_wconf 86' lang='lat' dir='ltr'><strong>sed</strong></span> <span class='ocrx_word' id='word_1_66' title='bbox 1177 1345 1356 1427; x_wconf 84' lang='lat' dir='ltr'><strong>iniquitatis</strong></span> <span class='ocrx_word' id='word_1_67' title='bbox 1380 1347 1410 1408; x_wconf 92' lang='lat' dir='ltr'><strong>et</strong></span> <span class='ocrx_word' id='word_1_68' title='bbox 1429 1344 1467 1406; x_wconf 90' lang='lat' dir='ltr'><strong>iu-</strong></span> 
     </span>
     <span class='ocr_line' id='line_1_10' title="bbox 330 1451 1466 1538; baseline -0.002 -23"><span class='ocrx_word' id='word_1_69' title='bbox 330 1451 461 1535; x_wconf 87' lang='lat' dir='ltr'><strong>pietatis</strong></span> <span class='ocrx_word' id='word_1_70' title='bbox 489 1453 709 1536; x_wconf 87' lang='lat' dir='ltr'><strong>magnitudine</strong></span> <span class='ocrx_word' id='word_1_71' title='bbox 736 1454 941 1518; x_wconf 89' lang='lat' dir='ltr'><strong>metiendum.</strong></span> <span class='ocrx_word' id='word_1_72' title='bbox 973 1453 1034 1533; x_wconf 82' lang='lat' dir='ltr'><strong>Qui</strong></span> <span class='ocrx_word' id='word_1_73' title='bbox 1057 1472 1132 1517; x_wconf 87' lang='lat' dir='ltr'><strong>uero</strong></span> <span class='ocrx_word' id='word_1_74' title='bbox 1157 1473 1213 1535; x_wconf 91' lang='lat' dir='ltr'><strong>pro</strong></span> <span class='ocrx_word' id='word_1_75' title='bbox 1238 1452 1346 1534; x_wconf 90' lang='lat' dir='ltr'><strong>aliquo</strong></span> <span class='ocrx_word' id='word_1_76' title='bbox 1370 1451 1466 1538; x_wconf 87' lang='lat' dir='ltr'><strong>grandi</strong></span> 
     </span>
     <span class='ocr_line' id='line_1_11' title="bbox 330 1559 1500 1641; baseline -0.003 -18"><span class='ocrx_word' id='word_1_77' title='bbox 330 1559 461 1623; x_wconf 91' lang='lat' dir='ltr'><strong>crimine</strong></span> <span class='ocrx_word' id='word_1_78' title='bbox 489 1562 591 1623; x_wconf 90' lang='lat' dir='ltr'><strong>morte</strong></span> <span class='ocrx_word' id='word_1_79' title='bbox 617 1560 782 1634; x_wconf 88' lang='lat' dir='ltr'><strong>multatur,</strong></span> <span class='ocrx_word' id='word_1_80' title='bbox 811 1559 965 1641; x_wconf 91' lang='lat' dir='ltr'><strong>numquid</strong></span> <span class='ocrx_word' id='word_1_81' title='bbox 994 1579 1083 1624; x_wconf 87' lang='lat' dir='ltr'><strong>mora</strong></span> <span class='ocrx_word' id='word_1_82' title='bbox 1110 1579 1173 1641; x_wconf 86' lang='lat' dir='ltr'><strong>qua</strong></span> <span class='ocrx_word' id='word_1_83' title='bbox 1199 1559 1366 1636; x_wconf 89' lang='lat' dir='ltr'><strong>occiditur,</strong></span> <span class='ocrx_word' id='word_1_84' title='bbox 1398 1573 1500 1641; x_wconf 71' lang='lat' dir='ltr'><strong>quaero</strong></span> 
     </span>
     <span class='ocr_line' id='line_1_12' title="bbox 330 1662 1466 1750; baseline -0.003 -21"><span class='ocrx_word' id='word_1_85' title='bbox 330 1666 494 1748; x_wconf 89' lang='lat' dir='ltr'><strong>perbreuis</strong></span> <span class='ocrx_word' id='word_1_86' title='bbox 522 1668 581 1742; x_wconf 92' lang='lat' dir='ltr'><strong>est,</strong></span> <span class='ocrx_word' id='word_1_87' title='bbox 611 1666 679 1730; x_wconf 89' lang='lat' dir='ltr'><strong>eius</strong></span> <span class='ocrx_word' id='word_1_88' title='bbox 708 1667 900 1748; x_wconf 88' lang='lat' dir='ltr'><strong>supplicium</strong></span> <span class='ocrx_word' id='word_1_89' title='bbox 929 1668 1016 1750; x_wconf 89' lang='lat' dir='ltr'><strong>leges</strong></span> <span class='ocrx_word' id='word_1_90' title='bbox 1045 1666 1215 1730; x_wconf 89' lang='lat' dir='ltr'><strong>aestimant</strong></span> <span class='ocrx_word' id='word_1_91' title='bbox 1242 1669 1275 1730; x_wconf 90' lang='lat' dir='ltr'><strong>et</strong></span> <span class='ocrx_word' id='word_1_92' title='bbox 1303 1685 1362 1730; x_wconf 92' lang='lat' dir='ltr'><strong>non</strong></span> <span class='ocrx_word' id='word_1_93' title='bbox 1395 1662 1466 1746; x_wconf 90' lang='lat' dir='ltr'><strong>quod</strong></span> 
     </span>
     <span class='ocr_line' id='line_1_13' title="bbox 331 1769 1466 1854; baseline -0.004 -18"><span class='ocrx_word' id='word_1_94' title='bbox 331 1791 403 1836; x_wconf 89' lang='lat' dir='ltr'><strong>eum</strong></span> <span class='ocrx_word' id='word_1_95' title='bbox 431 1772 463 1836; x_wconf 93' lang='lat' dir='ltr'><strong>in</strong></span> <span class='ocrx_word' id='word_1_96' title='bbox 492 1773 720 1854; x_wconf 88' lang='lat' dir='ltr'><strong>sempiternum</strong></span> <span class='ocrx_word' id='word_1_97' title='bbox 749 1775 896 1837; x_wconf 85' lang='lat' dir='ltr'><strong>auferunt</strong></span> <span class='ocrx_word' id='word_1_98' title='bbox 919 1774 957 1838; x_wconf 93' lang='lat' dir='ltr'><strong>de</strong></span> <span class='ocrx_word' id='word_1_99' title='bbox 981 1773 1134 1838; x_wconf 86' lang='lat' dir='ltr'><strong>societate</strong></span> <span class='ocrx_word' id='word_1_100' title='bbox 1159 1773 1359 1838; x_wconf 83' lang='lat' dir='ltr'><strong>uiuentium?</strong></span> <span class='ocrx_word' id='word_1_101' title='bbox 1388 1769 1466 1849; x_wconf 82' lang='lat' dir='ltr'><strong>Quod</strong></span> 
     </span>
     <span class='ocr_line' id='line_1_14' title="bbox 331 1877 1465 1962; baseline -0.003 -21"><span class='ocrx_word' id='word_1_102' title='bbox 331 1881 381 1943; x_wconf 88' lang='lat' dir='ltr'><strong>est</strong></span> <span class='ocrx_word' id='word_1_103' title='bbox 408 1881 515 1942; x_wconf 82' lang='lat' dir='ltr'><strong>autern</strong></span> <span class='ocrx_word' id='word_1_104' title='bbox 544 1879 582 1943; x_wconf 90' lang='lat' dir='ltr'><strong>de</strong></span> <span class='ocrx_word' id='word_1_105' title='bbox 609 1879 672 1943; x_wconf 85' lang='lat' dir='ltr'><strong>ista</strong></span> <span class='ocrx_word' id='word_1_106' title='bbox 700 1880 831 1944; x_wconf 85' lang='lat' dir='ltr'><strong>ciuitate</strong></span> <span class='ocrx_word' id='word_1_107' title='bbox 855 1881 983 1944; x_wconf 85' lang='lat' dir='ltr'><strong>mortali</strong></span> <span class='ocrx_word' id='word_1_108' title='bbox 1011 1881 1155 1944; x_wconf 89' lang='lat' dir='ltr'><strong>homiues</strong></span> <span class='ocrx_word' id='word_1_109' title='bbox 1180 1877 1339 1962; x_wconf 89' lang='lat' dir='ltr'><strong>supplicio</strong></span> <span class='ocrx_word' id='word_1_110' title='bbox 1362 1879 1465 1962; x_wconf 82' lang='lat' dir='ltr'><strong>primae</strong></span> 
     </span>
     <span class='ocr_line' id='line_1_15' title="bbox 330 1985 1465 2067; baseline 0 -21"><span class='ocrx_word' id='word_1_111' title='bbox 330 1985 454 2061; x_wconf 89' lang='lat' dir='ltr'><strong>mortis,</strong></span> <span class='ocrx_word' id='word_1_112' title='bbox 485 1987 546 2050; x_wconf 92' lang='lat' dir='ltr'><strong>hoc</strong></span> <span class='ocrx_word' id='word_1_113' title='bbox 574 1989 623 2050; x_wconf 90' lang='lat' dir='ltr'><strong>est</strong></span> <span class='ocrx_word' id='word_1_114' title='bbox 651 1986 689 2049; x_wconf 91' lang='lat' dir='ltr'><strong>de</strong></span> <span class='ocrx_word' id='word_1_115' title='bbox 715 1986 772 2050; x_wconf 85' lang='lat' dir='ltr'><strong>illa</strong></span> <span class='ocrx_word' id='word_1_116' title='bbox 801 1987 930 2050; x_wconf 86' lang='lat' dir='ltr'><strong>ciuitate</strong></span> <span class='ocrx_word' id='word_1_117' title='bbox 957 1987 1117 2052; x_wconf 80' lang='lat' dir='ltr'><strong>inmortali</strong></span> <span class='ocrx_word' id='word_1_118' title='bbox 1145 1986 1290 2050; x_wconf 89' lang='lat' dir='ltr'><strong>homines</strong></span> <span class='ocrx_word' id='word_1_119' title='bbox 1324 1985 1465 2067; x_wconf 86' lang='lat' dir='ltr'><strong>supplicio</strong></span> 
     </span>
     <span class='ocr_line' id='line_1_16' title="bbox 330 2087 1499 2175; baseline 0 -21"><span class='ocrx_word' id='word_1_120' title='bbox 330 2091 487 2154; x_wconf 84' lang='lat' dir='ltr'><strong>secundae</strong></span> <span class='ocrx_word' id='word_1_121' title='bbox 509 2091 621 2157; x_wconf 88' lang='lat' dir='ltr'><strong>mortis</strong></span> <span class='ocrx_word' id='word_1_122' title='bbox 645 2091 778 2155; x_wconf 85' lang='lat' dir='ltr'><strong>auferre.</strong></span> <span class='ocrx_word' id='word_1_123' title='bbox 804 2091 894 2156; x_wconf 88' lang='lat' dir='ltr'><strong>Sicut</strong></span> <span class='ocrx_word' id='word_1_124' title='bbox 917 2091 999 2156; x_wconf 91' lang='lat' dir='ltr'><strong>enim</strong></span> <span class='ocrx_word' id='word_1_125' title='bbox 1024 2111 1084 2157; x_wconf 90' lang='lat' dir='ltr'><strong>uon</strong></span> <span class='ocrx_word' id='word_1_126' title='bbox 1108 2092 1251 2156; x_wconf 87' lang='lat' dir='ltr'><strong>efficiunt</strong></span> <span class='ocrx_word' id='word_1_127' title='bbox 1273 2093 1361 2175; x_wconf 86' lang='lat' dir='ltr'><strong>leges</strong></span> <span class='ocrx_word' id='word_1_128' title='bbox 1383 2087 1465 2154; x_wconf 81' lang='lat' dir='ltr'><strong>hdius</strong></span> <span class='ocrx_word' id='word_1_129' title='bbox 1480 2113 1499 2154; x_wconf 80' lang='lat' dir='ltr'><strong>o</strong></span> 
     </span>
     <span class='ocr_line' id='line_1_17' title="bbox 331 2197 1465 2280; baseline -0.001 -20"><span class='ocrx_word' id='word_1_130' title='bbox 331 2197 483 2275; x_wconf 86' lang='lat' dir='ltr'><strong>ciuitatis,</strong></span> <span class='ocrx_word' id='word_1_131' title='bbox 508 2199 546 2260; x_wconf 90' lang='lat' dir='ltr'><strong>ut</strong></span> <span class='ocrx_word' id='word_1_132' title='bbox 567 2197 598 2260; x_wconf 92' lang='lat' dir='ltr'><strong>in</strong></span> <span class='ocrx_word' id='word_1_133' title='bbox 625 2216 693 2261; x_wconf 89' lang='lat' dir='ltr'><strong>eam</strong></span> <span class='ocrx_word' id='word_1_134' title='bbox 719 2197 854 2280; x_wconf 88' lang='lat' dir='ltr'><strong>quisque</strong></span> <span class='ocrx_word' id='word_1_135' title='bbox 877 2201 1046 2262; x_wconf 88' lang='lat' dir='ltr'><strong>reuocetur</strong></span> <span class='ocrx_word' id='word_1_136' title='bbox 1069 2199 1208 2263; x_wconf 86' lang='lat' dir='ltr'><strong>occisus:</strong></span> <span class='ocrx_word' id='word_1_137' title='bbox 1234 2197 1280 2261; x_wconf 89' lang='lat' dir='ltr'><strong>sic</strong></span> <span class='ocrx_word' id='word_1_138' title='bbox 1305 2217 1362 2261; x_wconf 88' lang='lat' dir='ltr'><strong>nee</strong></span> <span class='ocrx_word' id='word_1_139' title='bbox 1379 2197 1465 2270; x_wconf 89' lang='lat' dir='ltr'><strong>illius,</strong></span> 
     </span>
     <span class='ocr_line' id='line_1_18' title="bbox 329 2303 1465 2369; baseline -0.004 -1"><span class='ocrx_word' id='word_1_140' title='bbox 329 2308 367 2368; x_wconf 88' lang='lat' dir='ltr'><strong>ut</strong></span> <span class='ocrx_word' id='word_1_141' title='bbox 398 2304 430 2367; x_wconf 93' lang='lat' dir='ltr'><strong>in</strong></span> <span class='ocrx_word' id='word_1_142' title='bbox 463 2304 562 2368; x_wconf 88' lang='lat' dir='ltr'><strong>uitam</strong></span> <span class='ocrx_word' id='word_1_143' title='bbox 595 2307 761 2369; x_wconf 89' lang='lat' dir='ltr'><strong>reuocetur</strong></span> <span class='ocrx_word' id='word_1_144' title='bbox 797 2307 955 2369; x_wconf 85' lang='lat' dir='ltr'><strong>aeternam</strong></span> <span class='ocrx_word' id='word_1_145' title='bbox 988 2305 1128 2369; x_wconf 85' lang='lat' dir='ltr'><strong>secunda</strong></span> <span class='ocrx_word' id='word_1_146' title='bbox 1165 2307 1268 2369; x_wconf 89' lang='lat' dir='ltr'><strong>morte</strong></span> <span class='ocrx_word' id='word_1_147' title='bbox 1301 2303 1465 2368; x_wconf 82' lang='lat' dir='ltr'><strong>damnatus.</strong></span> 
     </span>
     <span class='ocr_line' id='line_1_19' title="bbox 331 2409 1465 2494; baseline -0.004 -20"><span class='ocrx_word' id='word_1_148' title='bbox 331 2409 401 2489; x_wconf 81' lang='lat' dir='ltr'><strong>Quo</strong></span> <span class='ocrx_word' id='word_1_149' title='bbox 425 2411 520 2474; x_wconf 92' lang='lat' dir='ltr'><strong>modo</strong></span> <span class='ocrx_word' id='word_1_150' title='bbox 544 2431 619 2494; x_wconf 84' lang='lat' dir='ltr'><strong>ergo</strong></span> <span class='ocrx_word' id='word_1_151' title='bbox 638 2429 751 2475; x_wconf 88' lang='lat' dir='ltr'><strong>uerum</strong></span> <span class='ocrx_word' id='word_1_152' title='bbox 770 2415 830 2486; x_wconf 89' lang='lat' dir='ltr'><strong>est,</strong></span> <span class='ocrx_word' id='word_1_153' title='bbox 850 2411 1007 2494; x_wconf 90' lang='lat' dir='ltr'><strong>inquiunt,</strong></span> <span class='ocrx_word' id='word_1_154' title='bbox 1027 2412 1110 2493; x_wconf 90' lang='lat' dir='ltr'><strong>quod</strong></span> <span class='ocrx_word' id='word_1_155' title='bbox 1130 2411 1176 2476; x_wconf 87' lang='lat' dir='ltr'><strong>ait</strong></span> <span class='ocrx_word' id='word_1_156' title='bbox 1195 2410 1340 2476; x_wconf 81' lang='lat' dir='ltr'><strong>Christus</strong></span> <span class='ocrx_word' id='word_1_157' title='bbox 1358 2413 1465 2473; x_wconf 89' lang='lat' dir='ltr'><strong>uester:</strong></span> 
     </span>
     <span class='ocr_line' id='line_1_20' title="bbox 329 2515 1465 2598; baseline -0.004 -17"><span class='ocrx_word' id='word_1_158' title='bbox 329 2517 370 2581; x_wconf 93' lang='lat' dir='ltr'><strong>In</strong></span> <span class='ocrx_word' id='word_1_159' title='bbox 391 2536 461 2598; x_wconf 86' lang='lat' dir='ltr'><strong>qua</strong></span> <span class='ocrx_word' id='word_1_160' title='bbox 479 2535 654 2580; x_wconf 85' lang='lat' dir='ltr'><strong>mensura</strong></span> <span class='ocrx_word' id='word_1_161' title='bbox 671 2517 791 2580; x_wconf 88' lang='lat' dir='ltr'><strong>mensi</strong></span> <span class='ocrx_word' id='word_1_162' title='bbox 811 2517 976 2596; x_wconf 78' lang='lat' dir='ltr'><strong>fueritiS,</strong></span> <span class='ocrx_word' id='word_1_163' title='bbox 995 2519 1031 2581; x_wconf 92' lang='lat' dir='ltr'><strong>in</strong></span> <span class='ocrx_word' id='word_1_164' title='bbox 1053 2537 1094 2581; x_wconf 86' lang='lat' dir='ltr'><strong>eo</strong></span> <span class='ocrx_word' id='word_1_165' title='bbox 1112 2517 1339 2581; x_wconf 87' lang='lat' dir='ltr'><strong>remetietur</strong></span> <span class='ocrx_word' id='word_1_166' title='bbox 1357 2515 1465 2580; x_wconf 86' lang='lat' dir='ltr'><strong>uobis.</strong></span> 
     </span>
     <span class='ocr_line' id='line_1_21' title="bbox 330 2622 1501 2708; baseline -0.004 -21"><span class='ocrx_word' id='word_1_167' title='bbox 330 2624 358 2688; x_wconf 89' lang='lat' dir='ltr'><strong>si</strong></span> <span class='ocrx_word' id='word_1_168' title='bbox 385 2623 560 2704; x_wconf 85' lang='lat' dir='ltr'><strong>temporale</strong></span> <span class='ocrx_word' id='word_1_169' title='bbox 583 2627 749 2707; x_wconf 91' lang='lat' dir='ltr'><strong>peccatum</strong></span> <span class='ocrx_word' id='word_1_170' title='bbox 773 2623 930 2708; x_wconf 89' lang='lat' dir='ltr'><strong>supplicio</strong></span> <span class='ocrx_word' id='word_1_171' title='bbox 954 2624 1085 2707; x_wconf 90' lang='lat' dir='ltr'><strong>punitur</strong></span> <span class='ocrx_word' id='word_1_172' title='bbox 1108 2627 1254 2690; x_wconf 83' lang='lat' dir='ltr'><strong>aeterno?</strong></span> <span class='ocrx_word' id='word_1_173' title='bbox 1282 2624 1350 2688; x_wconf 87' lang='lat' dir='ltr'><strong>Nec</strong></span> <span class='ocrx_word' id='word_1_174' title='bbox 1372 2622 1466 2686; x_wconf 89' lang='lat' dir='ltr'><strong>adten-</strong></span> <span class='ocrx_word' id='word_1_175' title='bbox 1480 2642 1501 2682; x_wconf 76' lang='lat' dir='ltr'><strong>a</strong></span> 
     </span>
     <span class='ocr_line' id='line_1_22' title="bbox 330 2729 1467 2814; baseline -0.004 -22"><span class='ocrx_word' id='word_1_176' title='bbox 330 2729 410 2795; x_wconf 90' lang='lat' dir='ltr'><strong>dont</strong></span> <span class='ocrx_word' id='word_1_177' title='bbox 445 2746 506 2795; x_wconf 92' lang='lat' dir='ltr'><strong>nou</strong></span> <span class='ocrx_word' id='word_1_178' title='bbox 544 2733 673 2814; x_wconf 89' lang='lat' dir='ltr'><strong>propter</strong></span> <span class='ocrx_word' id='word_1_179' title='bbox 709 2731 839 2812; x_wconf 81' lang='lat' dir='ltr'><strong>aequale</strong></span> <span class='ocrx_word' id='word_1_180' title='bbox 877 2732 1029 2814; x_wconf 87' lang='lat' dir='ltr'><strong>temporis</strong></span> <span class='ocrx_word' id='word_1_181' title='bbox 1068 2732 1216 2814; x_wconf 88' lang='lat' dir='ltr'><strong>spatium,</strong></span> <span class='ocrx_word' id='word_1_182' title='bbox 1260 2730 1317 2794; x_wconf 92' lang='lat' dir='ltr'><strong>sed</strong></span> <span class='ocrx_word' id='word_1_183' title='bbox 1352 2731 1467 2812; x_wconf 86' lang='lat' dir='ltr'><strong>propter</strong></span> 
     </span>
     <span class='ocr_line' id='line_1_23' title="bbox 329 2835 1465 2920; baseline -0.004 -22"><span class='ocrx_word' id='word_1_184' title='bbox 329 2835 584 2900; x_wconf 88' lang='lat' dir='ltr'><strong>uicissitudinem</strong></span> <span class='ocrx_word' id='word_1_185' title='bbox 605 2837 692 2912; x_wconf 85' lang='lat' dir='ltr'><strong>mali,</strong></span> <span class='ocrx_word' id='word_1_186' title='bbox 716 2837 748 2900; x_wconf 92' lang='lat' dir='ltr'><strong>id</strong></span> <span class='ocrx_word' id='word_1_187' title='bbox 773 2841 823 2901; x_wconf 85' lang='lat' dir='ltr'><strong>est</strong></span> <span class='ocrx_word' id='word_1_188' title='bbox 846 2841 883 2901; x_wconf 91' lang='lat' dir='ltr'><strong>ut</strong></span> <span class='ocrx_word' id='word_1_189' title='bbox 906 2837 960 2920; x_wconf 91' lang='lat' dir='ltr'><strong>qui</strong></span> <span class='ocrx_word' id='word_1_190' title='bbox 984 2837 1201 2901; x_wconf 78' lang='lat' dir='ltr'><strong>malefecerit</strong></span> <span class='ocrx_word' id='word_1_191' title='bbox 1224 2837 1308 2901; x_wconf 86' lang='lat' dir='ltr'><strong>mula</strong></span> <span class='ocrx_word' id='word_1_192' title='bbox 1330 2835 1465 2920; x_wconf 87' lang='lat' dir='ltr'><strong>patiatur,</strong></span> 
     </span>
     <span class='ocr_line' id='line_1_24' title="bbox 332 2942 1466 3024; baseline -0.004 -18"><span class='ocrx_word' id='word_1_193' title='bbox 332 2942 462 3006; x_wconf 85' lang='lat' dir='ltr'><strong>eandem</strong></span> <span class='ocrx_word' id='word_1_194' title='bbox 487 2943 605 3007; x_wconf 84' lang='lat' dir='ltr'><strong>dictam</strong></span> <span class='ocrx_word' id='word_1_195' title='bbox 628 2943 728 3008; x_wconf 90' lang='lat' dir='ltr'><strong>fuisse</strong></span> <span class='ocrx_word' id='word_1_196' title='bbox 754 2963 944 3008; x_wconf 87' lang='lat' dir='ltr'><strong>mensuram.</strong></span> <span class='ocrx_word' id='word_1_197' title='bbox 974 2943 1128 3024; x_wconf 83' lang='lat' dir='ltr'><strong>Quamuis</strong></span> <span class='ocrx_word' id='word_1_198' title='bbox 1153 2945 1212 3008; x_wconf 90' lang='lat' dir='ltr'><strong>hoc</strong></span> <span class='ocrx_word' id='word_1_199' title='bbox 1235 2944 1267 3007; x_wconf 92' lang='lat' dir='ltr'><strong>in</strong></span> <span class='ocrx_word' id='word_1_200' title='bbox 1293 2963 1330 3008; x_wconf 88' lang='lat' dir='ltr'><strong>ea</strong></span> <span class='ocrx_word' id='word_1_201' title='bbox 1351 2962 1380 3008; x_wconf 90' lang='lat' dir='ltr'><strong>re</strong></span> <span class='ocrx_word' id='word_1_202' title='bbox 1403 2959 1466 3024; x_wconf 93' lang='lat' dir='ltr'><strong>pro-</strong></span> 
     </span>
     <span class='ocr_line' id='line_1_25' title="bbox 329 3049 1466 3131; baseline -0.003 -20"><span class='ocrx_word' id='word_1_203' title='bbox 329 3049 395 3131; x_wconf 89' lang='lat' dir='ltr'><strong>prie</strong></span> <span class='ocrx_word' id='word_1_204' title='bbox 423 3051 528 3131; x_wconf 88' lang='lat' dir='ltr'><strong>possit</strong></span> <span class='ocrx_word' id='word_1_205' title='bbox 555 3049 666 3131; x_wconf 86' lang='lat' dir='ltr'><strong>accipi,</strong></span> <span class='ocrx_word' id='word_1_206' title='bbox 695 3049 734 3114; x_wconf 92' lang='lat' dir='ltr'><strong>de</strong></span> <span class='ocrx_word' id='word_1_207' title='bbox 761 3069 824 3131; x_wconf 85' lang='lat' dir='ltr'><strong>qua</strong></span> <span class='ocrx_word' id='word_1_208' title='bbox 853 3051 1009 3116; x_wconf 89' lang='lat' dir='ltr'><strong>Dominus</strong></span> <span class='ocrx_word' id='word_1_209' title='bbox 1040 3071 1111 3115; x_wconf 92' lang='lat' dir='ltr'><strong>curn</strong></span> <span class='ocrx_word' id='word_1_210' title='bbox 1140 3050 1201 3115; x_wconf 88' lang='lat' dir='ltr'><strong>hoo</strong></span> <span class='ocrx_word' id='word_1_211' title='bbox 1230 3051 1348 3115; x_wconf 90' lang='lat' dir='ltr'><strong>diceret</strong></span> <span class='ocrx_word' id='word_1_212' title='bbox 1368 3050 1466 3130; x_wconf 87' lang='lat' dir='ltr'><strong>loque-</strong></span> 
     </span>
     <span class='ocr_line' id='line_1_26' title="bbox 328 3151 1501 3235; baseline -0.003 -19"><span class='ocrx_word' id='word_1_213' title='bbox 328 3153 432 3231; x_wconf 87' lang='lat' dir='ltr'><strong>batur,</strong></span> <span class='ocrx_word' id='word_1_214' title='bbox 465 3154 498 3218; x_wconf 91' lang='lat' dir='ltr'><strong>id</strong></span> <span class='ocrx_word' id='word_1_215' title='bbox 531 3159 580 3220; x_wconf 90' lang='lat' dir='ltr'><strong>est</strong></span> <span class='ocrx_word' id='word_1_216' title='bbox 612 3157 650 3220; x_wconf 90' lang='lat' dir='ltr'><strong>de</strong></span> <span class='ocrx_word' id='word_1_217' title='bbox 677 3156 806 3221; x_wconf 87' lang='lat' dir='ltr'><strong>iudiciis</strong></span> <span class='ocrx_word' id='word_1_218' title='bbox 836 3162 868 3220; x_wconf 90' lang='lat' dir='ltr'><strong>et</strong></span> <span class='ocrx_word' id='word_1_219' title='bbox 899 3157 1222 3222; x_wconf 73' lang='lat' dir='ltr'><strong>condemnationibus.</strong></span> <span class='ocrx_word' id='word_1_220' title='bbox 1255 3155 1386 3222; x_wconf 88' lang='lat' dir='ltr'><strong>Proinde</strong></span> <span class='ocrx_word' id='word_1_221' title='bbox 1418 3151 1501 3235; x_wconf 70' lang='lat' dir='ltr'><strong>quia</strong></span> 
     </span>
     <span class='ocr_line' id='line_1_27' title="bbox 289 3259 1468 3341; baseline -0.002 -19"><span class='ocrx_word' id='word_1_222' title='bbox 289 3277 291 3281; x_wconf 89' lang='lat'>·</span> <span class='ocrx_word' id='word_1_223' title='bbox 327 3259 450 3325; x_wconf 87' lang='lat' dir='ltr'><strong>iudicat</strong></span> <span class='ocrx_word' id='word_1_224' title='bbox 485 3264 518 3324; x_wconf 86' lang='lat' dir='ltr'><strong>ot</strong></span> <span class='ocrx_word' id='word_1_225' title='bbox 555 3262 743 3327; x_wconf 81' lang='lat' dir='ltr'><strong>condemnat</strong></span> <span class='ocrx_word' id='word_1_226' title='bbox 779 3262 906 3341; x_wconf 89' lang='lat' dir='ltr'><strong>iniuste,</strong></span> <span class='ocrx_word' id='word_1_227' title='bbox 940 3263 967 3328; x_wconf 92' lang='lat' dir='ltr'><strong>si</strong></span> <span class='ocrx_word' id='word_1_228' title='bbox 999 3263 1158 3328; x_wconf 87' lang='lat' dir='ltr'><strong>iudicatur</strong></span> <span class='ocrx_word' id='word_1_229' title='bbox 1190 3268 1221 3328; x_wconf 92' lang='lat' dir='ltr'><strong>et</strong></span> <span class='ocrx_word' id='word_1_230' title='bbox 1254 3263 1468 3328; x_wconf 85' lang='lat' dir='ltr'><strong>condemnatur</strong></span> 
     </span>
     <span class='ocr_line' id='line_1_28' title="bbox 327 3363 1465 3452; baseline -0.002 -23"><span class='ocrx_word' id='word_1_231' title='bbox 327 3365 423 3445; x_wconf 89' lang='lat' dir='ltr'><strong>iuste,</strong></span> <span class='ocrx_word' id='word_1_232' title='bbox 462 3366 494 3430; x_wconf 93' lang='lat' dir='ltr'><strong>in</strong></span> <span class='ocrx_word' id='word_1_233' title='bbox 532 3367 642 3431; x_wconf 91' lang='lat' dir='ltr'><strong>eadem</strong></span> <span class='ocrx_word' id='word_1_234' title='bbox 674 3388 823 3432; x_wconf 83' lang='lat' dir='ltr'><strong>mensuro</strong></span> <span class='ocrx_word' id='word_1_235' title='bbox 855 3368 978 3451; x_wconf 89' lang='lat' dir='ltr'><strong>recipit,</strong></span> <span class='ocrx_word' id='word_1_236' title='bbox 1018 3369 1164 3452; x_wconf 86' lang='lat' dir='ltr'><strong>quamuis</strong></span> <span class='ocrx_word' id='word_1_237' title='bbox 1197 3388 1258 3434; x_wconf 91' lang='lat' dir='ltr'><strong>non</strong></span> <span class='ocrx_word' id='word_1_238' title='bbox 1296 3369 1354 3432; x_wconf 92' lang='lat' dir='ltr'><strong>hoc</strong></span> <span class='ocrx_word' id='word_1_239' title='bbox 1389 3363 1465 3448; x_wconf 89' lang='lat' dir='ltr'><strong>quod</strong></span> 
     </span>
     <span class='ocr_line' id='line_1_29' title="bbox 330 3470 1467 3557; baseline -0.004 -23"><span class='ocrx_word' id='word_1_240' title='bbox 330 3470 427 3536; x_wconf 90' lang='lat' dir='ltr'><strong>dedit.</strong></span> <span class='ocrx_word' id='word_1_241' title='bbox 464 3472 586 3537; x_wconf 91' lang='lat' dir='ltr'><strong>Iudicio</strong></span> <span class='ocrx_word' id='word_1_242' title='bbox 624 3473 707 3537; x_wconf 91' lang='lat' dir='ltr'><strong>enim</strong></span> <span class='ocrx_word' id='word_1_243' title='bbox 740 3474 826 3552; x_wconf 88' lang='lat' dir='ltr'><strong>fecit,</strong></span> <span class='ocrx_word' id='word_1_244' title='bbox 863 3473 981 3538; x_wconf 90' lang='lat' dir='ltr'><strong>iudicio</strong></span> <span class='ocrx_word' id='word_1_245' title='bbox 1016 3474 1148 3557; x_wconf 82' lang='lat' dir='ltr'><strong>patitur3</strong></span> <span class='ocrx_word' id='word_1_246' title='bbox 1187 3477 1336 3556; x_wconf 85' lang='lat' dir='ltr'><strong>quamuis</strong></span> <span class='ocrx_word' id='word_1_247' title='bbox 1364 3470 1467 3536; x_wconf 84' lang='lat' dir='ltr'><strong>lecerit</strong></span> 
     </span>
     <span class='ocr_line' id='line_1_30' title="bbox 330 3575 1464 3664; baseline -0.005 -22"><span class='ocrx_word' id='word_1_248' title='bbox 330 3578 529 3643; x_wconf 81' lang='lat' dir='ltr'><strong>damnatione</strong></span> <span class='ocrx_word' id='word_1_249' title='bbox 567 3580 653 3661; x_wconf 91' lang='lat' dir='ltr'><strong>quod</strong></span> <span class='ocrx_word' id='word_1_250' title='bbox 693 3579 839 3661; x_wconf 89' lang='lat' dir='ltr'><strong>iniquum</strong></span> <span class='ocrx_word' id='word_1_251' title='bbox 878 3584 937 3659; x_wconf 88' lang='lat' dir='ltr'><strong>est,</strong></span> <span class='ocrx_word' id='word_1_252' title='bbox 979 3581 1118 3664; x_wconf 86' lang='lat' dir='ltr'><strong>patiatur</strong></span> <span class='ocrx_word' id='word_1_253' title='bbox 1154 3579 1352 3645; x_wconf 84' lang='lat' dir='ltr'><strong>damnatione</strong></span> <span class='ocrx_word' id='word_1_254' title='bbox 1388 3575 1464 3660; x_wconf 86' lang='lat' dir='ltr'><strong>quod</strong></span> 
     </span>
     <span class='ocr_line' id='line_1_31' title="bbox 328 3684 1501 3751; baseline 0 -4"><span class='ocrx_word' id='word_1_255' title='bbox 328 3684 450 3749; x_wconf 87' lang='lat' dir='ltr'><strong>iustum</strong></span> <span class='ocrx_word' id='word_1_256' title='bbox 475 3690 534 3751; x_wconf 88' lang='lat' dir='ltr'><strong>est.</strong></span> <span class='ocrx_word' id='word_1_257' title='bbox 1480 3709 1501 3748; x_wconf 75' lang='lat' dir='ltr'><strong>so</strong></span> 
     </span>
    </p>
   </div>
   <div class='ocr_carea' id='block_1_3' title="bbox 420 3871 617 3935">
    <p class='ocr_par' dir='ltr' id='par_1_3' title="bbox 420 3871 617 3935">
     <span class='ocr_line' id='line_1_32' title="bbox 420 3871 617 3935; baseline -0.015 -9"><span class='ocrx_word' id='word_1_258' title='bbox 420 3873 452 3926; x_wconf 90' lang='grc'><strong>19</strong></span> <span class='ocrx_word' id='word_1_259' title='bbox 471 3871 517 3926; x_wconf 91' lang='lat' dir='ltr'><strong>Lc.</strong></span> <span class='ocrx_word' id='word_1_260' title='bbox 538 3874 564 3935; x_wconf 89' lang='lat'><strong>6,</strong></span> <span class='ocrx_word' id='word_1_261' title='bbox 583 3871 617 3924; x_wconf 90' lang='lat'><strong>38</strong></span> 
     </span>
    </p>
   </div>
   <div class='ocr_carea' id='block_1_4' title="bbox 327 4001 1466 4382">
    <p class='ocr_par' dir='ltr' id='par_1_4' title="bbox 327 4001 1466 4382">
     <span class='ocr_line' id='line_1_33' title="bbox 364 4001 1466 4118; baseline -0.002 -21"><span class='ocrx_word' id='word_1_262' title='bbox 364 4043 592 4112; x_wconf 77' lang='lat' dir='ltr'><strong>duocenciam&#39;p</strong></span> <span class='ocrx_word' id='word_1_263' title='bbox 639 4045 836 4113; x_wconf 81' lang='lat' dir='ltr'><strong>lsagrileg.c</strong></span> <span class='ocrx_word' id='word_1_264' title='bbox 881 4048 913 4102; x_wconf 83' lang='lat'><strong>10</strong></span> <span class='ocrx_word' id='word_1_265' title='bbox 931 4043 1085 4100; x_wconf 88' lang='lat' dir='ltr'><strong>hocciditur</strong></span> <span class='ocrx_word' id='word_1_266' title='bbox 1101 4064 1131 4118; x_wconf 78' lang='lat' dir='ltr'><strong>g,·</strong></span> <span class='ocrx_word' id='word_1_267' title='bbox 1151 4001 1321 4111; x_wconf 62' lang='lat' dir='ltr'><strong>occiditure</strong></span> <span class='ocrx_word' id='word_1_268' title='bbox 1358 4045 1390 4098; x_wconf 90' lang='lat'><strong>11</strong></span> <span class='ocrx_word' id='word_1_269' title='bbox 1411 4043 1466 4096; x_wconf 85' lang='lat' dir='ltr'><strong>bre·</strong></span> 
     </span>
     <span class='ocr_line' id='line_1_34' title="bbox 327 4131 1465 4206; baseline -0.002 -22"><span class='ocrx_word' id='word_1_270' title='bbox 327 4131 371 4184; x_wconf 86' lang='lat' dir='ltr'><strong>uis</strong></span> <span class='ocrx_word' id='word_1_271' title='bbox 385 4149 408 4199; x_wconf 80' lang='lat' dir='ltr'><strong>p</strong></span> <span class='ocrx_word' id='word_1_272' title='bbox 463 4133 496 4185; x_wconf 88' lang='lat'><strong>13</strong></span> <span class='ocrx_word' id='word_1_273' title='bbox 515 4132 633 4185; x_wconf 86' lang='lat' dir='ltr'><strong>hominis</strong></span> <span class='ocrx_word' id='word_1_274' title='bbox 650 4132 680 4202; x_wconf 75' lang='lat'><strong>9²</strong></span> <span class='ocrx_word' id='word_1_275' title='bbox 735 4134 769 4187; x_wconf 87' lang='grc'><strong>14</strong></span> <span class='ocrx_word' id='word_1_276' title='bbox 787 4133 821 4188; x_wconf 89' lang='lat' dir='ltr'><strong>de</strong></span> <span class='ocrx_word' id='word_1_277' title='bbox 841 4135 954 4189; x_wconf 84' lang='lat' dir='ltr'><strong>ciuitate</strong></span> <span class='ocrx_word' id='word_1_278' title='bbox 973 4136 1055 4189; x_wconf 81' lang='lat' dir='ltr'><strong>illac</strong></span> <span class='ocrx_word' id='word_1_279' title='bbox 1108 4135 1227 4190; x_wconf 87' lang='lat' dir='ltr'><strong>hominis</strong></span> <span class='ocrx_word' id='word_1_280' title='bbox 1240 4135 1270 4206; x_wconf 76' lang='lat'><strong>9²</strong></span> <span class='ocrx_word' id='word_1_281' title='bbox 1322 4135 1350 4189; x_wconf 82' lang='lat'><strong>21</strong></span> <span class='ocrx_word' id='word_1_282' title='bbox 1363 4149 1402 4202; x_wconf 74' lang='lat' dir='ltr'><strong>sq.</strong></span> <span class='ocrx_word' id='word_1_283' title='bbox 1418 4149 1465 4186; x_wconf 85' lang='lat' dir='ltr'><strong>non</strong></span> 
     </span>
     <span class='ocr_line' id='line_1_35' title="bbox 327 4220 1465 4295; baseline 0.004 -24"><span class='ocrx_word' id='word_1_284' title='bbox 327 4222 439 4289; x_wconf 84' lang='lat' dir='ltr'><strong>propter</strong></span> <span class='ocrx_word' id='word_1_285' title='bbox 461 4220 656 4287; x_wconf 84' lang='lat' dir='ltr'><strong>aequalitatem</strong></span> <span class='ocrx_word' id='word_1_286' title='bbox 678 4223 810 4291; x_wconf 87' lang='lat' dir='ltr'><strong>temporis</strong></span> <span class='ocrx_word' id='word_1_287' title='bbox 830 4239 861 4291; x_wconf 80' lang='lat' dir='ltr'><strong>p,</strong></span> <span class='ocrx_word' id='word_1_288' title='bbox 880 4223 1005 4291; x_wconf 78' lang='lat' dir='ltr'><strong>fortasse</strong></span> <span class='ocrx_word' id='word_1_289' title='bbox 1028 4230 1184 4288; x_wconf 68' lang='lat' dir='ltr'><strong>rociacum</strong></span> <span class='ocrx_word' id='word_1_290' title='bbox 1206 4225 1247 4278; x_wconf 83' lang='lat' dir='ltr'><strong>sic</strong></span> <span class='ocrx_word' id='word_1_291' title='bbox 1265 4227 1395 4295; x_wconf 68' lang='lat' dir='ltr'><strong>conparat</strong></span> <span class='ocrx_word' id='word_1_292' title='bbox 1413 4237 1465 4276; x_wconf 77' lang='lat' dir='ltr'><strong>cum</strong></span> 
     </span>
     <span class='ocr_line' id='line_1_36' title="bbox 330 4311 1466 4382; baseline 0.003 -22"><span class='ocrx_word' id='word_1_293' title='bbox 330 4315 457 4375; x_wconf 77' lang='lat' dir='ltr'><strong>sequente</strong></span> <span class='ocrx_word' id='word_1_294' title='bbox 468 4313 580 4377; x_wconf 88' lang='lat' dir='ltr'><strong>propter</strong></span> <span class='ocrx_word' id='word_1_295' title='bbox 594 4311 811 4364; x_wconf 88' lang='lat' dir='ltr'><strong>uicissitudinem</strong></span> <span class='ocrx_word' id='word_1_296' title='bbox 826 4313 890 4366; x_wconf 85' lang='lat' dir='ltr'><strong>mali</strong></span> <span class='ocrx_word' id='word_1_297' title='bbox 928 4314 962 4366; x_wconf 80' lang='lat'><strong>22</strong></span> <span class='ocrx_word' id='word_1_298' title='bbox 976 4311 1180 4382; x_wconf 77' lang='lat' dir='ltr'><strong>male-moley</strong></span> <span class='ocrx_word' id='word_1_299' title='bbox 1216 4313 1345 4368; x_wconf 73' lang='lat' dir='ltr'><strong>231nens.</strong></span> <span class='ocrx_word' id='word_1_300' title='bbox 1360 4312 1466 4376; x_wconf 81' lang='lat' dir='ltr'><strong>luissep</strong></span> 
     </span>
    </p>
   </div>
   <div class='ocr_carea' id='block_1_5' title="bbox 0 0 1600 4950">
    <p class='ocr_par' dir='ltr' id='par_1_5' title="bbox 0 0 1600 4950">
     <span class='ocr_line' id='line_1_37' title="bbox 0 0 1600 4950; baseline 0 0"><span class='ocrx_word' id='word_1_301' title='bbox 0 0 1600 4950; x_wconf 95' lang='lat' dir='ltr'><strong> </strong></span> 
     </span>
    </p>
   </div>
  </div>
 </body>
</html>
