3192 4959
339 458 390 512 De
414 458 588 512 ciuitate
612 458 674 512 dei
696 458 761 512 lib.
784 458 870 512 XVII.
896 476 971 529 cap.
991 460 1015 512 2.
1035 460 1060 513 3.
1208 463 1270 527 207

122 653 237 717 deiude
260 658 453 737 superesset,
479 673 542 736 quo
565 656 689 718 terrena
711 654 768 717 illa
791 653 851 717 Dei
874 654 1043 737 promissio
1064 656 1272 739 conpleretur,

121 760 184 823 nisi
215 762 254 823 ut
285 761 318 823 in
352 761 461 824 eadem
493 763 587 835 terra,
621 762 774 841 quantum
808 759 848 823 ad
879 761 1122 843 prosperitatem
1153 762 1274 825 adtinet

122 867 343 949 temporalem,
379 884 436 948 per
466 866 663 949 posteritatis
696 866 931 931 successionem
964 866 1153 933 inconcusso
1186 872 1272 934 statu

122 992 225 1054 usque
258 973 298 1037 ad
324 972 470 1037 mortalis
501 972 597 1036 buius
625 971 745 1036 saeculi
772 971 943 1036 terminum
971 992 1048 1055 gens
1076 980 1274 1055 permaneret

100 1078 279 1157 sHebraea,
308 1079 337 1142 si
365 1078 494 1143 Domini
521 1078 580 1142 Dei
609 1078 659 1142 sui
686 1078 813 1161 legibus
843 1078 1014 1145 oboediret.
1038 1080 1100 1145 Sed
1125 1082 1271 1163 quoniam

122 1188 210 1251 Deus
243 1190 378 1251 nouerat
410 1186 469 1251 hoc
507 1204 574 1249 eam
613 1204 674 1249 non
708 1205 779 1249 esse
811 1186 977 1263 lecturam,
1009 1206 1088 1253 usus
1122 1193 1171 1253 est
1203 1190 1271 1254 eius

125 1294 222 1357 etiam
245 1293 476 1377 temporalibus
499 1293 609 1373 poeuis
634 1292 674 1355 ad
697 1292 885 1357 exercendos
909 1292 941 1357 in
966 1312 1001 1357 ea
1024 1313 1143 1376 paucos
1162 1294 1271 1360 fideles

124 1419 199 1464 suos
224 1403 258 1464 et
285 1399 498 1465 admonendos
522 1398 577 1481 qui
599 1401 711 1480 postea
735 1399 835 1462 luturi
861 1402 948 1463 erent
970 1399 1002 1463 iu
1027 1402 1175 1466 omnibus
1199 1421 1272 1485 gen·

124 1508 221 1583 tibus,
256 1506 342 1589 quod
375 1525 428 1571 eos
462 1505 622 1571 admoneri
646 1506 820 1587 oportebat,
853 1506 884 1570 in
909 1506 1024 1587 quibus
1048 1508 1180 1572 alteram
1203 1528 1273 1591 pro·

90 1639 110 1676 n
125 1613 310 1678 missionem
333 1614 475 1677 reuelato
499 1631 582 1677 nouo
601 1613 794 1677 testamento
814 1630 870 1694 per
887 1612 1133 1678 incarnationem
1154 1614 1272 1681 Christi

125 1720 228 1784 fuerat
249 1720 440 1802 inpleturus

590 1894 727 1961 CAPUT
750 1896 807 1960 ΙΠ.

127 2038 175 2103 De
211 2038 426 2122 tripertitis
463 2037 821 2121 significationibus
859 2038 1135 2121 prophetarum,
1176 2056 1271 2120 quae

128 2165 220 2210 nnrnc
259 2145 302 2209 ad
340 2149 538 2216 terrenam.
574 2165 669 2210 nunc
707 2145 750 2208 ad
783 2146 986 2210 caelestem
1019 2145 1270 2223 Hierusalem,

92 2296 113 2333 rs
305 2272 400 2316 nunc
424 2255 549 2315 autem
573 2252 616 2315 ad
639 2254 836 2333 utramque
860 2251 1087 2315 referuntur.

170 2391 326 2471 Quocirca
358 2394 443 2457 siout
474 2395 602 2458 oracula
633 2394 690 2457 illa
722 2394 831 2457 diuina
863 2394 901 2457 ad
934 2393 1091 2458 Abrabam
1121 2394 1209 2457 Isaac
1240 2396 1272 2457 et

127 2499 219 2563 lacob
244 2502 276 2563 et
299 2518 518 2582 quaecumque
542 2501 604 2563 alia
627 2500 719 2585 sigua
742 2501 794 2563 uel
815 2500 900 2564 diota
918 2500 1102 2583 prophetica
1120 2500 1151 2563 in
1172 2499 1269 2564 sacris

129 2606 239 2670 litteris
271 2607 532 2689 praecedentibus
564 2608 648 2672 facta
677 2611 761 2684 sunt,
794 2608 841 2671 ita
869 2608 963 2670 etiam
993 2610 1115 2669 ceterae
1144 2606 1182 2670 ab
1206 2605 1269 2671 isto

129 2730 235 2795 regum
259 2717 400 2796 tempora
424 2715 608 2798 prophetiae
631 2715 746 2796 partim
770 2714 930 2795 pertinent
952 2713 990 2777 ad
1015 2716 1142 2796 gentem
1168 2714 1269 2778 carnis

93 2820 278 2896 subtrahad
311 2820 426 2902 partim
457 2840 532 2885 uero
566 2820 604 2883 sd
636 2820 717 2884 illud
751 2840 858 2884 semen
892 2820 970 2897 eius,
999 2820 1032 2883 in
1061 2839 1121 2901 quo
1145 2820 1270 2883 benedi·

132 2930 238 2990 cuntur
256 2945 366 2991 omnes
386 2929 496 3011 gentes
511 2926 679 2991 coheredes
700 2926 820 2992 Christi
839 2946 894 3009 per
909 2929 1135 2990 testamentum
1150 2946 1270 2991 nounrm

132 3031 167 3093 ad
187 3032 411 3114 possidendam
434 3033 535 3097 uitam
557 3039 715 3097 aeternam
739 3053 935 3115 regnumque
955 3034 1129 3109 caelorum
1155 3034 1269 3115 partim

133 3156 200 3221 ergo
224 3139 262 3202 ad
287 3138 444 3217 ancillam,
469 3158 549 3222 quae
571 3140 603 3203 in
629 3140 816 3203 seruitutem
837 3142 975 3222 generat,
994 3138 1028 3202 id
1048 3142 1097 3201 cst
1114 3144 1270 3202 terrenam

132 3242 336 3323 Hierusalem,
361 3266 440 3327 quae
465 3246 566 3311 seruit
589 3266 660 3309 cum
685 3246 761 3309 filiis
786 3245 864 3321 suia,
893 3246 1009 3328 partim
1034 3264 1107 3309 uero
1132 3245 1170 3307 ad
1194 3244 1271 3308 libe-

93 3369 191 3414 aram
223 3353 389 3417 ciuitatem
422 3352 491 3429 Dei,
524 3352 556 3416 id
590 3357 639 3416 est
671 3371 779 3417 ueram
813 3352 1013 3416 Hierusalem
1047 3356 1204 3415 aeternam
1238 3352 1269 3415 iu

133 3458 231 3536 caelis,
268 3460 360 3523 cuius
393 3460 450 3523 filii
481 3460 626 3524 homiues
659 3460 835 3524 secundum
867 3459 968 3523 Deum
1003 3458 1149 3522 uiuentes
1182 3476 1269 3541 pere-

133 3565 287 3644 grinantur
308 3567 341 3630 in
360 3568 468 3644 terris;
494 3567 550 3630 sed
574 3568 704 3631 suntin
728 3567 772 3630 eis
799 3566 963 3648 quaedam,
988 3584 1067 3647 quae
1092 3563 1129 3627 ad
1153 3568 1270 3627 utram-

134 3690 188 3750 que
213 3676 366 3755 pertinere
393 3675 631 3757 intelleguntur,
665 3674 705 3737 ad
734 3674 879 3738 ancillam
908 3673 1042 3755 proprie.
1072 3672 1109 3736 ad
1137 3672 1267 3734 liberam

135 3774 266 3859 figurate.

93 3906 120 3947 so
173 3883 336 3967 Tripertita
353 3886 460 3968 itaque
479 3887 678 3969 reperiuntur
696 3887 823 3968 eloquia
841 3885 1075 3968 prophetarum,
1098 3884 1124 3947 si
1140 3883 1267 3965 quidem

136 3988 231 4071 aliqua
264 3996 339 4057 sunt
376 3994 415 4057 ad
444 3999 598 4057 terrenam
630 3993 830 4058 Hierusalem
865 3992 1051 4073 spectantia,
1091 3991 1196 4071 aliqua
1229 3990 1268 4053 ad

167 4181 427 4238 tsaeculibniuso
490 4186 594 4254 llquos
613 4201 658 4237 eos
675 4202 693 4254 p
755 4185 787 4237 15
809 4186 898 4237 autern
918 4200 968 4237 om.
984 4201 1005 4251 p
1068 4184 1100 4236 19
1118 4186 1223 4251 partem
1242 4200 1267 4252 p.

138 4272 159 4316 el
174 4268 210 4323 ric
227 4271 244 4326 l.
262 4276 302 4324 20
320 4277 360 4325 22
378 4276 419 4327 24
526 4276 561 4326 25
580 4290 671 4327 ueram
690 4290 740 4327 om.
762 4292 779 4323 α
887 4274 919 4326 27
941 4289 1008 4341 quae
1032 4273 1060 4336 in
1085 4272 1268 4341 superscripto

139 4354 197 4408 ate
262 4364 438 4431 utrumquep
492 4363 524 4416 31
546 4364 751 4432 expectantiap
