3192 4959
396 453 447 506 De
475 453 650 506 ciuitate
679 452 740 506 dei
769 452 835 506 lib.
860 451 931 508 xxi.
958 467 1033 521 cap.
1058 454 1082 507 6.
1247 457 1311 518 525

157 649 280 713 artium
309 652 341 714 et
367 649 511 731 ipsorum
538 667 595 730 per
622 666 656 712 se
683 647 772 730 ipsos
802 646 992 712 daemonum
1020 649 1123 712 multa
1145 649 1312 725 miracula;

158 775 244 838 quae
268 757 296 820 si
319 773 435 839 negare
458 754 667 832 uoluerimus,
690 754 794 819 eidem
817 754 880 836 ipsi
904 755 956 818 cui
976 755 1134 819 credimus
1154 773 1313 820 sacrarum

156 863 357 940 litterarum,
380 860 620 925 aduersabimur
654 859 793 924 ueritati.
832 860 897 924 Aut
928 879 1001 944 ergo
1034 863 1066 925 in
1098 863 1228 926 lucerna
1258 862 1315 926 illa

157 968 384 1033 mechanicum
420 967 541 1048 aliquid
579 966 617 1031 de
649 966 754 1048 lapide
787 967 915 1031 asbesto
949 985 999 1032 ars
1032 968 1170 1032 humana
1202 969 1315 1033 molita

124 1079 212 1139 sest
235 1077 383 1138 antarta
406 1073 531 1156 magica
552 1073 673 1136 factum
697 1074 756 1151 est,
780 1073 865 1155 quod
887 1073 1032 1138 homines
1051 1075 1107 1139 illu
1127 1077 1316 1141 mirarentur

156 1183 191 1245 in
219 1179 357 1262 templo,
389 1182 447 1243 ant
473 1179 606 1243 daemon
634 1179 792 1261 quispiam
822 1179 880 1244 sub
910 1181 1036 1245 numine
1065 1181 1198 1246 Veneris
1226 1185 1315 1247 tanta

157 1307 194 1352 se
224 1287 369 1351 efficacia
396 1286 624 1368 praesentauit,
656 1289 694 1349 ut
720 1286 779 1350 hoc
809 1286 854 1349 ibi
881 1287 1063 1370 prodigium
1091 1291 1123 1353 et
1151 1293 1316 1372 appareret

155 1393 347 1458 hominibus
371 1397 403 1457 et
426 1391 548 1456 diutius
571 1396 777 1474 permaneret.
803 1393 995 1457 Inliciuntnr
1017 1397 1123 1459 antem
1144 1395 1313 1460 daemones

157 1501 199 1564 ad
222 1499 465 1564 inhabitandum
489 1518 546 1582 per
569 1502 738 1574 creaturae,
767 1518 846 1581 quas
870 1519 931 1564 non
955 1501 1027 1582 ipsi,
1053 1501 1109 1564 sed
1133 1501 1220 1566 Deus
1244 1520 1316 1567 con-

112 1630 137 1666 ιο
156 1607 255 1683 didit,
285 1605 527 1670 delectabilibus
555 1623 612 1686 pro
637 1623 696 1669 sua
719 1605 906 1669 diuersitate
930 1607 1077 1684 diuersis,
1105 1627 1167 1672 non
1190 1610 1228 1672 ut
1250 1609 1315 1672 ani·

155 1715 261 1778 malta
283 1713 375 1790 cibis,
400 1712 455 1776 sed
478 1716 516 1775 ut
534 1712 667 1794 spiritus
692 1711 803 1794 signis,
829 1731 910 1794 quae
935 1714 1088 1796 cuiusque
1113 1714 1315 1780 delectationi

156 1823 354 1905 congruunt,
390 1838 447 1901 par
483 1818 572 1884 uaria
608 1838 724 1903 genera
758 1818 903 1901 lapidum
940 1819 1118 1900 herbarum,
1155 1821 1315 1906 lignorum

156 1928 360 2006 animalium,
390 1926 564 1991 carminum
588 1927 719 1994 rituum.
748 1926 792 1991 Ut
815 1931 922 1991 autem
946 1927 1129 1992 inliciantur
1153 1928 1191 1991 ab
1215 1927 1316 1992 horni-

154 2036 268 2110 nibus,
304 2034 393 2116 prius
431 2053 486 2099 eos
524 2033 586 2115 ipsi
618 2034 820 2098 astutissima
852 2033 1027 2099 calliditate
1061 2035 1227 2112 seducunt,
1263 2035 1315 2098 uel

109 2154 136 2194 15
153 2142 344 2224 inspirando
369 2159 477 2205 eorum
498 2139 646 2204 cordibus
666 2140 755 2205 uirus
776 2142 940 2205 occultum
959 2143 1011 2206 uel
1032 2141 1128 2205 etiam
1146 2141 1314 2206 fallacibus

155 2248 315 2313 amicitiis
339 2247 527 2330 apparendo,
552 2266 724 2329 eorumque
748 2265 867 2330 paucos
896 2247 1070 2330 discipulos
1096 2267 1171 2312 suus
1195 2248 1317 2313 faciunt

153 2354 437 2438 plurimorumque
474 2352 628 2419 doctores.
666 2353 778 2436 Neque
818 2355 902 2418 enim
933 2355 1049 2437 potuit,
1083 2354 1143 2418 nisi
1175 2355 1314 2436 primum

155 2461 243 2545 ipsis
278 2459 476 2538 docentibus,
509 2460 590 2524 disci
625 2459 703 2542 qnid
735 2460 871 2544 quisque
903 2461 1031 2525 illorum
1065 2460 1204 2544 adpetat,
1238 2461 1315 2543 quid

156 2569 340 2641 exhorreat,
368 2585 430 2648 quo
458 2567 614 2631 innitetur
640 2566 776 2637 nomine,
805 2586 868 2648 quo
893 2570 1038 2650 uagatum
1067 2567 1149 2632 unde
1173 2568 1315 2651 magicae

108 2688 135 2728 2⁰
157 2678 249 2739 artes
275 2691 446 2754 earumque
471 2672 606 2738 artifices
630 2675 829 2738 exstiterunt.
854 2674 990 2738 Maxime
1019 2677 1125 2738 autem
1149 2673 1317 2756 possident

155 2780 260 2845 corda
283 2779 478 2857 mortalium,
502 2799 564 2862 qua
585 2779 791 2861 potissimum
811 2779 1012 2862 possessione
1032 2781 1218 2864 gloriantur,
1243 2799 1316 2845 cum

155 2907 193 2952 se
233 2885 464 2969 transfigurant
499 2885 531 2948 in
570 2887 699 2970 angelos
735 2887 829 2952 lucis.
864 2885 948 2952 Sunt
979 2907 1053 2971 ergo
1086 2888 1171 2952 facta
1206 2907 1315 2952 eorum

153 2991 313 3076 plurima,
342 3009 422 3072 quae
451 2994 567 3072 quanto
595 2992 698 3074 magis
721 2993 881 3057 mirabilia
904 2993 1102 3070 confitemur,
1131 2997 1219 3059 tanto
1245 3013 1316 3058 cau-

153 3100 228 3163 tius
257 3097 360 3161 uitare
389 3097 553 3172 debemus;
585 3098 641 3162 sed
669 3098 708 3162 ad
736 3099 806 3176 hoc,
836 3099 919 3163 unde
947 3119 1030 3164 nunc
1058 3100 1194 3184 agimus,
1225 3100 1316 3164 nobis

106 3235 134 3275 es
155 3206 263 3271 etiam
290 3203 362 3286 ipsa
388 3204 567 3286 proficiunt.
596 3204 630 3269 Si
658 3203 741 3269 enim
767 3205 846 3269 haec
873 3206 1019 3270 inmundi
1047 3206 1216 3272 daemones
1244 3227 1315 3290 pos-

156 3314 251 3384 sunt,
281 3314 399 3392 quanto
426 3310 621 3393 potentiores
646 3315 722 3375 sunt
748 3312 850 3376 sancti
875 3313 989 3396 angeli,
1019 3317 1135 3394 quanto
1160 3315 1318 3397 potentior

154 3422 212 3484 est
242 3417 294 3482 his
323 3417 470 3481 omnibus
499 3418 597 3496 Deus,
625 3417 680 3500 qui
706 3422 868 3483 tantorum
897 3419 1123 3484 miraculorum
1153 3420 1315 3484 effectores

158 3527 266 3592 etiam
291 3523 382 3606 ipsos
406 3525 536 3606 angelos
560 3525 650 3589 fecit!

207 3629 314 3710 Quam
348 3630 388 3693 ob
416 3649 481 3694 rem
512 3630 539 3695 si
567 3633 616 3696 tot
649 3633 681 3694 et
707 3633 794 3696 tanta
827 3631 969 3710 mirifica,
1002 3651 1082 3715 quae
1112 3633 1317 3718 μηχανήματα

107 3757 135 3800 eo
156 3736 337 3822 appellant,
370 3737 430 3801 Dei
463 3740 605 3803 creatura
632 3738 797 3802 utentibus
830 3737 977 3804 humanis
1007 3741 1128 3804 artibus
1156 3738 1246 3815 fiunt,
1281 3741 1318 3801 ut

258 4015 294 4071 22
314 4013 339 4068 2.
360 4013 420 4070 Cor.
441 4016 483 4078 11,
504 4016 538 4069 14

198 4137 325 4252 5111ᾇ9
360 4183 576 4238 ddemonumb
614 4185 648 4239 14
665 4150 826 4254 sedicuntp
878 4185 909 4239 15
929 4184 958 4236 in
978 4183 1105 4238 eorumb
1161 4185 1194 4237 17
1213 4185 1315 4254 potuit]

158 4272 309 4346 placuitb
368 4274 403 4327 18
422 4272 546 4343 adpetat]
567 4275 732 4344 appareatb
792 4276 826 4329 19
846 4277 1008 4344 euagaturc
1067 4274 1100 4327 27
1122 4277 1163 4328 est
1182 4289 1232 4328 om.
1253 4273 1318 4342 bap

156 4365 197 4418 28
217 4361 288 4416 facit
307 4359 323 4414 b
378 4361 412 4414 29
431 4361 663 4416 moecharismata
682 4363 698 4415 b
