3192 4959
313 421 363 473 De
392 420 567 473 ciuitate
596 420 658 473 dei
684 420 750 474 lib.
778 420 864 473 XVII.
895 438 968 489 cap.
1000 420 1040 474 16.
1072 422 1113 475 17.
1222 426 1284 488 251

133 615 218 679 alius
249 615 310 678 ait:
338 614 458 679 Mater
487 614 587 691 Sion,
616 613 718 678 dicet
745 614 863 692 homo,
890 618 926 677 et
950 616 1056 679 homo
1081 615 1204 679 factus
1230 621 1288 682 est

133 721 168 785 in
201 741 252 797 ea,
286 726 324 785 ct
351 721 433 803 ipse
465 721 644 786 fundauit
677 741 754 785 eam
781 722 1018 786 altissimus.
1050 719 1129 800 Quis
1154 726 1203 788 est
1226 723 1287 789 iste

132 829 327 892 Altissimus
355 829 415 893 nisi
444 828 554 893 Deus?
582 830 628 893 Ac
656 848 711 910 per
738 828 798 892 hoc
824 828 967 893 Christus
991 828 1089 907 Deus,
1120 833 1287 912 antequam

132 935 165 997 in
198 934 259 998 illa
291 934 422 999 ciuitate
454 955 510 1017 per
533 934 666 999 Mariam
694 935 783 1000 tieret
812 936 916 1011 homo,
943 936 1013 1017 ipse
1041 936 1071 999 in
1100 936 1287 1018 patriarchis

106 1045 166 1105 set
196 1040 362 1123 prophetis
395 1042 543 1106 fundauit
570 1061 647 1106 eam.
677 1042 757 1107 Cum
785 1042 886 1125 igitur
909 1042 983 1106 huic
1011 1042 1137 1125 reginae
1162 1042 1287 1107 ciuitati

132 1146 193 1211 Dei
218 1150 310 1211 tanto
335 1150 407 1212 anto
431 1149 553 1213 dictum
576 1149 619 1213 sit
641 1168 698 1230 per
721 1149 930 1233 prophetiam,
954 1148 1119 1230 quodiam
1141 1149 1287 1213 uidemus

132 1254 312 1336 inpletum:
344 1255 413 1320 Pro
446 1255 619 1338 patribus
652 1255 731 1320 tuis
765 1256 843 1319 nati
879 1258 966 1319 sunt
999 1254 1069 1318 tibi
1093 1255 1180 1329 filii,
1207 1274 1287 1319 con-

133 1361 280 1425 stitues
316 1380 379 1425 eos
411 1363 604 1444 principes
638 1382 754 1445 super
788 1381 928 1426 omnem
961 1366 1097 1425 terram
1131 1360 1182 1447 [ex
1211 1360 1286 1427 filiis

132 1471 254 1551 quippe
278 1469 347 1531 eius
371 1487 426 1551 per
450 1488 575 1533 omnem
599 1472 715 1533 terram
739 1473 814 1533 suut
836 1468 1008 1550 praepositi
1031 1472 1064 1531 et
1083 1474 1187 1551 patres
1208 1468 1287 1545 eius,

92 1600 116 1638 ro
132 1594 208 1639 cum
233 1574 443 1639 confiteantur
466 1574 496 1639 ei
519 1576 630 1659 populi
654 1579 875 1641 concurrentes
901 1574 939 1637 ad
963 1594 1031 1639 eam
1056 1575 1286 1640 contessionem

131 1681 239 1745 laudis
270 1685 415 1745 aeternae
442 1682 475 1745 iu
505 1683 668 1747 saeculum
698 1682 843 1763 saeculil:
874 1682 984 1764 procul
1013 1681 1108 1746 dubio
1134 1681 1287 1763 quidquid

132 1790 184 1852 hic
208 1787 342 1869 tropicis
365 1788 580 1853 locutionibus
600 1788 796 1853 subobscure
821 1788 943 1853 dietum
968 1791 1027 1866 est,
1048 1788 1286 1871 quoquomodo

132 1896 352 1978 intellegatur,
377 1893 471 1959 debet
494 1894 545 1958 his
568 1895 663 1959 rebus
687 1896 960 1960 manifestissimis
985 1896 1162 1960 conuenire.

582 2084 718 2150 CAPUT
742 2086 842 2150 XVII.

89 2230 186 2293 raDe
220 2228 294 2305 his,
329 2247 420 2310 quae
449 2227 494 2292 ad
522 2228 776 2292 sacerdotium
809 2228 953 2294 Christi
981 2229 1016 2294 in
1040 2232 1185 2311 psalmo
1211 2249 1287 2294 cen-

131 2336 302 2399 tensimo
336 2354 441 2411 nono,
475 2337 512 2399 et
543 2335 586 2399 de
613 2336 683 2412 his,
712 2335 870 2417 quaein
899 2336 1044 2418 psalmo
1077 2336 1286 2401 uicensimo

317 2442 436 2523 primo
462 2442 503 2505 ad
528 2443 744 2524 passionem
768 2442 895 2524 ipsius
919 2445 1103 2525 spectant.

179 2582 276 2648 Sicut
310 2582 405 2646 etiam
439 2584 470 2647 in
501 2584 556 2648 illo
588 2584 721 2666 psalmo,
746 2584 801 2648 ubi
831 2584 977 2649 sacerdos
1007 2584 1164 2661 Christus,
1194 2602 1286 2666 quom

132 2690 173 2755 ad
199 2688 335 2753 modum
358 2689 410 2753 hic
433 2708 497 2765 rex,
522 2690 722 2772 apertissime
741 2690 953 2773 praedicatur:
980 2690 1083 2753 Dixit
1106 2690 1286 2753 Dominus

88 2796 297 2861 aoDomino
329 2814 422 2860 meo:
454 2795 546 2862 Sede
575 2816 593 2859 a
621 2796 763 2860 dextris
792 2796 895 2873 meis,
927 2796 1041 2861 donec
1065 2815 1199 2878 ponam
1223 2796 1287 2858 ini-

130 2905 256 2967 micos
291 2906 378 2967 tuos
408 2902 616 2967 scabellum
645 2903 778 2986 pedum
808 2906 968 2967 tuorum.
999 2901 1112 2967 Sedere
1142 2902 1287 2967 Christus

131 3012 173 3075 ad
199 3010 362 3074 dexteram
385 3010 489 3073 Patris
514 3010 661 3086 creditur,
686 3030 748 3074 non
771 3010 912 3086 uidetur;
938 3009 1005 3074 eius
1027 3010 1122 3073 etiam
1140 3010 1287 3073 inimicos

129 3118 212 3201 poni
242 3118 302 3181 sub
331 3115 466 3201 pedibus
496 3118 563 3181 eius
592 3116 730 3180 nondum
756 3120 898 3199 apparet;
928 3115 960 3179 id
986 3116 1100 3199 agitur,
1125 3116 1288 3198 apparebit

129 3226 164 3289 iu
189 3224 270 3299 fine;
296 3225 391 3288 etiam
414 3224 475 3288 hoc
499 3243 582 3287 nunc
606 3222 754 3301 creditur,
778 3225 853 3305 post
875 3222 1044 3287 uidebitur.
1065 3222 1184 3285 Verum
1204 3222 1288 3305 quod

85 3332 299 3413 assequitur:
327 3328 478 3413 Virgam
515 3330 674 3394 uirtutis
712 3335 801 3393 tuae
839 3328 992 3392 emittet
1028 3328 1210 3394 Dominus
1247 3348 1287 3392 ex

133 3438 242 3516 Sion,
278 3441 316 3501 et
348 3437 538 3502 dominare
570 3437 606 3501 in
629 3435 751 3500 medio
784 3435 1024 3499 inimicorum
1052 3438 1213 3514 tuorum,
1243 3436 1288 3498 ita

131 3545 260 3609 clarum
290 3547 348 3621 est,
377 3547 498 3608 utnon
527 3544 631 3607 solum
659 3542 828 3608 infideliter
851 3547 883 3606 et
905 3542 1081 3617 infeliciter,
1112 3542 1286 3607 sedetiam

231 3753 244 3805 1
266 3752 310 3805 Pe.
330 3752 374 3815 86,
394 3755 410 3805 5
466 3752 481 3804 ‘l
500 3751 545 3803 Pa.
565 3753 608 3810 44,
630 3752 661 3804 17

173 3878 254 3931 lait
273 3876 377 3929 alinae
450 3875 552 3945 dieitp
625 3878 653 3927 et
671 3874 751 3927 honio
770 3890 830 3942 sap.
851 3874 935 3927 lirab
1008 3874 1096 3927 iactus
1117 3873 1286 3943 a²beppra¹

132 3969 220 4019 natue
241 3964 297 4033 a¹p
315 3964 415 4018 Domb.
457 3964 554 4034 2quis
575 3966 616 4016 est
635 3962 792 4026 altissimus,
812 3963 909 4016 omisso
929 3964 990 4029 iste,
1010 3964 1025 4016 b
1043 3964 1075 4015 im
1094 3980 1178 4033 Μαι-9.
1235 3965 1286 4017 iste

132 4070 229 4123 emp
283 4051 655 4121 3Acep95etvDomb.
711 4052 852 4105 Dilliuse
904 4051 936 4105 10
956 4051 1152 4105 confessionem
1169 4051 1258 4120 αὔρῃ
1266 4056 1289 4116 f

132 4144 254 4210 Domb.;
273 4141 440 4196 consessione
460 4158 487 4207 e;
505 4158 565 4195 cum
584 4140 788 4195 confessiones>
836 4142 867 4194 17
887 4143 1012 4209 spectant
1030 4140 1114 4209 ipsius
1130 4158 1151 4207 p
1199 4140 1231 4194 18
1251 4141 1286 4193 si·

133 4234 196 4302 cut]
219 4233 366 4301 mopiam:
384 4230 432 4284 sic’
451 4230 549 4284 Domb
641 4230 676 4284 20
693 4246 732 4298 aq.
752 4229 805 4283 dno
825 4246 884 4283 meo
905 4234 932 4282 et
950 4228 1018 4297 relq.
1039 4228 1123 4282 donec
1141 4246 1239 4298 ponam
1260 4234 1288 4281 et

132 4324 192 4392 rlq.
213 4321 307 4374 sedere
327 4320 342 4374 b
398 4321 432 4373 DZ
451 4319 504 4372 Dei
522 4318 642 4389 patriae
696 4321 730 4372 25
750 4318 799 4372 dns
815 4318 866 4373 dor
882 4319 959 4371 exion
979 4334 993 4370 e
