3192 4959
318 448 381 512 664
668 445 695 500 S.
723 445 881 500 Aurelii
908 445 1125 515 Augustini

315 640 414 704 lentie
441 640 540 704 menti
569 639 686 718 simile,
716 659 777 722 quo
803 644 836 705 et
858 640 1043 722 incorporea
1064 644 1177 705 natura
1201 644 1357 720 cernatur,
1380 640 1454 721 quod
1561 646 1562 683 ³

315 746 392 810 ullis
425 746 577 829 exemplis
611 747 680 810 siue
714 747 942 829 scripturarum
974 747 1169 814 testimoniis
1203 747 1384 811 diuinarum
1409 748 1455 811 uel
1561 774 1562 793 1

317 851 445 915 difficile
470 857 520 916 est
542 853 595 916 uel
618 852 805 935 inpossibile
824 853 1006 927 ostendere;
1032 856 1097 928 aut,
1118 853 1203 935 quod
1220 856 1272 918 est
1289 852 1330 916 ad
1345 853 1456 917 intelle
1561 838 1562 911 1

317 958 455 1042 gendum
478 958 616 1038 facilius,
640 959 686 1024 ita
708 959 796 1024 Deus
821 959 913 1024 nobis
936 960 997 1024 erit
1020 964 1115 1025 notus
1139 959 1242 1042 adque
1262 959 1455 1042 conspicuus,

315 1069 353 1129 ut
376 1063 522 1129 uideatur
545 1066 659 1149 spiritu
683 1085 700 1130 a
725 1065 861 1149 singulis
881 1066 972 1130 nobis
991 1067 1022 1131 in
1042 1067 1177 1148 singulis
1196 1066 1299 1143 nobis,
1320 1067 1457 1130 uideatur
1479 1086 1490 1124 s
1561 1062 1562 1105 1

316 1171 355 1234 ab
388 1172 487 1238 altero
520 1173 552 1236 in
588 1173 696 1251 altero,
730 1172 877 1236 uideatur
908 1173 940 1236 in
969 1191 1004 1238 se
1032 1173 1114 1254 ipso,
1145 1173 1295 1238 uideatur
1322 1174 1354 1237 in
1378 1173 1455 1237 caelo

316 1297 400 1342 nouo
424 1283 456 1343 et
479 1282 563 1344 terra
585 1298 668 1344 noua
693 1279 795 1362 adque
818 1280 851 1343 in
872 1281 967 1355 omni,
987 1299 1068 1362 quae
1086 1285 1164 1344 tuuc
1182 1280 1289 1357 fuerit,
1313 1287 1456 1353 creatura,

316 1383 464 1449 uideatur
492 1389 524 1450 et
550 1404 607 1467 per·
634 1404 766 1468 corpora
789 1387 821 1450 in
846 1386 930 1450 omni
956 1405 1096 1469 comere,
1126 1404 1328 1468 quocumque
1349 1386 1457 1450 tuerint

317 1490 469 1572 spiritalis
508 1492 645 1574 corporis
684 1492 769 1557 oculi
807 1493 874 1557 acie
907 1491 1111 1575 percontante
1149 1492 1271 1558 directi.
1309 1492 1457 1557 Petebant

316 1597 413 1660 etiam
446 1599 655 1682 cogitationes
688 1603 815 1664 nostrae
841 1599 979 1663 inuicem
1007 1599 1109 1664 nobis.
1142 1599 1231 1664 Tunc
1259 1599 1344 1664 enim
1365 1599 1456 1682 inple
1470 1616 1490 1655 u

316 1703 412 1780 bitur,
438 1705 522 1787 quod
546 1706 722 1788 apostolus,
747 1723 820 1769 cum
845 1706 993 1770 dixisset:
1022 1704 1160 1770 Nolite
1190 1711 1283 1770 ante
1305 1709 1456 1786 tempus
1561 1722 1562 1759 1

315 1809 500 1876 iudicare
525 1812 754 1894 quidquam,
778 1830 852 1876 mox
870 1812 1008 1876 addidit:
1029 1813 1161 1876 Donec
1180 1813 1321 1877 ueniat
1339 1809 1456 1876 Domi·

318 1935 403 1994 nus,
428 1921 466 1980 et
489 1916 759 1984 inluminabit
783 1918 1028 1984 abscondita
1049 1919 1310 1983 tenebrarum
1333 1922 1372 1983 et
1393 1935 1456 1980 ma-

316 2023 541 2088 nifestabit
570 2024 854 2109 cogitationes
888 2025 1033 2103 cordis,
1068 2030 1108 2090 et
1138 2029 1235 2090 tunc
1269 2026 1358 2092 laus
1385 2024 1456 2089 erit

317 2129 700 2211 unicuiqueaDeo.
1470 2134 1490 2174 1⁵
1561 2142 1562 2189 1

759 2323 897 2389 CAPUT
920 2323 1019 2388 XXX.

317 2461 371 2526 De
414 2465 579 2527 aeterna
620 2463 835 2529 felicitato
873 2465 1064 2530 ciuitatis
1103 2465 1174 2530 Dei
1211 2465 1454 2547 sabbatoque

785 2576 996 2655 perpetuo.

363 2708 485 2789 Quanta
514 2713 574 2776 erit
601 2713 656 2777 illa
684 2713 831 2789 felicitas,
860 2713 915 2778 ubi
942 2713 1067 2779 nullum
1095 2713 1155 2779 erit
1178 2715 1310 2790 malum,
1339 2713 1451 2778 nullum
1561 2708 1562 2717 ’

316 2817 430 2882 latebit
460 2819 590 2898 bonum,
624 2821 791 2885 siccabitur
823 2819 882 2884 Dei
918 2819 1078 2896 laudibus
1117 2820 1172 2903 qui
1204 2821 1265 2885 erit
1297 2820 1397 2885 omnia
1423 2819 1488 2882 ino

318 2922 480 2987 omnibus!
505 2924 588 2988 Nam
612 2923 687 3007 quid
712 2925 800 2988 aliud
824 2927 945 3008 agatur,
970 2925 1025 2989 ubi
1039 2934 1150 3008 ‘neque
1173 2925 1241 2989 ulla
1260 2925 1377 2990 desidia
1393 2942 1451 2988 ces·

318 3028 440 3092 sabitur
471 3048 571 3112 neque
604 3031 671 3094 ulla
702 3031 877 3114 indigentia
905 3031 1109 3109 laborabitur,
1139 3031 1257 3098 neseio.
1286 3032 1450 3096 Admoneor

318 3135 414 3199 etiam
438 3142 547 3201 sancto
573 3137 707 3214 cantico,
732 3137 786 3201 ubi
810 3138 883 3220 lego
904 3137 957 3201 uel
976 3137 1086 3202 audio:
1111 3139 1241 3210 beati,
1266 3137 1332 3219 qui
1354 3131 1449 3200 babi-

318 3242 407 3304 tant
438 3242 474 3305 in
509 3242 621 3309 domo
655 3248 733 3319 tua,
767 3243 806 3308 in
840 3245 1006 3308 saecula
1038 3245 1297 3308 saeculorum
1329 3241 1447 3307 lauda·
1561 3284 1562 3297 ,

318 3347 416 3412 bunt
442 3351 490 3413 te.
521 3347 634 3415 Omnia
662 3351 805 3415 membra
833 3354 866 3414 et
888 3350 1012 3416 uiscera
1039 3351 1289 3432 incorruptibilis
1313 3347 1485 3432 corporisne

319 3473 398 3535 quae
431 3475 513 3521 nunc
545 3457 691 3522 uidemus
724 3477 779 3540 per
811 3477 890 3522 usus
918 3457 1119 3522 necessitatis
1146 3457 1253 3522 uarios
1286 3456 1446 3530 distributa,
1561 3514 1562 3547 5

318 3561 464 3643 quoniam
487 3567 563 3628 tunc
587 3583 647 3628 non
672 3565 732 3629 erit
750 3565 820 3647 ipsa
838 3565 1025 3643 necessitas,
1049 3564 1106 3628 sed
1124 3563 1218 3647 plena
1237 3570 1333 3640 certa,
1350 3576 1445 3627 secura

408 3789 1163 3859 mumqamummawmm

355 3911 657 3976 lmenti1,im.2,b
730 3913 856 3968 2illisb
928 3914 1010 3968 duel
1027 3914 1187 3984 inpossibile
1205 3917 1282 3969 esto
1347 3909 1446 3967 tactis

317 3999 383 4053 deus
403 4002 479 4070 itap
552 4004 567 4054 5
587 4003 615 4055 in
634 4001 750 4070 siugulis
768 4002 848 4056 nobis
866 4018 918 4056 om.
938 4004 954 4056 b
1027 4006 1059 4056 ut
1075 4001 1203 4057 uideatur
1221 4020 1241 4056 a
1311 4004 1329 4057 6
1345 4003 1372 4055 in
1389 3999 1445 4052 alte·

316 4089 411 4144 rumb
467 4091 894 4161 iterraaeppaDomb.,·in
914 4091 1047 4146 terrebo
1111 4093 1141 4145 ll
1164 4089 1446 4162 quodnitspostotua

316 4179 415 4232 omisso
435 4195 495 4233 cnm
514 4179 659 4250 dixissetp
764 4180 797 4233 12
817 4181 961 4250 quicquam
979 4179 1099 4234 iudicare
1118 4180 1187 4234 abc
1294 4195 1354 4234 mox
1369 4191 1447 4232 osae
1561 4181 1563 4227 1

316 4267 411 4320 ueniet
428 4267 457 4321 b²
529 4269 563 4322 13
582 4267 757 4322 inluminabit
770 4285 817 4338 pp
836 4269 951 4334 Domb.,·
967 4269 1112 4323 inluminet
1130 4269 1251 4324 abaco
1327 4269 1361 4322 20
1377 4281 1446 4320 uoca-
1561 4310 1563 4348 q

316 4355 424 4408 bitnrb
488 4358 521 4410 21
543 4356 732 4410 causabiturb
796 4359 831 4411 24
849 4361 899 4410 tua
916 4373 992 4422 assa.,·
1010 4362 1066 4420 tua,
1085 4357 1246 4426 Domine,a
1300 4358 1335 4412 26
1351 4356 1445 4409 uenae
1561 4358 1563 4373 ’

1561 3664 1562 3723 l

1561 3880 1562 3927 1

1561 3930 1563 4001 1
