3192 4959
308 363 373 425 344
652 359 678 411 S.
707 357 864 411 Aurelii
892 357 1109 427 Augustini

308 557 340 618 et
366 573 422 637 per
450 574 522 618 eum
551 554 626 618 orbe
652 557 765 635 paeato
793 556 887 618 natus
916 556 966 617 est
990 552 1136 618 Christus
1166 552 1339 618 seeundum
1367 572 1450 637 prae-

308 661 471 725 cedentem
502 660 702 743 prophetiam
732 658 765 723 in
797 658 962 723 Bethleem
996 658 1104 737 Iudae,
1138 658 1231 723 homo
1265 658 1450 723 manifestus

308 786 345 831 ex
376 766 503 832 homine
532 766 666 851 uirgine,
698 766 786 829 Deus
820 766 966 831 occultus
1000 785 1035 829 ex
1062 766 1129 831 Deo
1158 766 1260 830 Patre.
1290 765 1341 831 Sie
1370 764 1449 830 enim

307 873 461 957 propheta
487 872 696 957 praedixerat:
724 872 825 937 ane
854 872 973 956 uirgo
1002 871 1182 955 accipiet
1208 872 1248 935 iu
1272 876 1386 937 utero
1414 876 1449 935 et

307 981 441 1064 pariet
463 980 611 1059 lilium,
635 983 675 1043 et
697 979 904 1045 uoeabunt
927 998 1068 1044 nomen
1092 980 1179 1044 eius
1208 977 1484 1054 Emmanuelr

308 1087 412 1169 quod
435 1090 498 1151 est
520 1087 857 1170 interpretatum:
886 1085 1109 1151 Nobiscum
1133 1087 1250 1151 Deus.
1277 1084 1338 1165 Qui
1362 1085 1448 1149 utin

308 1214 341 1258 se
366 1192 598 1259 commendaret
619 1193 734 1271 Deum,
756 1192 911 1257 miracula
933 1193 1036 1257 multa
1057 1192 1144 1271 feeit,
1169 1193 1340 1277 exquibus
1361 1210 1449 1275 quae-

308 1300 390 1373 dam,
421 1305 574 1383 quantum
607 1298 646 1364 ad
678 1319 751 1365 eum
778 1282 1023 1383 praedicandum
1051 1299 1131 1363 satis
1160 1317 1231 1364 esse
1258 1300 1366 1363 uisum
1395 1301 1449 1380 est,

307 1408 464 1489 scriptura
486 1405 670 1491 euangelica
694 1407 842 1472 eontinet.
871 1404 1012 1485 Quorum
1034 1406 1173 1490 primum
1197 1408 1257 1484 est,
1282 1405 1368 1488 quod
1390 1408 1449 1470 tam

306 1513 494 1578 mirabiliter
521 1516 615 1577 natus
644 1517 707 1588 est;
731 1512 883 1578 ultimum
911 1515 1028 1591 autem,
1058 1512 1144 1594 quod
1171 1531 1244 1577 oum
1269 1531 1327 1576 suo
1350 1530 1449 1576 resus-
1464 1536 1484 1575 n

308 1621 404 1685 citato
433 1640 452 1685 a
474 1619 609 1684 mortuis
634 1638 764 1701 eorpore
788 1618 953 1683 adscendit
976 1618 1007 1682 in
1037 1618 1171 1684 eaelum.
1199 1618 1312 1683 Iudaei
1335 1621 1448 1693 autem,

308 1726 361 1809 qui
390 1746 462 1791 eum
492 1725 674 1791 oeciderunt
700 1729 734 1791 et
754 1725 787 1790 in
811 1744 884 1789 eum
913 1726 1037 1790 eredere
1061 1726 1240 1803 noluerunt,
1269 1724 1343 1808 quia
1367 1743 1449 1807 opor·

307 1832 395 1896 tebat
427 1852 500 1897 eum
531 1832 612 1896 mori
645 1836 677 1896 et
708 1851 883 1916 resurgere,
918 1832 1037 1896 uastati
1067 1831 1226 1897 infelicius
1254 1852 1273 1895 a
1304 1830 1448 1896 Romanis

307 1938 515 2021 funditusque
540 1957 558 2001 a
582 1957 639 2003 suo
663 1957 770 2022 regno,
800 1938 855 2003 ubi
878 1938 942 2003 iam
965 1937 1011 2003 eis
1036 1938 1230 2022 alienigenae
1254 1936 1448 2002 dominaban-

306 2049 369 2122 tur,
398 2043 548 2109 eradicati
577 2044 775 2127 dispersique
802 2064 857 2126 per
884 2047 984 2109 terras
1014 2042 1154 2129 (quando
1184 2044 1312 2126 quidem
1335 2044 1446 2126 ubique
1462 2066 1482 2107 n

307 2172 366 2218 non
400 2152 528 2234 desunt)
560 2170 616 2234 per
648 2152 822 2235 scripturas
852 2170 926 2217 suas
956 2151 1140 2217 testimonio
1170 2151 1261 2217 nobis
1289 2154 1363 2216 sunt
1384 2168 1447 2233 pro·

307 2258 432 2343 photiae
454 2278 513 2324 uos
536 2278 596 2323 non
621 2258 747 2323 finxisse
771 2258 809 2323 de
834 2257 975 2335 Christ03
1001 2277 1079 2340 quas
1102 2257 1233 2340 plurimi
1255 2276 1363 2323 eorum
1382 2276 1446 2321 eon·

308 2364 484 2430 siderautes
517 2369 550 2428 et
581 2368 653 2429 ante
685 2364 864 2447 passionem
890 2366 921 2429 et
944 2363 1079 2429 maxime
1102 2368 1177 2446 post
1204 2364 1273 2428 eius
1300 2380 1446 2428 resurree-

307 2472 426 2537 tionem
459 2470 659 2537 erediderunt
689 2472 722 2535 in
756 2490 839 2549 eum,
869 2470 907 2535 de
936 2470 1052 2553 qulbus
1086 2469 1284 2553 praedictum
1316 2474 1377 2535 est:
1408 2468 1445 2534 Si

309 2578 434 2643 luerit
456 2597 645 2644 numerus
669 2578 855 2643 filiorum
874 2577 1007 2643 Israel
1026 2577 1137 2641 sieut
1155 2578 1304 2642 harena
1322 2576 1443 2653 maris,
1460 2596 1480 2635 u

308 2685 513 2767 reliquiae
545 2685 686 2751 saluae
719 2686 832 2751 fient.
867 2684 970 2751 Ceteri
1002 2704 1077 2750 uero
1111 2684 1269 2749 excaecati
1297 2688 1379 2760 sunt,
1410 2682 1444 2746 de

309 2790 425 2875 quibus
453 2791 651 2873 praedictum
679 2795 742 2857 est:
770 2792 856 2857 Fiat
883 2811 1010 2857 mensa
1037 2811 1163 2857 eorum
1187 2788 1322 2879 [eoram
1344 2786 1442 2877 ipsis]

308 2898 344 2961 in
368 2897 544 2980 laqueum
569 2901 605 2962 et
628 2899 662 2962 iu
687 2898 979 2963 retributionem
1004 2903 1040 2963 et
1063 2897 1292 2963 scandalum.
1318 2897 1443 2963 Obson-

309 3007 438 3066 reutur
470 3003 571 3067 oeuli
603 3022 740 3078 eorum,
775 3024 818 3068 ue
851 3006 1018 3081 uideant;
1054 3009 1091 3069 et
1122 3005 1273 3070 dorsum
1301 3004 1443 3069 illorum

310 3128 455 3191 semper
476 3110 642 3175 incurua.
666 3111 802 3176 Proinde
822 3130 893 3176 oum
913 3112 1078 3195 seripturis
1096 3111 1214 3178 uostris
1233 3130 1294 3177 non
1314 3110 1441 3181 eredunt,
1458 3126 1479 3166 u

310 3215 495 3296 conplentur
525 3216 557 3279 in
591 3217 636 3280 eis
670 3236 757 3291 suae,
791 3237 870 3299 quas
904 3218 988 3282 eaesi
1020 3219 1140 3302 legunt.
1174 3215 1246 3282 Nisi
1273 3217 1354 3282 forte
1381 3214 1441 3299 quis

309 3320 422 3385 dixerit
448 3322 519 3385 illas
547 3323 730 3406 prophetias
759 3322 956 3389 Christianos
988 3324 1114 3389 linxisse
1142 3324 1179 3389 de
1209 3324 1346 3399 Christo,
1374 3339 1441 3405 quae

311 3426 449 3510 Sibyllae
477 3429 601 3493 nomine
628 3430 831 3513 proferuntur·
857 3431 911 3495 uel
938 3431 1082 3509 aliorum,
1112 3432 1139 3496 si
1163 3450 1243 3513 quae
1267 3435 1350 3509 sunt,
1373 3446 1440 3511 quae

310 3553 369 3598 non
403 3535 561 3617 pertinent
593 3536 632 3600 ad
662 3538 816 3620 populum
856 3537 1054 3603 ludaeorum.
1089 3538 1189 3604 Nobis
1222 3538 1348 3623 quidem
1379 3536 1440 3601 illae

400 3778 416 3830 2
436 3778 517 3833 mich.
537 3779 562 3840 5.
581 3780 598 3833 2
706 3780 815 3833 4Esai.
836 3781 860 3835 l.
882 3781 927 3843 14;
948 3780 997 3833 Mt.
1020 3782 1042 3843 1,
1062 3780 1096 3835 23
1213 3782 1245 3836 19
1264 3780 1337 3837 Esai.
1357 3780 1393 3843 10,
1409 3776 1438 3828 22

311 3866 345 3918 22
364 3864 408 3918 Pe.
428 3866 472 3928 68,
491 3868 524 3920 23
544 3884 583 3936 sq.

346 3990 362 4043 2
382 3988 512 4059 ludeoep
565 3993 582 4044 4
601 3990 630 4043 in
649 3996 726 4045 utero
747 3991 864 4061 accipiet
877 4008 907 4059 o;
925 3992 953 4045 in
974 3996 1049 4046 utero
1069 4009 1121 4047 om.
1132 4010 1153 4062 p
1211 3994 1244 4047 14
1263 3992 1438 4061 alieniginaep

310 4078 342 4132 21
364 4094 428 4131 uere
448 4094 498 4135 om.
518 4094 531 4131 e
584 4080 619 4133 22
639 4096 728 4134 ceram
748 4081 815 4150 ipsis
837 4085 872 4147 ,ἡ
890 4098 942 4135 om.
962 4080 1021 4135 rell.
1076 4082 1111 4135 23
1130 4079 1287 4135 scandalum
1307 4096 1398 4151 oppon·
1413 4076 1436 4127 iu

311 4167 402 4221 seond.
423 4168 553 4236 abpfa
625 4170 660 4222 24
679 4168 750 4223 dors.
770 4186 894 4223 eorume
975 4170 1010 4223 28
1029 4170 1074 4224 uel
1094 4170 1208 4224 aliorum
1226 4170 1355 4240 profano
1416 4164 1436 4215 ti

309 4273 370 4324 erup.
390 4257 475 4327 ΗΜ
