3192 4959
322 427 387 488 402
666 421 693 474 S.
721 420 880 473 Aurelii
909 420 1125 490 Augustini

321 637 416 700 quam
445 616 530 680 serui
556 615 690 680 tolerare
719 615 805 696 quod
833 614 986 682 seruiunt.
1017 613 1052 680 Si
1079 616 1151 698 quis
1181 619 1288 682 autern
1316 616 1350 681 in
1379 616 1462 681 domo

320 744 376 807 per
397 723 664 788 inoboedientiam
687 721 881 786 domesticae
905 722 976 804 paci
1000 722 1197 800 aduersatur‚
1222 723 1392 806 corripitur
1414 743 1463 788 seu

319 830 417 894 uerbo
441 849 498 894 seu
522 829 653 893 uerbere
672 847 729 892 seu
749 828 892 910 quolibet
910 829 972 892 elio
993 847 1106 912 genere
1125 847 1243 911 poenae
1261 829 1350 894 iusto
1370 829 1463 912 adque

242 917 247 927 ⁴
319 936 419 1014 licito,
444 939 597 1018 quantum
622 935 759 1001 societas
782 936 922 999 humana
945 935 1101 1010 concedit,
1124 953 1180 1017 pro
1205 936 1274 1000 eius
1299 937 1355 1018 qui
1380 937 1462 1000 eorn-

320 1043 406 1124 pitur
427 1043 580 1119 utilitate,
598 1044 636 1107 ut
657 1042 729 1123 paci
752 1041 835 1105 unde
864 1041 1049 1106 dissiluerat
1071 1045 1248 1124 coaptetur.
1273 1043 1367 1108 Sicut
1389 1043 1464 1107 enim
1490 1065 1500 1104 a

318 1168 380 1213 non
417 1153 466 1213 est
507 1149 731 1214 beneficentiae
768 1148 947 1213 adiuuando
987 1147 1120 1222 efficere,
1158 1153 1195 1212 ut
1231 1150 1351 1214 bonum
1387 1149 1464 1230 quod

318 1257 422 1320 maius
447 1259 497 1320 ost
520 1257 700 1320 amittatur:
730 1255 776 1319 ita
800 1273 860 1318 non
886 1259 935 1318 est
958 1255 1155 1319 innocentiae
1178 1255 1336 1337 parcendo
1362 1255 1465 1320 sinere.

319 1368 357 1428 ut
386 1363 419 1427 in
446 1363 567 1426 malum
596 1363 727 1445 grauius
754 1362 921 1426 incidatur.
955 1361 1097 1426 Pertinet
1127 1381 1201 1445 ergo
1230 1361 1270 1426 ad
1293 1361 1464 1426 innocentis

320 1468 471 1543 officium,
507 1488 567 1534 non
606 1468 711 1532 solum
747 1468 866 1533 nemini
903 1469 1023 1532 melum
1061 1468 1186 1546 inferre,
1225 1487 1338 1533 uerum
1378 1466 1465 1531 etiam

320 1576 465 1640 cohibere
502 1595 520 1638 a
553 1577 682 1655 peccato
714 1573 768 1636 uel
801 1573 914 1655 punire
945 1575 1123 1655 peccatum,
1158 1576 1195 1636 ut
1226 1576 1283 1637 aut
1315 1573 1385 1657 ipse
1417 1575 1463 1655 qui
1481 1599 1500 1636 n

318 1682 471 1764 plectitur
497 1681 674 1765 corrigatur
701 1681 925 1762 asperimonte,
955 1684 1011 1744 aut
1038 1680 1093 1744 alii
1118 1683 1294 1744 terreantur
1318 1681 1466 1764 exemplo.

320 1785 402 1866 Quia
428 1787 528 1870 igitur
555 1787 692 1852 hominis
716 1787 830 1850 domus
854 1786 982 1850 initium
1011 1787 1081 1851 siue
1103 1786 1260 1869 particula
1284 1786 1381 1851 debet
1403 1805 1465 1850 esse

319 1894 471 1970 ciuitatis,
501 1913 592 1958 omne
620 1899 726 1957 autem
755 1893 882 1957 initium
911 1893 949 1956 ad
978 1892 1117 1975 aliquem
1145 1892 1196 1956 sui
1229 1893 1355 1976 generis
1379 1893 1466 1956 finem

321 2004 353 2065 ot
375 2001 477 2066 omnis
500 2021 572 2084 pers
597 2001 635 2064 ad
660 2001 812 2077 uniuersi,
837 2001 929 2064 cuius
953 2018 1026 2083 pars
1051 2002 1110 2078 est,
1134 2000 1354 2084 integritatem
1379 2000 1464 2063 refer·

319 2110 381 2183 tur,
405 2107 484 2172 sat-is
507 2109 637 2189 apparet
660 2125 731 2170 esse
755 2124 963 2187 consequens,
992 2109 1030 2169 ut
1055 2106 1093 2170 ad
1116 2125 1227 2186 pacem
1252 2105 1388 2170 ciuicam
1411 2124 1462 2188 pax
1479 2131 1497 2168 o

319 2213 495 2277 domestica
516 2214 679 2288 referatur,
703 2212 736 2274 id
760 2215 819 2288 est,
845 2216 881 2276 ut
905 2212 1047 2276 ordinata
1070 2211 1244 2293 imperandi
1270 2211 1462 2276 oboediendi-

320 2338 382 2402 que
405 2319 572 2384 concordia
595 2319 845 2383 cohabitantium
869 2319 1022 2383 referatur
1041 2317 1078 2382 ad
1100 2307 1275 2383 ordinatam
1294 2317 1460 2402 imperandi

321 2425 569 2507 oboediendique
593 2425 791 2489 concordiam
817 2425 946 2488 ciuium.
971 2425 1021 2488 lta
1044 2425 1089 2501 fit,
1114 2427 1151 2489 ut
1174 2425 1304 2508 exlege
1329 2423 1459 2489 ciuitatis

320 2536 487 2614 praecepta
519 2551 643 2595 sumere
677 2535 797 2612 patrem
831 2531 966 2595 familias
1001 2535 1155 2614 oporteat,
1189 2531 1306 2612 quibus
1340 2530 1458 2594 domurn

321 2657 411 2702 suam
435 2638 480 2702 sic
504 2641 603 2722 regat,
628 2640 665 2700 ut
688 2637 731 2700 sit
753 2638 824 2720 paci
849 2637 1057 2702 adcommoda
1081 2637 1232 2703 ciuitatis.
1475 2661 1495 2698 o

762 2829 900 2894 CAPUT
923 2829 1027 2894 XVII.

321 2971 430 3036 Unde
451 2971 649 3036 caelestis
668 2971 848 3036 societas
864 2990 950 3035 curn
966 2976 1127 3035 terrene
1142 2971 1319 3036 ciuitate
1335 2990 1461 3056 pacem

584 3077 733 3142 habeat
758 3083 795 3142 et
820 3079 920 3142 unde
945 3077 1204 3142 discordiam.

367 3219 429 3284 Sed
453 3219 565 3283 domus
589 3219 763 3294 hominum,
790 3219 929 3301 quinon
953 3220 1070 3283 uiuunt
1093 3239 1130 3284 ex
1153 3218 1223 3296 fide,
1248 3239 1357 3302 pacem
1376 3229 1461 3282 terre·

322 3346 393 3390 nam
424 3345 460 3388 ex
488 3325 583 3389 huius
607 3325 793 3406 temporalis
823 3325 909 3388 uitae
931 3325 1027 3389 rebus
1052 3326 1291 3406 commodisque
1315 3327 1460 3390 sectetur:
1476 3337 1496 3376 2⁵

316 3415 437 3496 'domus
465 3434 571 3495 autem
600 3431 762 3495 hominum
788 3450 823 3493 er
847 3431 907 3494 ilde
933 3431 1111 3495 uiuentium
1135 3435 1298 3512 exspectat
1322 3450 1366 3508 ea,
1389 3445 1460 3511 quae

321 3539 352 3600 in
381 3539 525 3601 futurum
549 3540 676 3601 aeterna
699 3537 857 3620 promissa
881 3542 966 3612 sunt,
995 3537 1190 3618 terrenisque
1214 3539 1310 3602 rebus
1334 3557 1367 3601 ac
1390 3541 1459 3600 tern-

321 3644 483 3726 poralibus
512 3647 673 3725 tamquam
703 3645 868 3726 peregrina
895 3645 1008 3720 utitur,
1037 3661 1098 3708 non
1128 3643 1244 3724 quibus
1274 3645 1411 3725 capiatur
1432 3645 1460 3702 et

322 3753 483 3814 auertatur
515 3770 575 3831 quo
609 3750 712 3813 tendit
742 3750 775 3813 in
809 3750 922 3826 Deum,
962 3750 1016 3813 sed
1050 3750 1166 3831 quibus
1200 3753 1392 3814 sustentetur
1423 3744 1457 3808 ad

321 3857 447 3920 facilius
474 3856 637 3920 toleranda
663 3856 855 3937 minimeque
884 3855 1028 3938 augenda
1056 3875 1150 3920 onera
1177 3857 1317 3938 corporis
1345 3871 1455 3932 eorrup-
1473 3863 1493 3904 ³⁰

358 4135 568 4202 2auersaturp
640 4135 839 4188 odissolueret
859 4135 882 4188 e¹
958 4135 1082 4188 'lmiuus
1103 4137 1180 4202 estp
1256 4134 1384 4188 91nalnnr
1402 4144 1455 4198 gra·

324 4222 420 4289 uiusp
468 4224 499 4275 13
519 4223 597 4275 finem
617 4223 768 4290 referturp
816 4223 850 4276 20
871 4221 1044 4276 accommoda
1064 4223 1202 4292 cloppem
1220 4219 1412 4277 accommodate
1424 4231 1456 4268 er

323 4312 357 4363 25
378 4311 543 4380 temporisp
616 4311 787 4383 uiteps'rebus,
808 4313 829 4365 dr
848 4327 927 4375 erus,
945 4329 963 4380 9
