3192 4959
344 445 394 498 De
423 445 597 498 ciuitate
627 444 688 499 dei
716 445 782 500 lib.
806 445 864 502 XV.
889 463 965 517 cap.
991 446 1032 502 12.
1058 447 1100 501 13.
1251 449 1293 512 83

592 638 729 706 CAPUT
752 641 841 705 XHl.

208 783 264 848 An
298 783 334 847 in
368 782 695 848 dinumeratione
729 802 920 847 annorum
948 783 1223 848 Hebraeorum

142 889 271 974 magis
292 909 406 972 quam
427 891 696 975 septuaginta
715 891 988 972 interpretum
1009 890 1065 954 sit
1083 892 1290 974 sequenda

598 997 838 1062 auctoritas.

115 1161 127 1200 5
184 1139 248 1204 Sed
281 1159 354 1204 oum
387 1141 446 1205 hoo
479 1140 594 1217 dixero,
628 1141 776 1204 continuo
809 1139 963 1203 referetur
993 1139 1074 1204 illud
1100 1139 1289 1205 Iudaeorum

140 1265 209 1310 esse
233 1247 445 1322 mendacium,
470 1247 593 1328 dequo
619 1248 765 1329 superius
790 1247 868 1312 satta
892 1249 1000 1310 actum
1025 1249 1087 1320 est;
1118 1265 1189 1310 nam
1219 1266 1288 1329 sep·

138 1354 286 1438 tnaginta
308 1355 495 1434 interpretes
518 1353 720 1418 laudabiliter
744 1354 918 1418 celebratos
943 1353 1030 1418 uiros
1053 1373 1115 1417 non
1142 1354 1288 1437 potuisse

137 1461 274 1526 mentiri.
301 1460 361 1526 Ubi
385 1461 413 1525 si
436 1480 595 1544 quaeram,
621 1461 697 1544 quid
720 1461 763 1525 sit
786 1459 980 1537 credibilius,
1004 1460 1193 1525 Iudaeorum
1214 1480 1288 1545 gen-

136 1571 199 1632 tem
224 1571 292 1632 tam
314 1569 408 1651 longe
430 1569 558 1650 lateque
586 1567 733 1632 diffusam
762 1567 793 1630 in
822 1567 883 1631 hoo
911 1566 1172 1631 conscribendum
1201 1587 1287 1632 men-

96 1693 120 1731 ιο
137 1675 265 1740 dacium
289 1693 352 1738 uno
377 1674 508 1739 oonsilio
532 1674 709 1757 conspirare
729 1674 874 1756 potuisse
894 1676 935 1750 et,
956 1672 1031 1737 dum
1051 1672 1123 1737 aliis
1141 1673 1288 1752 inuideat

136 1780 369 1854 auctoritatem,
391 1781 452 1844 sibi
471 1781 642 1845 abstulisse
657 1781 837 1855 ueritatem,
857 1800 893 1843 an
910 1779 1112 1864 septuaginta
1131 1779 1286 1858 homiues,

137 1888 189 1969 qui
213 1887 311 1952 etiam
334 1887 398 1969 ipsi
420 1887 530 1951 ludaei
554 1890 651 1966 erant,
676 1905 739 1951 uuo
763 1887 794 1950 in
818 1888 889 1951 loeo
908 1886 1042 1970 positos,
1066 1886 1214 1967 quoniam
1232 1905 1286 1951 rer

135 1993 314 2076 Aegyptius
334 1993 537 2058 Ptolomaeus
562 2012 616 2058 eos
641 1993 679 2057 ad
703 1994 763 2057 heo
787 2011 867 2076 opus
888 1994 1053 2071 asciuerat,
1075 1993 1179 2074 ipsam
1202 1994 1283 2075 ueri-

134 2103 232 2164 tatem
271 2100 420 2184 gentibns
460 2100 645 2185 alienigenis
684 2098 837 2164 inuidisse
869 2105 902 2162 et
934 2099 1167 2164 communicato
1200 2099 1284 2164 istuc

95 2225 117 2266 u
135 2207 248 2270 secisse
278 2206 425 2270 consilio:
459 2206 530 2288 quis
558 2227 619 2271 non
647 2206 757 2270 uideat
783 2206 860 2288 quid
888 2206 1061 2288 procliuius
1094 2205 1284 2288 faciliusque

135 2312 300 2377 credatur?
339 2311 401 2377 Sed
425 2312 509 2376 absit
530 2316 568 2376 ut
589 2312 727 2394 prudens
752 2312 908 2395 quispiam
938 2314 992 2376 uel
1014 2311 1149 2376 Iudaeos
1178 2312 1283 2376 cuius-

133 2421 210 2484 libet
237 2419 460 2501 peruersitatis
489 2419 591 2502 adque
619 2420 759 2484 malitiae
787 2423 913 2484 tantum
942 2419 1087 2500 potuisse
1115 2418 1222 2482 credat
1250 2419 1281 2482 in

134 2525 297 2590 codicibus
330 2528 396 2589 tarn
427 2525 539 2590 multis
575 2528 607 2589 et
638 2529 704 2590 tam
735 2526 830 2608 longe
861 2525 989 2605 lateque
1027 2523 1189 2606 dispersis,
1228 2526 1282 2588 uel

133 2633 336 2715 septuaginta
354 2631 426 2697 illos
450 2632 672 2696 memorabiles
695 2632 782 2696 uiros
806 2633 867 2695 boc
886 2631 924 2694 de
943 2629 1113 2697 inuidenda
1131 2631 1280 2714 gentibus

90 2758 115 2798 ιο
134 2739 265 2802 ueritate
291 2757 390 2803 uurrm
415 2739 667 2803 communicasse
692 2738 873 2803 consilinm.
898 2737 1089 2802 credibilius
1114 2757 1187 2820 ergo
1208 2738 1280 2821 quis

134 2845 250 2921 dixerit,
286 2863 358 2909 cum
387 2845 524 2926 primum
553 2845 591 2908 de
619 2845 813 2910 bibliotheca
839 2843 1017 2909 Ptolomaei
1049 2844 1184 2908 describi
1217 2845 1281 2923 ista

132 2954 310 3035 coeperunt,
339 2953 414 3016 tuno
439 2952 560 3034 aliquid
584 2953 647 3016 tale
671 2952 739 3016 beri
762 2952 907 3036 potuisse
929 2951 961 3014 iu
986 2950 1094 3014 codice
1118 2968 1191 3025 uno,
1221 2951 1276 3014 sed

129 3059 274 3140 primitus
298 3057 372 3121 iude
397 3058 567 3141 descripto,
591 3057 674 3122 uude
697 3059 759 3122 iam
783 3057 880 3122 latius
900 3059 1073 3132 emanaret;
1098 3057 1153 3120 nbi
1172 3058 1280 3139 potuit

130 3165 254 3247 quidem
280 3165 423 3229 accidere
446 3165 542 3230 etiam
567 3165 729 3247 scriptoris
755 3184 849 3228 error.
884 3163 947 3228 Sed
969 3165 1030 3227 boc
1052 3164 1084 3227 in
1107 3163 1165 3227 illa
1184 3182 1277 3245 quae-

89 3289 112 3329 s
129 3272 227 3336 stione
253 3271 292 3334 de
316 3271 385 3336 uita
408 3271 607 3336 Mathusalae
630 3290 692 3336 non
717 3271 890 3335 absurdum
914 3273 964 3334 est
991 3269 1157 3352 suspicari,
1186 3271 1276 3334 etin

128 3377 180 3441 illo
203 3378 277 3451 alio,
302 3377 358 3442 ubi
382 3378 605 3458 superantibus
632 3378 745 3462 uiginti
770 3380 920 3461 quattuor
943 3377 1031 3440 anule
1061 3396 1186 3441 summa
1214 3397 1274 3442 non

128 3485 284 3548 conuenit.
308 3483 345 3547 In
370 3483 419 3548 his
444 3487 562 3561 autem,
585 3484 617 3548 in
642 3484 758 3567 quibus
787 3484 990 3549 continuatur
1017 3483 1118 3566 ipsius
1147 3483 1275 3547 mendo-

1140 3674 1199 3707 consil

160 3724 175 3774 5
194 3720 248 3774 Sed
270 3720 342 3788 cum]
363 3719 509 3774 secuudum
529 3737 543 3774 e
596 3721 612 3774 9
631 3719 682 3773 boo
702 3735 753 3774 om.
773 3719 797 3772 e¹
851 3674 1014 3783 ῃοφηὲῐῖίυω
1032 3734 1085 3771 uno
1104 3718 1226 3783 medacio
1251 3719 1277 3770 V

128 3811 156 3862 ll
177 3809 401 3862 alacritatcme
457 3809 490 3862 12
509 3809 644 3862 inuuoo
717 3808 822 3877 positas
841 3807 880 3872 e¹;
898 3807 981 3877 positi
1000 3805 1026 3860 0²
1079 3808 1110 3860 13
1130 3809 1273 3876 aegyptius

126 3915 199 3964 meac
218 3897 335 3967 Aegypti
355 3913 371 3950 o
460 3897 613 3965 ptolomeus
632 3902 657 3951 et
675 3897 714 3950 stc
732 3896 812 3964 infra
835 3893 990 3965 Vobepo
1002 3901 1037 3961 ,ἔς
1055 3895 1227 3964 ptholomeus
1246 3903 1272 3949 er

124 3987 163 4040 m'c
179 3986 260 4054 iufra
273 4003 312 4053 p;
329 3985 538 4040 Ptolemaeusv
611 3987 644 4040 14
663 3987 798 4040 communi
819 4002 838 4039 a
920 3987 991 4043 istuc
1016 3985 1106 4055 Vpoq
1123 3985 1272 4051 istunce¹,·

125 4075 196 4128 istud
216 4073 349 4143 obe²po
419 4076 451 4128 15
470 4075 567 4128 fecisse
586 4091 636 4129 om.
658 4091 677 4128 a
763 4074 829 4144 qnid
847 4075 1016 4143 faciliusque,
1036 4073 1153 4142 quidm.
1174 4076 1273 4142 2sup,

125 4164 181 4218 lio..
205 4163 231 4215 V
275 4164 307 4216 17
328 4163 449 4231 potuisse
468 4179 548 4220 om.e
595 4163 627 4217 18
645 4169 707 4232 poet
724 4163 818 4216 mullis
837 4165 868 4216 ia
891 4164 1018 4217 Vuerbu
1036 4162 1101 4213 iude
1120 4161 1156 4214 ab
1176 4161 1271 4215 alieni-

125 4253 199 4318 genis
219 4253 236 4306 1.
256 4257 295 4305 14
312 4269 398 4320 ueqrre
417 4251 456 4306 od
473 4256 530 4306 tam
548 4253 642 4306 multis
660 4253 777 4321 repetita
797 4254 906 4307 linteolis
924 4253 1013 4306 deleta
1031 4257 1097 4304 arne
1168 4253 1203 4304 22
1221 4251 1269 4304 sed

125 4355 199 4406 mss.,·
217 4341 357 4396 sciliceta
410 4343 445 4395 24
465 4357 553 4412 errore
572 4359 586 4395 e
640 4343 673 4394 27
694 4342 791 4410 quibus
811 4343 910 4397 omisso
929 4344 966 4407 in,
985 4343 1008 4395 e¹

1202 4449 1235 4501 ,a
