3192 4959
370 435 420 488 De
449 435 622 488 ciuitate
650 434 711 488 dei
739 431 805 491 lib.
831 433 904 488 XVI.
933 451 1007 504 cap.
1034 437 1060 489 6.
1221 437 1283 501 137

139 629 208 694 talis
237 629 410 696 locutionis
437 629 640 696 interioribus
669 629 800 695 auribus
829 627 982 712 capimus,
1006 629 1129 715 angelis
1159 629 1284 714 propin·

140 755 282 818 quamue.
320 736 390 802 Non
419 735 528 819 itaque
555 737 632 801 milri
657 735 790 802 adsidue
812 717 972 801 reddenda
992 739 1072 801 ratic
1096 739 1146 801 est
1167 735 1199 802 in
1223 737 1284 801 lroo

139 861 227 925 opere
253 841 291 908 de
314 842 529 910 locutionibus
554 842 622 908 Dei.
660 845 726 908 Aut
756 842 840 908 enim
864 843 990 908 Veritas
1012 843 1284 908 incommutabilis

138 969 191 1032 per
218 969 252 1015 se
278 949 383 1033 ipsam
410 949 612 1020 ineffabiliter
639 951 781 1032 loquitur
809 950 973 1016 rationalis
1006 953 1167 1014 creaturae
1198 969 1284 1014 uren·

117 1057 233 1134 itibus,
254 1059 311 1122 aut
334 1075 390 1140 per
414 1056 600 1122 mutabilem
624 1060 802 1122 creaturam
823 1057 976 1139 loquitur,
997 1056 1065 1122 siue
1085 1055 1282 1140 spiritalibus

138 1162 327 1248 imaginibus
357 1166 464 1228 nostro
494 1161 622 1246 spiritui
650 1161 720 1228 siue
744 1161 962 1246 corporalibus
985 1163 1119 1228 uocibus
1143 1163 1282 1248 corporis

141 1290 255 1336 seusur.

178 1377 263 1442 Illud
292 1396 369 1442 sane
397 1376 482 1459 quod
510 1376 632 1441 dictum
662 1379 725 1442 est:
759 1376 807 1440 ut
838 1395 940 1440 nunc
974 1395 1047 1441 non
1081 1375 1283 1441 deficient

141 1501 177 1548 er
213 1483 307 1548 illis
345 1482 488 1562 omnia,
527 1502 626 1564 quae
664 1481 802 1548 conati
839 1483 996 1548 luerint
1035 1484 1182 1558 facere,
1220 1502 1282 1548 uon

110 1612 127 1648 11
141 1589 255 1654 dictum
280 1591 329 1654 est
348 1587 570 1666 confirmando,
590 1587 646 1654 sed
664 1591 826 1671 tamquam
845 1588 1077 1676 interrogando,
1097 1588 1183 1654 sicut
1200 1590 1283 1654 solet

142 1713 155 1757 a
176 1695 443 1761 comminantibus
468 1693 540 1770 diei,
565 1715 659 1778 quern
683 1695 723 1760 ad
747 1695 877 1761 modum
900 1697 945 1760 ait
969 1696 1112 1778 quidam:

220 1827 289 1886 Nou
314 1843 395 1884 arma
418 1826 572 1900 expedient
594 1829 712 1902 totaque
737 1844 771 1886 er
793 1827 866 1886 urbe
890 1829 1067 1900 sequentur?

143 1942 186 2008 Sic
218 1965 293 2029 ergo
326 1946 546 2028 accipiendum
579 1949 637 2020 est,
665 1951 828 2029 tamquam
862 1945 988 2012 dixerit:
1025 1945 1146 2010 ‘Nonne
1176 1945 1281 2010 omnia

143 2049 280 2116 deficient
305 2070 341 2116 ex
365 2052 541 2135 1111111111
565 2051 670 2117 conati
693 2052 812 2116 fuerint
833 2054 967 2118 faeeret‘
991 2050 1055 2117 Sed
1077 2050 1105 2115 si
1127 2050 1174 2115 ita
1197 2049 1280 2114 dica·

110 2181 129 2221 11
142 2161 194 2236 tur,
216 2179 280 2224 non
305 2157 451 2242 exprimit
475 2159 730 2224 comminantem.
767 2159 886 2224 Verum
914 2161 1043 2242 propter
1063 2157 1279 2223 tardiusculos

143 2263 313 2330 addidimus
336 2265 537 2348 particulam,
560 2265 593 2330 id
618 2269 668 2331 est
689 2266 759 2343 ‘ne'‚
783 2270 821 2362 11
848 2265 1026 2330 diceremus
1049 2265 1180 2342 ‘nonne‘‚
1205 2283 1279 2346 quo-

143 2370 213 2434 niam
238 2390 353 2436 uocem
376 2371 608 2454 pronuntiantis
632 2391 693 2438 non
715 2391 890 2455 possumus
914 2371 1061 2437 seribere.

179 2477 220 2541 Er
255 2477 322 2542 illis
359 2477 458 2564 igitur
491 2479 594 2544 tribus
628 2479 820 2558 horninibus,
852 2479 922 2543 Noe
958 2477 1044 2555 filiis,
1077 2477 1280 2562 septuaginta

143 2587 207 2658 tres,
236 2585 288 2650 uel
320 2584 438 2667 potius,
466 2589 503 2650 ut
533 2587 614 2650 ratio
647 2587 844 2651 declaratura
876 2589 936 2658 est,
965 2585 1168 2670 septuaginta
1198 2583 1278 2649 duae

109 2715 129 2751 a
145 2693 242 2771 gentes
273 2690 471 2773 totidemque
502 2692 629 2776 liuguae
662 2711 717 2776 per
748 2697 849 2757 terras
882 2711 952 2758 esse
985 2694 1167 2776 coeperunt
1198 2709 1277 2773 quae

144 2797 300 2862 crescendo
324 2800 357 2861 et
379 2797 501 2862 insulas
524 2797 733 2880 inpleuerunt.
765 2798 890 2864 Auctus
918 2801 968 2864 est
997 2803 1101 2862 autem
1126 2815 1277 2863 numerus

145 2902 274 2982 gentium
302 2904 403 2968 multo
433 2904 570 2987 amplius
599 2923 694 2987 quarn
721 2905 914 2990 linguarum.
951 2905 1034 2970 Nam
1060 2906 1093 2969 et
1115 2905 1147 2969 iu
1170 2903 1278 2968 Africa

144 3005 278 3072 barbaras
302 3012 412 3094 gentes
437 3011 468 3074 iu
492 3029 554 3075 una
576 3011 689 3096 lingua
710 3011 866 3094 plurimas
890 3011 1050 3088 nouimus,
1074 3017 1107 3075 et
1133 3009 1277 3076 homines

144 3113 260 3192 quidem
286 3115 499 3200 multiplicato
528 3137 642 3201 genere
670 3119 808 3184 humano
837 3117 876 3183 ad
903 3118 1024 3184 insulas
1056 3116 1277 3182 inhabitandas

109 3244 129 3284 a
144 3219 260 3303 nauigio
283 3223 416 3286 transire
439 3223 594 3306 potuisse,
619 3224 689 3306 quis
713 3225 876 3308 ambigat?

223 3409 239 3463 8
256 3409 321 3469 Gen.
342 3412 384 3476 11,
402 3413 419 3466 6
475 3413 508 3467 12
528 3413 608 3484 Verg.
626 3415 692 3468 11111.
711 3415 776 3479 IIII,
795 3415 848 3469 592

174 3532 366 3590 2111111111
429 3537 632 3607 5spiritual.o
693 3539 726 3594 17
746 3539 863 3594 scribere
881 3557 934 3594 nou
955 3555 1132 3609 possumneo
1187 3538 1221 3592 23
1240 3537 1276 3591 Et

143 3617 270 3678 homiues.
281 3626 426 3680 ..initium
444 3641 465 3681 o.
484 3625 537 3680 VH
549 3625 619 3693 fecit
636 3627 735 3684 11111111.
