3192 4959
338 437 385 488 lle
415 436 590 489 ciuitate
619 436 680 490 dei
709 438 773 490 lib.
798 438 884 490 xxll.
914 455 988 508 cap.
1013 440 1038 492 2.
1067 440 1092 492 3.
1224 443 1292 505 585.

137 634 169 692 et
198 631 284 712 quod
312 633 402 695 orant
424 651 485 696 non
509 631 596 706 lacit,
622 632 787 713 cumipse
811 633 843 696 in
869 634 915 696 eis
939 632 1019 696 hanc
1045 633 1153 696 orandi
1177 635 1290 698 uolun-

136 741 238 800 tatem
263 741 371 802 sancto
396 737 518 820 Spiritu
542 757 600 802 suo
624 737 745 805 secent.
782 741 829 802 Ac
853 759 909 821 per
932 739 1004 817 hoc,
1029 739 1153 820 qnando
1179 759 1288 804 secun·

136 842 212 906 dum
242 843 346 907 Deum
379 845 494 908 uolunt
525 853 558 910 et
589 848 679 909 orant
711 845 825 922 saneti,
855 851 892 908 ut
925 845 1060 928 quisque
1094 846 1138 910 sit
1166 847 1291 925 saluus,

135 969 311 1030 possumus
342 951 399 1016 illo
431 952 526 1016 modo
559 952 731 1017 locutionis
765 953 883 1018 dicere:
923 953 1012 1017 ‘Vult
1044 954 1130 1017 Deus
1164 959 1196 1018 et
1227 973 1288 1017 non

102 1055 241 1131 suscita
270 1061 308 1122 ut
333 1059 441 1141 ipsum
470 1058 613 1122 dicamus
645 1061 740 1135 uelle,
765 1059 820 1141 qui
844 1063 881 1124 ut
904 1060 1007 1124 uelint
1030 1059 1085 1123 isti
1109 1059 1195 1124 facit.
1235 1059 1288 1124 Se-

134 1162 279 1228 cundum
311 1163 399 1228 illam
428 1183 503 1228 nero
532 1165 733 1228 uoluntatem
762 1185 863 1242 snam,
893 1184 974 1247 quae
1002 1183 1075 1228 cum
1108 1165 1176 1230 eius
1201 1185 1289 1250 prae-

134 1269 273 1333 scientia
300 1270 494 1351 sempiterna
523 1273 582 1348 est,
607 1271 750 1352 profecto
778 1272 809 1334 in
839 1272 926 1336 caclo
957 1277 989 1336 et
1016 1272 1047 1335 in
1078 1277 1162 1336 terra
1185 1274 1290 1338 omnia

134 1395 357 1458 quaecumque
386 1377 491 1441 uoluit
518 1396 579 1441 non
609 1378 713 1442 solum
741 1379 911 1460 praeterita
939 1379 991 1442 nel
1019 1380 1208 1462 praesentia,
1233 1380 1289 1443 sed

133 1485 234 1548 etiam
258 1484 366 1548 futura
388 1485 452 1548 iam
475 1484 561 1550 fecit.
595 1485 714 1548 Verum
739 1488 906 1566 antequam
930 1485 1040 1549 ueniat
1062 1489 1200 1568 tempus,
1225 1505 1287 1568 qrro

89 1591 244 1654 inuoluit
266 1594 304 1656 ut
325 1590 426 1668 fieret,
446 1591 531 1672 quod
555 1595 628 1656 ante
650 1593 793 1673 tempora
817 1592 967 1656 uniuersa
991 1592 1165 1674 praesciuit
1185 1592 1290 1674 adque

133 1697 309 1779 disposuit,
343 1697 496 1762 dicimus:
529 1698 611 1762 ‘Fiet
643 1699 768 1780 quando
803 1699 891 1762 Deus
925 1699 1086 1773 noluerit';
1121 1699 1148 1762 si
1181 1703 1287 1762 antem

133 1823 196 1867 non
233 1805 336 1868 solum
370 1807 498 1887 tempus
533 1823 594 1887 quo
628 1805 771 1868 futurum
807 1809 866 1883 est,
900 1823 1011 1869 uerum
1051 1805 1146 1869 etiam
1179 1809 1289 1869 utrum

132 1913 282 1973 t'ntnrum
307 1911 350 1974 sit
372 1912 567 1994 ignoramus,
592 1911 743 1975 dicimus:
768 1911 859 1989 ‘Fiet
879 1911 907 1976 si
927 1911 1012 1975 Deus
1038 1913 1200 1985 uolnerit';
1227 1931 1287 1976 non

132 2016 211 2098 quia
235 2016 323 2080 Deus
351 2036 466 2081 nouam
494 2021 705 2093 uoluntatem,
730 2037 825 2100 quam
855 2037 916 2082 non
945 2017 1066 2094 babuit,
1091 2024 1167 2083 tune
1195 2019 1289 2082 habe·

86 2141 112 2177 1⁵
131 2124 198 2197 bit3
224 2122 281 2186 sed
305 2124 380 2204 quia
403 2123 446 2202 id,
466 2125 551 2205 quod
575 2145 611 2189 er
635 2125 822 2189 aeternitate
845 2125 876 2188 in
901 2125 970 2188 eius
995 2125 1178 2189 inmutabili
1200 2143 1288 2207 prae·

131 2233 283 2310 paratum
308 2235 357 2293 est
380 2231 555 2309 uoluntate,
579 2235 656 2294 tnnc
682 2233 749 2295 erit.

603 2423 738 2488 CAPUT
761 2423 818 2486 ll.

131 2568 189 2629 De
219 2565 498 2648 promissione
527 2568 716 2628 aeternae
745 2563 1024 2628 beatitudinis
1050 2567 1283 2628 sanctorum

324 2675 362 2735 et
388 2672 602 2754 perpetuis
632 2671 858 2752 suppliciis
887 2671 1100 2754 inpiorum.

82 2834 107 2870 ao
179 2813 392 2894 Quapropter,
422 2817 459 2875 ut
491 2815 596 2876 cetera
629 2818 693 2878 tam
725 2814 829 2877 multa
856 2815 1059 2895 praeteream,
1090 2813 1174 2877 sicut
1202 2833 1288 2876 nunc

128 2922 161 2984 in
201 2917 328 2984 Christo
361 2919 508 2982 uidemus
541 2919 656 3002 inpleri
689 2919 772 3002 quod
806 2920 953 3002 promisit
985 2919 1128 2984 Abrahae
1161 2919 1281 2983 diceris:

129 3029 173 3090 ln
203 3026 355 3090 semine
379 3029 449 3091 tuo
472 3026 769 3114 benedicentur
792 3047 927 3092 omnes
952 3031 1109 3110 gentos:
1134 3027 1179 3089 ita
1199 3025 1283 3107 qnod

128 3134 240 3198 eidem
265 3132 377 3195 semini
402 3133 471 3197 eius
494 3134 642 3216 promisit
663 3132 845 3217 inplebitur,
865 3133 920 3198 ubi
945 3133 990 3197 ait
1008 3151 1064 3216 per
1081 3131 1285 3216 prophetam:

129 3243 371 3322 Resurgent
404 3240 471 3322 qni
506 3245 621 3304 erant
653 3241 691 3304 in
723 3240 1009 3314 monumentis,
1043 3243 1074 3302 et
1107 3238 1190 3320 quod
1224 3240 1281 3303 ait:

79 3348 225 3412 estitit
258 3347 414 3410 eaelum
448 3366 593 3412 notrum
626 3353 664 3411 et
697 3352 805 3412 terra
837 3365 950 3424 noua,
985 3350 1023 3410 et
1056 3365 1127 3409 non
1166 3349 1283 3410 erunt

126 3471 340 3518 memores
365 3454 554 3535 priorum,
579 3472 649 3517 neo
674 3453 898 3517 adscendet
921 3453 957 3515 in
993 3471 1059 3516 cor
1090 3452 1281 3534 ipsorum.

125 3561 207 3626 sed
241 3561 450 3623 laetitiam
485 3565 523 3624 et
555 3561 878 3624 exsultationem
911 3560 1127 3623 inuenient
1160 3557 1196 3621 in
1230 3578 1283 3621 ea.
1349 3613 1354 3622 .

125 3671 237 3732 Ecce
263 3685 335 3749 ego
358 3666 505 3729 faciam
529 3667 788 3730 Hierusalem
816 3667 1136 3730 exsultationem
1161 3669 1199 3728 et
1222 3683 1283 3747 po-

125 3774 274 3857 pulum
295 3792 418 3836 meurs]
439 3772 660 3846 laetitiam
678 3777 714 3836 et
735 3774 950 3838 exsultabo
971 3774 1006 3836 in
1026 3773 1282 3837 Hierusalem

225 3962 261 4013 22
280 3959 347 4013 Gen.
366 3961 410 4021 ⁸2¹2,
433 3963 464 4014 18
518 3962 553 4012 24
573 3960 644 4013 lissi.
664 3961 707 4022 26,
729 3961 761 4013 lo
817 3962 850 4014 '25
870 3960 910 4013 lb.
930 3963 973 4026 65,
995 3961 1025 4012 17
1046 3977 1104 4028 sqq.

164 4073 182 4124 '3
206 4069 261 4136 lac,
280 4068 298 4119 b
317 4083 440 4135 craso,p
511 4065 659 4120 seeundum
678 4083 739 4119 eum
757 4085 775 4134 p
865 4067 881 4119 9
902 4065 984 4118 futuri
1003 4083 1021 4132 p
1094 4066 1186 4120 ueniat
1205 4067 1281 4121 codd.

124 4163 245 4226 eccepto
265 4155 582 4226 p‚o;uenitp1)omb.
650 4157 682 4209 ⁶21
704 4156 785 4209 abrae
805 4156 846 4224 bp
914 4155 948 4208 24
967 4159 1046 4208 erunt
1066 4155 1109 4208 ab
1187 4173 1282 4209 munn-

124 4247 235 4301 mentis
247 4245 275 4312 9¹
314 4247 348 4298 26
366 4245 469 4314 priores
483 4262 496 4298 e
550 4245 678 4298 ascendet
698 4263 716 4297 ιι
726 4246 742 4296 b
753 4263 766 4296 e
776 4244 802 4312 p²
813 4263 842 4310 α,·
862 4243 984 4296 ascendit
996 4261 1014 4312 p
1024 4243 1064 4312 p¹;
1083 4243 1229 4297 ascendent
1237 4263 1258 4312 p
1271 4264 1288 4298 c·

123 4340 161 4390 27
184 4339 217 4388 et
236 4350 323 4401 orrap
377 4335 412 4386 29
430 4334 458 4386 in
479 4334 613 4386 laetitiam
634 4333 649 4384 b
