3192 4959
417 507 467 559 De
497 508 671 560 ciuitate
700 506 761 559 dei
790 507 854 563 lib.
882 507 938 560 XX.
969 524 1043 576 cap.
1072 507 1096 560 6.
1260 511 1322 572 437

177 701 308 781 primam
336 720 394 764 non
423 703 592 784 pertinent.
622 701 684 765 nisi
712 703 767 784 qui
795 702 881 766 beati
909 701 1030 766 erunt
1022 723 1053 766 m
1082 706 1260 778 aetornum3
1285 703 1324 767 ad

177 807 346 870 secundam
370 828 456 884 uero,
481 808 519 872 de
544 827 606 889 qua
628 828 700 872 mox
719 809 807 873 locut
794 813 885 873 turns
907 813 965 884 est,
990 809 1150 873 etbeatos
1170 813 1239 892 pert
1240 809 1323 873 inere

176 913 302 977 docebit
289 914 522 980 tetmiseros.
546 915 614 978 Ista
637 914 950 991 estmiserioordiae‚
974 913 1167 978 illaiudioii
1191 915 1324 998 Propter

176 1019 259 1099 quod
289 1020 320 1083 in
354 1020 476 1103 psalmo
506 1022 660 1104 scriptum
690 1025 756 1085 eat:
789 1021 1117 1085 Misericordiam
1152 1029 1190 1084 ot
1221 1021 1322 1086 iudi-

147 1124 278 1189 rcium
303 1127 478 1190 cantabo
503 1127 590 1203 tibi,
614 1127 790 1192 Domine.

217 1232 265 1296 De
289 1251 351 1315 quo
374 1233 493 1298 indicio
518 1237 746 1315 consequenter
769 1233 913 1297 adiunxit
937 1233 1039 1318 adque
1059 1234 1118 1298 ait:
1144 1234 1191 1298 Et
1213 1238 1322 1316 pote·

174 1342 322 1403 statem
347 1339 461 1404 dedit
485 1341 519 1403 ei
545 1339 742 1404 iudicium
765 1339 911 1416 facore,
937 1339 1031 1421 quia
1055 1340 1175 1404 filius
1200 1339 1322 1404 honri-

173 1445 233 1508 nis
264 1448 333 1510 ost.
362 1446 424 1510 Hic
451 1446 599 1522 ostendit,
629 1446 714 1528 quod
740 1446 773 1509 in
803 1465 839 1510 ea
863 1465 953 1510 came
982 1445 1089 1511 ueniet
1112 1446 1319 1526 iudicaturus,

171 1551 201 1614 in
240 1571 302 1632 qua
337 1555 467 1616 uenerat
500 1552 699 1616 iudicandus.
735 1551 784 1616 Ad
817 1552 878 1617 hoc
910 1551 993 1616 enim
1026 1553 1086 1616 ait:
1126 1550 1320 1631 Quoniam

131 1657 291 1722 ofilius
320 1658 497 1722 hominis
527 1663 598 1724 ost.
627 1659 673 1722 Ac
702 1658 815 1722 deinde
844 1660 1040 1742 subiungens
1065 1659 1148 1722 unde
1175 1659 1318 1742 agimus:

170 1762 319 1840 Nolite,
348 1765 461 1846 inquit.
490 1765 628 1829 mirari
652 1766 735 1841 hoe,
765 1766 859 1846 quia
884 1766 1022 1830 ueniet
1046 1767 1151 1842 hora,
1181 1765 1218 1828 in
1243 1784 1320 1848 qua

171 1889 316 1949 omnes,
354 1873 422 1953 qui
454 1871 492 1936 in
524 1872 797 1937 monumentis
832 1876 935 1948 sunt,
974 1872 1143 1936 audient
1179 1891 1318 1936 uocem

171 1977 259 2042 eius
293 1982 331 2041 et
357 1979 590 2060 procedent,
619 1979 685 2060 qui
709 1980 811 2043 bona
835 1979 1030 2056 sanarunt,
1054 1979 1092 2043 iu
1116 1997 1319 2044 resurrec-

170 2084 320 2149 tionem
347 2086 477 2164 uitae3
502 2086 571 2167 qui
599 2105 694 2150 uero
722 2087 827 2149 mala
851 2088 1030 2168 egerunt,
1054 2086 1092 2149 in
1116 2103 1319 2161 resurrec-

129 2211 152 2250 ιι
169 2190 321 2255 tionenr
349 2192 509 2257 indicii.
536 2193 606 2257 Hoc
635 2197 684 2256 est
711 2192 793 2256 illud
817 2192 981 2268 iudicium,
1006 2192 1090 2274 quod
1113 2193 1208 2274 paulo
1234 2197 1317 2270 ante,

169 2297 254 2360 sicut
281 2317 373 2373 nunc,
402 2317 458 2380 pro
487 2297 687 2362 damnatione
716 2302 864 2380 posuerat
893 2297 1016 2362 dicens:
1048 2294 1121 2374 Qui
1151 2299 1317 2362 uerbum

169 2423 293 2467 meum
320 2405 436 2469 audit
460 2408 499 2470 et
523 2405 656 2470 credit
679 2406 713 2470 ei
732 2405 801 2489 qui
826 2405 944 2470 misit
962 2425 1028 2486 nro,
1048 2405 1171 2470 habet
1190 2405 1316 2470 uitam

169 2516 372 2574 aeternam
401 2516 440 2575 et
468 2511 506 2575 in
533 2512 731 2576 iudicium
754 2531 829 2576 non
859 2512 982 2588 uenit,
1012 2511 1081 2575 aad
1104 2513 1275 2576 transiit
1299 2531 1317 2574 a

168 2618 353 2681 mortain
377 2617 515 2693 uitam,
544 2618 661 2694 idest,
685 2617 869 2700 pertinendo
894 2619 932 2681 ad
956 2617 1090 2698 primam
1114 2619 1315 2682 resurreetio-

126 2743 150 2778 ιι
167 2743 249 2801 nem,
278 2743 340 2805 qua
366 2743 450 2788 nunc
477 2726 631 2788 transitur
658 2730 800 2790 amorte
825 2725 864 2788 ad
888 2724 998 2804 uitam,
1026 2724 1058 2787 in
1083 2724 1315 2788 damnationem

168 2849 227 2893 uon
251 2831 369 2906 ueniet,
394 2850 486 2911 quam
512 2830 705 2920 significauit
728 2831 940 2915 appellatione
963 2830 1086 2908 iudicii,
1111 2831 1195 2894 sicut
1218 2830 1315 2894 etiarn

166 2937 224 3001 hoc
243 2937 396 3012 locanti
414 2938 471 3001 ait:
494 2936 567 3016 Qui
590 2933 708 3023 [uero]
728 2938 832 3001 mala
851 2941 1033 3021 egerunt,
1053 2938 1091 3000 in
1109 2955 1314 3002 resurree-

166 3043 315 3106 tiouem
356 3043 522 3116 iudicii,
561 3044 592 3108 id
630 3047 679 3108 est
716 3044 936 3108 damnationis.
978 3045 1137 3128 Resurget
1173 3063 1246 3127 ergo
1280 3044 1312 3106 in

165 3149 274 3229 prima,
300 3149 354 3232 qui
378 3169 438 3214 non
462 3149 534 3213 uult
558 3150 588 3214 in
609 3150 747 3214 secunda
770 3150 999 3216 resurrectione
1019 3149 1168 3216 damnari.
1193 3150 1315 3214 Venit

123 3255 245 3318 raenim
286 3256 391 3332 hora,
433 3263 472 3319 et
507 3276 610 3320 nunc
649 3261 721 3332 est,
759 3257 915 3339 quando
957 3257 1108 3320 mortui
1146 3258 1315 3320 audient

164 3381 302 3426 uocem
331 3362 418 3426 filii
444 3363 525 3437 Dei,
555 3368 594 3427 et
618 3364 687 3445 qui
711 3363 932 3440 audierint,
963 3365 1116 3440 uiuent,
1139 3363 1172 3426 id
1197 3367 1255 3440 ost,
1280 3363 1311 3426 in

163 3469 396 3533 damnationem
433 3489 494 3534 uon
530 3471 668 3544 uenient
703 3489 783 3552 quae
817 3471 955 3534 secunda
987 3489 1072 3534 mors
1110 3469 1188 3532 drcr
1176 3474 1242 3534 ιιι
1281 3470 1311 3532 in

163 3595 256 3656 quam
294 3581 429 3640 mortem
464 3581 539 3658 post
576 3576 759 3655 secundam,
800 3595 879 3658 quae
913 3595 1079 3660 corporum
1114 3575 1163 3638 fut
1129 3581 1221 3639 utura
1254 3581 1311 3650 eat,

162 3686 318 3744 resurrtec
320 3681 422 3746 ionem
446 3683 600 3764 praecipit
587 3683 700 3746 tabunt
689 3689 748 3759 ι·,ιιι
774 3681 878 3764 quiin
899 3684 1010 3764 prima,
1036 3701 1116 3764 quae
1136 3683 1310 3745 animarum

249 3943 329 3996 eps
351 3943 444 4007 1001
502 3943 674 4006 cluat?
734 3945 939 4012 tribaca]
993 3944 1125 3998 lorber
1175 3943 1309 3998 atridae

194 4111 598 4214 dnestpoctiudiciihobete
670 4113 730 4166 ιιι
749 4118 806 4164 et
794 4129 812 4180 p
890 4113 920 4166 ll
943 4113 1046 4164 uerrito
1128 4113 1159 4164 17
1180 4111 1308 4178 aulo

158 4182 269 4279 habeat(
257 4244 275 4294 p
363 4229 395 4280 le
418 4230 495 4281 uenit
515 4229 585 4296 (obp
597 4227 623 4298 p¹
641 4229 754 4293 Dorrrb.;
778 4231 870 4281 ueniet
889 4227 963 4298 cpp²
974 4243 1014 4280 oro
1112 4229 1223 4280 transiit
1239 4227 1307 4296 9¹,
1278 4246 1309 4280 o

158 4317 273 4369 transiet
292 4313 356 4384 ep²,·
374 4319 523 4385 transitp;
542 4318 710 4371 trausitrrsb
826 4319 858 4370 18
878 4319 904 4388 ιιι
926 4317 992 4371 riee
1104 4317 1135 4369 19
1156 4318 1194 4386 ιιι]
1216 4317 1249 4370 ad
1269 4317 1308 4370 Ire

159 4405 193 4457 ‘20
211 4405 256 4474 ad]
276 4406 306 4458 in
321 4423 345 4474 p
399 4407 434 4460 22
454 4407 539 4476 [noro]
561 4423 612 4462 om.
633 4408 736 4474 b¹epp
