3192 4959
358 446 408 499 De
436 446 611 499 ciuitate
639 444 698 498 dei
725 445 790 500 lib,
820 444 935 500 XVIIII.
959 462 1039 516 neap.
1070 447 1092 501 1.
1239 448 1303 512 365

152 641 267 705 uirtuti
298 643 363 706 tres
392 644 496 706 sectae
523 641 610 720 facit,
640 641 686 706 ita
714 641 817 724 quies,
844 641 890 706 ira
917 644 1098 724 utrumque,
1128 642 1173 708 ita
1201 643 1304 724 prima

152 751 284 812 naturae
309 736 389 812 alian
412 751 518 812 ternas
540 748 746 812 inueniuntur
769 747 904 812 efficere.
928 748 989 812 Pro
1012 747 1167 812 uarietate
1187 749 1303 832 quippe

152 854 365 919 humanarum
390 855 572 936 opinionum
596 854 710 918 uirtuti
729 853 898 936 aliquando
918 853 1108 932 subduntur,
1134 854 1302 938 aliquando

152 962 383 1044 praeferuntur,
422 961 591 1044 aliquando
628 961 816 1044 iunguntur,
849 942 886 1025 ac
917 962 964 1026 aie
1001 961 1041 1026 ad
1076 959 1303 1027 duodenarium

124 1071 315 1133 erectarum
357 1087 526 1132 numerum
561 1067 754 1150 peruenitur.
793 1065 857 1132 Sed
892 1067 954 1132 iste
992 1085 1117 1151 quoque
1154 1087 1303 1132 numerus

152 1174 336 1257 duplicatur
367 1174 510 1238 adhibita
542 1195 604 1238 una
636 1174 822 1250 differentia,
855 1174 983 1238 socialis
1019 1174 1171 1239 uidelicet
1207 1175 1303 1251 uitae,

153 1282 314 1362 quoniam,
339 1280 484 1363 quisquis
509 1283 650 1345 sectatur
672 1282 812 1362 aliquam
830 1281 965 1344 istarum
985 1281 1153 1346 duodecim
1174 1286 1304 1360 sectam,

152 1387 297 1470 proiecto
329 1389 386 1450 aut
416 1389 546 1468 propter
578 1405 612 1451 ae
644 1389 770 1451 tantum
801 1385 835 1450 id
867 1386 935 1471 agit
966 1392 1022 1453 aut
1054 1389 1149 1453 etiam
1177 1392 1306 1472 propter

152 1493 290 1572 socium,
324 1493 377 1556 cui
409 1493 503 1557 debet
535 1494 595 1558 hoc
628 1493 711 1558 uelle
739 1493 824 1577 quod
853 1493 923 1560 sibi.
953 1494 1109 1575 Quocirca
1138 1495 1304 1560 duodecim

112 1627 135 1664 ιι
153 1604 230 1665 sunt
258 1620 379 1677 eorum,
407 1600 462 1682 qui
489 1604 619 1684 propter
646 1619 681 1664 se
703 1603 828 1665 tantum
857 1618 1113 1683 unamquamque
1136 1601 1304 1666 tenendam

152 1709 278 1790 putant,
308 1710 340 1770 et
366 1706 446 1770 aliae
476 1706 644 1771 duodecim
673 1726 792 1785 eorum,
823 1707 877 1789 qui
904 1725 965 1772 non
991 1707 1095 1772 solum
1118 1711 1246 1790 propter
1270 1727 1304 1772 se

153 1815 201 1878 sic
224 1814 279 1877 uel
302 1814 349 1877 sic
372 1813 661 1896 philosophandum
687 1832 757 1878 esse
781 1814 963 1891 decemmt,
987 1813 1157 1878 sedetiam
1177 1817 1306 1897 propter

153 1920 246 1996 alios,
271 1937 405 2002 quorum
429 1918 548 1984 bonum
571 1918 726 2002 adpetunt
749 1920 835 1984 sicut
858 1939 962 1984 suum.
986 1920 1055 1984 Hae
1074 1923 1181 1984 autem
1201 1923 1306 1985 sectae

152 2027 274 2112 uiginti
296 2029 447 2110 quattuor
468 2026 586 2091 iterum
610 2027 812 2108 geminantur
840 2025 946 2090 addita
970 2026 1145 2092 differentia
1169 2047 1205 2092 er
1227 2028 1306 2091 Ace-

109 2161 135 2202 1e
153 2133 289 2198 domicia
327 2133 418 2198 nouis
456 2135 489 2196 et
526 2133 606 2196 fiunt
643 2133 853 2216 qua-draginta
894 2137 976 2198 octo.
1018 2133 1146 2198 illarum
1189 2133 1306 2216 quippe

152 2241 273 2326 uiginti
300 2243 451 2323 quattuor
478 2259 734 2323 unamquamque
763 2245 922 2305 sectarum
950 2243 1058 2323 potest
1091 2240 1227 2322 quisque
1260 2241 1306 2304 sic

151 2354 262 2414 tenere
290 2366 325 2411 ac
354 2347 521 2412 defendere
549 2352 587 2412 ut
609 2351 738 2424 certam,
762 2367 857 2429 quem
885 2347 1077 2412 admodum
1101 2346 1308 2412 defenderunt

152 2455 268 2536 Stoici,
293 2454 378 2536 quod
400 2455 538 2520 hominis
562 2454 691 2532 bonum,
721 2474 783 2537 quo
807 2454 920 2518 beatus
945 2456 1040 2528 esset,
1063 2454 1095 2516 in
1119 2454 1217 2517 animi
1239 2456 1306 2518 tan-

122 2545 320 2627 ⁸tummodo
348 2561 469 2626 uirtute
497 2561 698 2643 consisterem
727 2563 836 2644 potest
863 2561 945 2624 alius
975 2563 1013 2625 ut
1035 2560 1199 2638 incertam,
1223 2560 1308 2626 sicut

105 2696 132 2736 ro
151 2668 364 2734 deiendemnt
387 2667 570 2732 Academici
592 2669 678 2745 noui,
704 2668 788 2750 quod
813 2669 859 2732 eis
879 2668 939 2732 etsi
963 2687 1024 2732 non
1045 2671 1177 2746 eertum,
1200 2669 1306 2731 tamen

149 2776 223 2840 ueri
257 2774 363 2838 simile
394 2774 570 2838 uidebatur.
602 2774 724 2858 Viginti
757 2777 909 2856 quattuor
941 2793 1016 2858 ergo
1049 2774 1130 2838 fiunt
1157 2793 1213 2856 per
1240 2792 1305 2850 eos,

150 2883 207 2965 qui
236 2901 292 2946 eas
320 2881 412 2945 uelut
440 2885 542 2946 certas
566 2886 693 2964 propter
721 2881 899 2964 ueritatem,
924 2884 956 2945 et
979 2881 1059 2946 aliae
1082 2880 1198 2964 uiginti
1217 2882 1307 2961 quat·

148 2992 228 3054 tuor
250 3007 307 3071 per
330 3006 395 3065 eos,
419 2987 474 3069 qui
499 2987 626 3051 eaodem
651 2988 798 3070 quamuis
822 2988 957 3051 incertas
981 2991 1109 3070 propter
1132 2985 1200 3050 ueri
1220 2984 1306 3050 aimi-

147 3094 325 3160 litudinem
348 3093 525 3176 sequendas
550 3097 673 3176 putant.
697 3095 830 3168 Rursus,
856 3094 931 3176 quia
952 3111 1208 3175 unamquamque
1230 3093 1306 3157 ista-

105 3231 131 3271 ιι
148 3221 225 3266 rum
255 3200 465 3285 quadraginta
492 3203 563 3265 octo
592 3204 750 3266 sectarum
778 3203 887 3284 potest
914 3199 1048 3282 quisque
1077 3199 1166 3281 aequi
1195 3199 1306 3264 habitu

149 3312 331 3374 ceterorum
361 3306 635 3389 philosophorum,
662 3306 803 3389 itemque
833 3307 914 3372 alius
945 3309 1054 3389 potest
1080 3306 1190 3370 habitu
1216 3305 1306 3389 Cyni-

149 3435 278 3492 corum,
308 3433 343 3478 ex
371 3413 431 3478 hac
461 3414 556 3478 etiam
580 3413 758 3477 differentia
780 3413 984 3496 duplicantur
1007 3415 1039 3476 et
1061 3413 1231 3496 nonaginta
1254 3431 1307 3477 sex

148 3521 243 3588 fiunt.
267 3521 391 3585 Deinde
419 3520 494 3602 quia
517 3539 624 3584 earum
648 3520 792 3603 singulas
816 3538 958 3602 quasque
986 3519 1032 3582 ite
1054 3521 1137 3583 tueri
1160 3519 1305 3582 homines

148 3630 292 3713 possunt
319 3627 421 3709 adque
449 3627 574 3705 sectari,
602 3629 639 3690 ut
667 3629 725 3692 aut
750 3627 886 3692 otiosam
915 3625 1050 3710 diligant
1078 3625 1188 3703 uitam,
1222 3625 1308 3690 sicut

105 3765 130 3805 eo
148 3735 197 3832 hi·
223 3733 280 3817 qui
303 3732 524 3798 tantummodo
549 3732 665 3797 studiis
690 3731 850 3797 doctrinae
875 3749 987 3798 uacare
1011 3730 1182 3795 uoluerunt
1205 3730 1306 3812 adque

186 4031 208 4083 4
228 4026 490 4098 duodeienariumc
544 4028 561 4081 6
580 4025 675 4080 sociali
694 4024 849 4080 differentia
865 4042 885 4095 p
940 4027 955 4080 7
975 4029 1077 4078 sectam
1094 4041 1153 4094 qn,-
1170 4027 1303 4080 sectarum

150 4117 213 4172 rell.
233 4133 250 4171 o
268 4115 368 4172 Domd.
424 4117 458 4170 13
477 4115 579 4184 haecq
635 4115 667 4168 18
687 4113 760 4183 quod
778 4114 910 4184 beetusq
963 4115 1065 4167 uirtute
1084 4113 1271 4167 tantummodo
1282 4131 1305 4182 p

151 4244 186 4297 19
206 4243 348 4295 incertae
420 4239 668 4293 electissimum
739 4239 774 4293 26
794 4242 887 4308 potest
905 4239 1008 4293 aliurv
1077 4215 1255 4306 28'statuere,
1274 4239 1306 4291 in

149 4384 241 4436 muro.
262 4365 402 4429 itamari,
422 4381 436 4417 c
