3192 4959
351 451 400 502 De
429 449 603 505 ciuitate
631 447 692 502 dei
719 445 784 503 lib.
813 446 899 502 Xllll.
929 463 1003 517 cap.
1035 447 1075 500 18.
1106 448 1147 504 le.
1241 449 1307 514 629

157 663 219 709 non
246 644 327 708 locis
350 644 381 706 in
406 643 523 725 quibus
547 641 760 706 membrorum
784 641 887 706 forma
909 644 1066 723 turpetur.
1095 639 1194 705 Velut
1217 641 1244 704 si
1269 641 1307 705 de

156 751 234 815 limo
266 769 324 814 uas
356 748 455 825 fieret,
493 749 578 830 quod
612 766 723 813 rursus
755 747 788 811 in
826 747 959 812 eundem
995 747 1108 812 limum
1143 747 1306 811 redactum

156 859 261 921 totum
291 855 330 918 de
357 858 426 920 toto
453 854 570 918 iterum
597 853 697 929 fieret,
724 873 787 918 nou
815 856 901 918 esset
928 871 1057 918 necesse
1085 855 1123 918 ut
1149 853 1206 918 illa
1233 873 1306 936 pars

156 963 237 1043 limi,
261 981 342 1045 quae
364 963 397 1026 in
421 981 498 1026 ausa
520 962 634 1039 fuerat,
659 961 698 1025 ad
717 979 826 1025 ansam
845 961 974 1036 rediret,
998 964 1054 1026 aut
1073 979 1152 1044 quae
1171 961 1305 1026 fundum

123 1070 284 1145 afecerat,
307 1070 379 1151 ipsa
400 1088 512 1134 rursus
534 1069 654 1133 faceret
675 1067 819 1145 fundum,
844 1068 920 1132 dum
943 1073 1049 1132 tamen
1073 1071 1179 1132 totum
1202 1086 1306 1132 reuer-

155 1181 277 1242 teretur
299 1177 331 1240 in
355 1179 471 1251 totum,
499 1175 532 1238 id
556 1179 616 1254 est,
640 1179 728 1240 totus
752 1175 808 1239 ille
831 1175 928 1240 limus
952 1175 984 1240 iu
1008 1178 1112 1239 totum
1137 1193 1194 1238 uas
1218 1175 1306 1238 nulla
1408 1239 1413 1254 ⁸

155 1283 207 1348 sui
229 1283 354 1365 perdita
375 1286 465 1365 parte
488 1284 651 1346 remearet.
676 1279 876 1363 Quapropter
899 1282 926 1346 si
950 1275 1059 1364 capilli
1079 1281 1196 1346 totiens
1220 1281 1305 1346 tonsi

156 1409 323 1474 ungueaue
342 1389 463 1454 desecti
481 1389 520 1454 ad
540 1409 599 1453 sua
615 1389 688 1455 loca
706 1389 889 1453 deformiter
906 1389 1049 1464 redeunt,
1069 1407 1128 1452 uon
1142 1387 1304 1462 redituum

154 1515 212 1560 nec
244 1499 350 1561 tamen
379 1497 495 1578 cuique
521 1496 699 1579 resurgenti
727 1495 885 1578 peribunt,
915 1495 990 1577 quia
1016 1495 1048 1558 in
1078 1493 1208 1559 eandem
1240 1512 1305 1558 car·

111 1623 137 1664 ro
154 1621 236 1679 nem,
270 1605 308 1666 ut
341 1620 573 1684 quemcumque
608 1601 654 1665 ibi
685 1602 793 1666 locum
827 1602 967 1684 corporis
1000 1603 1139 1680 teneant,
1178 1604 1306 1666 seruata
1381 1611 1383 1614 ’

152 1709 292 1791 partium
316 1708 524 1792 congruentia
544 1708 696 1772 materiae
719 1707 933 1774 mutabilitate
953 1709 1126 1772 uertentur.
1151 1705 1304 1786 Quamuis

154 1815 239 1896 quod
268 1815 313 1879 ait
340 1814 514 1878 Dominus:
546 1813 734 1896 Capillus
763 1815 915 1897 capitis
945 1813 1078 1879 uestri
1106 1832 1181 1879 non
1203 1814 1302 1896 peri·

153 1922 225 1998 1111,
257 1939 320 1985 101
349 1921 387 1984 de
414 1921 625 2006 longitudine,
654 1922 711 1986 sed
738 1921 777 1986 de
806 1940 936 1986 numero
966 1923 1153 2004 capillorum
1182 1920 1303 1986 dictum

153 2030 256 2092 multo
285 2028 391 2109 aptius
420 2027 524 2110 possit
552 2028 712 2112 intellegi3
746 2027 829 2092 uude
858 2033 890 2091 et
916 2028 992 2092 alibi
1021 2028 1115 2093 dicit:
1149 2026 1304 2110 Capilli

109 2155 134 2196 rs
153 2133 310 2215 capitis
335 2134 468 2198 uestri
490 2134 693 2199 numerati
717 2138 821 2200 eunt.
848 2135 959 2216 Neque
983 2135 1044 2199 hoc
1066 2134 1138 2199 ideo
1163 2134 1303 2212 dixerim,

153 2241 239 2324 quod
262 2239 385 2322 aliquid
407 2240 585 2305 existimem
609 2241 732 2323 corpori
755 2242 869 2324 cuique
893 2243 1076 2323 periturum,
1106 2241 1191 2323 quod
1214 2244 1303 2305 uatu-

151 2347 261 2411 raliter
291 2347 408 2422 inerat;
442 2347 498 2411 sed
526 2348 611 2429 quod
638 2349 778 2413 deforme
811 2352 920 2412 natum
953 2348 1057 2412 fuerat
1084 2347 1157 2432 (uon
1190 2347 1303 2430 utiquc

152 2455 192 2518 ob
217 2454 315 2531 aliud,
339 2454 400 2518 nisi
424 2457 461 2518 ut
484 2454 557 2519 hinc
581 2475 706 2537 quoque
731 2454 960 2532 ostenderetur,
985 2473 1079 2536 quam
1100 2455 1143 2518 sit
1161 2453 1302 2535 poenalis

152 2560 296 2624 condicio
320 2561 383 2624 ista
405 2561 610 2640 mortalium),
639 2561 685 2625 sic
709 2581 780 2625 esse
804 2561 989 2638 rediturum,
1015 2565 1052 2624 ut
1075 2566 1201 2624 seruata
1223 2561 1302 2626 inte·

105 2669 267 2751 aeguitate
290 2667 488 2732 substantiae
512 2667 695 2733 deformitas
718 2671 836 2748 pereat.
868 2667 902 2732 Si
925 2668 1009 2731 enim
1034 2671 1171 2732 statuam
1194 2671 1304 2750 potest

151 2776 263 2838 artifex
287 2774 392 2849 homo,
418 2793 511 2856 quam
530 2779 659 2857 propter
677 2775 814 2856 aliquam
834 2793 963 2838 causam
983 2774 1155 2840 deformem
1173 2775 1302 2854 fecerat,

150 2881 286 2945 conflare
311 2884 342 2945 et
360 2881 605 2963 pulcherrimam
624 2880 763 2954 reddere,
783 2882 830 2944 ita
848 2883 885 2944 ut
904 2881 983 2945 nihil
1000 2881 1074 2945 inde
1093 2881 1300 2958 substantiae,

150 2988 206 3052 sed
235 2987 305 3051 sola
332 2987 516 3052 deformitas
543 2992 661 3068 pereat,
690 3007 726 3052 ac
754 2988 782 3051 si
810 2988 885 3068 quid
918 2989 950 3052 in
983 2989 1038 3051 illa
1070 2987 1171 3072 ligura
1198 2989 1300 3070 priore

149 3095 334 3158 indecenter
356 3095 499 3159 exstabat
521 3113 579 3159 nee
600 3094 759 3177 parilitate
783 3095 923 3176 partium
946 3096 1152 3179 congruebat,
1176 3115 1237 3161 non
1263 3096 1300 3161 dc

104 3205 230 3278 rateto,
255 3201 338 3265 unde
362 3201 488 3276 iecerat,
513 3205 679 3283 amputare
702 3200 804 3283 adque
829 3221 983 3285 separare,
1008 3203 1063 3268 scd
1086 3203 1133 3266 ita
1156 3222 1301 3287 consper-

149 3328 224 3392 gere
255 3307 406 3372 uuiuerso
438 3306 541 3390 adque
574 3308 718 3388 miscere,
746 3312 784 3372 ut
811 3327 869 3373 nec
900 3308 1085 3374 foeditatem
1117 3309 1216 3374 faciat
1243 3329 1300 3375 uec

151 3416 274 3479 minuat
296 3414 523 3497 quantitatem:
552 3413 691 3496 quidde
715 3415 926 3498 omnipotenti
956 3415 1075 3480 artifice
1099 3417 1299 3481 sentiendum

149 3525 222 3586 est?
259 3521 383 3605 Ergone
416 3540 477 3585 non
509 3521 626 3604 poterit
663 3540 805 3604 quasque
839 3521 1056 3588 deformitates
1089 3523 1298 3587 humanorum

242 3758 274 3810 12
293 3757 339 3812 Lc.
359 3759 402 3820 21,
424 3757 457 3811 18
513 3757 547 3811 14
565 3757 612 3810 Lc.
633 3757 673 3820 12,
695 3758 710 3810 7

184 3883 360 3950 2111111119
423 3882 450 3934 iu
471 3880 565 3935 eodem
584 3883 648 3934 limo
663 3898 686 3950 p
731 3881 898 3950 5flxeratp
961 3899 1065 3935 rursum
1082 3899 1103 3950 p
1150 3884 1259 3937 reunsi
1279 3900 1297 3935 a

148 3971 345 4040 Magnesiae,
365 3989 382 4040 q
401 3987 513 4034 eraa.,e
567 3971 728 4025 loraeuao
782 3973 884 4024 9101
944 3972 1044 4041 quique
1061 3989 1079 4041 q
1133 3971 1298 4042 quoniamp

150 4088 180 4140 11
202 4087 396 4153 congruentiae
415 4104 429 4139 e
485 4087 517 4139 12
537 4051 681 4156 capilldsp
737 4089 769 4141 15
788 4103 861 4140 num.
880 4091 944 4140 sunt
964 4088 1082 4156 abeqp
1094 4107 1124 4153 u,·
1142 4105 1214 4142 num.
1234 4091 1298 4142 eunt

147 4191 242 4228 omnes
261 4191 301 4243 po
318 4174 415 4227 Domb.
479 4176 511 4229 16
536 4176 633 4243 cuique
657 4175 734 4228 codd.
755 4182 869 4243 praeter
887 4173 917 4241 b,·
940 4177 1069 4244 cuiusque
1089 4177 1118 4242 b,·
1138 4177 1298 4246 cuiquemo

150 4264 180 4316 17
200 4262 318 4331 ineritp
389 4263 421 4316 21
443 4263 523 4316 homo
543 4263 677 4332 artifcrp
753 4265 787 4317 24
807 4264 941 4333 parilitati
961 4279 1002 4331 cp
1079 4265 1113 4316 26
1133 4264 1297 4332 uniuerenp

147 4353 182 4406 27
202 4352 390 4421 omnipotente
407 4369 449 4422 qo
