3192 4959
310 434 374 494 580
662 429 688 483 S.
717 431 874 484 Aurelii
904 431 1119 500 Augustini

310 625 514 708 promerendo
543 625 667 708 eflicit.)
701 624 763 690 Sed
796 625 868 706 quis
901 625 963 688 iste
992 626 1034 688 sit
1063 625 1188 700 modus,
1223 628 1255 688 et
1284 643 1365 706 quae
1395 626 1449 688 sint

309 732 380 814 ipsa
410 735 550 814 peccata,
583 751 663 813 qnae
695 732 740 795 ita
772 731 941 811 inpediunt
973 732 1213 813 peruentionem
1252 731 1291 794 ad
1330 751 1447 814 regnum

310 838 380 902 Dei.
411 842 446 902 ut
472 841 578 902 tamen
608 840 790 903 sanctorum
820 839 994 902 amicorum
1025 838 1148 902 meritis
1176 837 1337 920 inpetrent
1359 837 1447 901 indul·

310 946 460 1026 gentiam,
484 944 710 1009 difficillimum
734 948 784 1008 est
806 945 957 1021 inuenire,
987 945 1296 1027 periculosissimum
1322 943 1446 1008 delinire.

308 1052 377 1134 Ego
410 1055 494 1114 certe
526 1070 628 1133 usque
664 1051 704 1114 ad
736 1052 796 1115 1111
831 1054 959 1131 ternpus
992 1070 1064 1114 curn
1101 1050 1175 1114 iude
1207 1053 1383 1134 satagerem
1417 1051 1476 1112 ads

310 1177 418 1221 eorum
447 1157 625 1240 indaginem
654 1159 818 1240 peruenire
843 1177 903 1222 non
933 1158 1032 1240 potui.
1062 1158 1103 1221 Et
1125 1158 1270 1221 fortassis
1295 1161 1445 1239 propterea

308 1265 418 1340 latent,
455 1283 494 1326 ne
532 1264 674 1328 studium
709 1263 893 1344 proficiendi
935 1263 973 1327 ad
1011 1264 1116 1328 omnia
1153 1262 1295 1326 canenda
1331 1267 1444 1345 peccata

308 1370 477 1453 pigrescat.
507 1369 663 1449 Quoniam
692 1371 719 1432 si
748 1371 904 1434 scirentur
928 1389 1007 1452 quae
1031 1372 1083 1450 uel
1114 1371 1221 1451 qualia
1245 1370 1312 1433 sint
1334 1369 1443 1433 delicta.

308 1495 365 1558 pro
394 1476 510 1558 quibus
539 1477 634 1540 etiam
661 1477 921 1558 permanentibus
950 1495 1008 1540 nec
1031 1478 1186 1558 prouectu
1209 1475 1297 1540 uitae
1320 1476 1444 1541 melioris

309 1583 467 1646 absumtis
490 1583 676 1647 intercessio
706 1583 749 1646 sil
772 1583 960 1665 inquirenda
987 1587 1019 1646 et
1043 1583 1197 1665 speranda
1219 1583 1386 1649 iustorum.
1408 1583 1444 1646 eis
1459 1607 1477 1640 n·

309 1708 419 1752 secura
457 1708 491 1753 se
528 1687 717 1753 obuolu'eret
748 1691 885 1754 humana
925 1690 1071 1774 segnitia,
1110 1709 1168 1754 nec
1200 1689 1308 1753 euolui
1341 1689 1445 1753 talibus

308 1795 542 1877 implicamentis
570 1797 670 1860 ullius
699 1795 829 1862 uirtutis
858 1797 1055 1878 expeditione
1080 1798 1212 1870 curaret,
1242 1795 1299 1860 sed
1322 1799 1444 1859 tantum-

308 1901 401 1965 modo
425 1910 589 1984 quaereret
613 1903 747 1966 aliorum
772 1904 894 1967 men'tis
917 1903 1054 1980 liberari,
1086 1921 1167 1984 quos
1191 1902 1312 1966 amicos
1335 1900 1393 1965 sibi
1407 1900 1444 1962 'de

310 2027 489 2072 mammona
520 2009 699 2090 iniqnitatis
732 2010 984 2091 elemosynarum
1012 2008 1160 2092 largitate
1192 2009 1333 2072 fecisset.
1366 2005 1444 2071 Nunc

309 2134 384 2179 uero
418 2114 492 2178 dum
526 2116 662 2180 uenialis
695 2116 885 2197 iniqnitatis.
920 2116 1044 2179 etiamsi
1072 2119 1264 2197 perseueret,
1295 2115 1477 2198 ignoraturis

308 2222 433 2296 modus,
462 2223 604 2304 prolecto
634 2224 666 2286 et
693 2221 835 2286 studium
865 2222 896 2286 in
921 2221 1051 2286 meliora
1078 2220 1263 2304 proficiendi
1288 2219 1397 2285 orando
1419 2221 1444 2280 et

308 2327 454 2392 instando
486 2328 673 2412 uigilantius
706 2328 875 2393 adhibetur
903 2333 936 2393 et
963 2328 1098 2392 faciendi
1128 2327 1165 2391 de
1194 2345 1372 2390 mammona
1396 2323 1443 2388 ini-

309 2435 441 2518 quitatis
464 2439 590 2499 sanctos
614 2435 733 2500 amicos
757 2455 833 2498 cura
856 2455 915 2500 non
941 2435 1107 2517 spernitur.

354 2541 471 2605 Verum
494 2541 558 2606 ista
579 2541 735 2619 liberatio,
760 2561 842 2623 quae
865 2542 903 2604 fit
925 2541 994 2606 siue
1019 2541 1086 2606 suis
1111 2529 1292 2623 quibusque
1311 2537 1442 2604 orationi-

308 2650 368 2713 bus
391 2648 461 2712 siue
484 2647 752 2712 intercedentibus
777 2648 907 2724 sanctis,
931 2646 964 2710 id
988 2648 1055 2732 agit
1077 2649 1168 2710 utin
1191 2647 1298 2730 ignem
1322 2645 1443 2728 quisque
1458 2669 1477 2706 al

308 2775 368 2819 non
392 2755 539 2819 mittatur
562 2758 736 2832 aeternum,
760 2772 821 2818 non
845 2758 892 2829 ut,
912 2773 985 2818 1111
1003 2754 1100 2818 brerit
1118 2754 1250 2830 missus,
1269 2759 1342 2836 post
1359 2770 1442 2834 quan-

308 2868 516 2941 tumcumque
538 2860 613 2924 inde
636 2864 764 2943 tempus
788 2864 926 2926 eruatur.
951 2859 1032 2924 Nam
1057 2864 1090 2924 et
1112 2860 1170 2933 illi,
1195 2861 1250 2942 qui
1273 2863 1381 2942 putant
1402 2857 1442 2918 sic

306 2965 557 3049 intellegendum
581 2985 651 3031 esse
675 2966 760 3049 quod
783 2967 939 3050 scriptum
965 2969 1023 3040 est,
1053 2965 1172 3030 adlene
1201 2969 1316 3029 terram
1339 2965 1438 3028 bonam

307 3075 436 3138 uberem
473 3073 622 3148 inactum,
660 3073 755 3138 aliam
787 3073 955 3149 tricenum,
992 3072 1087 3137 aliam
1120 3091 1321 3156 sexagenum,
1356 3069 1437 3133 ulium

308 3183 487 3252 centenum,
520 3184 557 3243 ut
589 3181 689 3246 sancti
721 3200 777 3262 pro
812 3197 940 3244 suorum
971 3179 1155 3244 diuersitate
1183 3179 1362 3244 meritorum
1392 3172 1439 3236 alii
1455 3190 1476 3230 a

396 3440 498 3494 24111.
520 3443 560 3500 13.
580 3442 596 3493 8

342 3583 359 3635 3
378 3583 523 3634 amicorum
542 3582 727 3650 auperecu'pto
746 3599 781 3635 m.
797 3585 817 3635 2
832 3599 892 3650 (μμ
939 3583 953 3634 'a'
974 3585 1087 3650 peccata
1106 3581 1256 3636 cauendae
1293 3580 1435 3648 9prouectu

308 3669 652 3740 abepppu;profectuv
708 3669 911 3739 reassumptis
931 3671 998 3738 bap
1049 3671 1078 3724 ll
1100 3687 1128 3724 se
1148 3669 1235 3724 obab
1290 3665 1436 3736 segnitiest

306 3758 381 3812 uolui
400 3757 425 3827 ρ’
437 3777 454 3809 α
501 3761 533 3812 14
551 3759 679 3827 largitato
698 3775 774 3825 mss.;
792 3757 939 3826 largitione
957 3775 973 3812 o
1016 3760 1048 3812 16
1068 3757 1167 3812 orando
1188 3763 1216 3812 et
1234 3755 1355 3812 instando
1372 3763 1433 3818 1191)

306 3847 418 3911 Donrb.,·
438 3845 538 3900 orando
559 3850 587 3899 et
605 3847 702 3901 stando
721 3848 752 3913 o,·
770 3847 871 3900 orando
893 3851 921 3900 et
939 3846 1067 3910 metudio,
1082 3847 1113 3900 in
1127 3863 1212 3916 marg.
1229 3851 1257 3900 et
1275 3841 1434 3900 1111111111,1

306 3972 423 4024 orationi
442 3971 569 4023 instando
587 3987 603 4024 c
661 3972 691 4023 17
711 3971 881 4040 uigilantius,
900 3973 931 4025 iu
948 3987 1034 4041 uturp.
1053 3971 1165 4040 uigiliis,
1185 3988 1199 4026 e
1260 3950 1431 4026 l9laboratio.

307 4098 337 4146 in-
356 4073 628 4163 mcrgsliberatiox
709 4096 945 4164 operationibuse
1035 4095 1067 4151 21
1089 4099 1159 4165 post,
1179 4113 1214 4152 m.
1234 4099 1254 4150 2
1271 4087 1432 4180 superscripto

307 4236 395 4287 quarn,
411 4220 426 4272 b
482 4224 584 4287 quanto
599 4224 657 4273 tum
672 4236 786 4288 cumque
803 4224 919 4282 eruatur,
933 4221 1041 4275 arnissis
1059 4220 1122 4274 inde
1141 4225 1259 4292 tempus,
1278 4221 1293 4273 11
1326 4217 1429 4271 221111·

307 4351 365 4402 pus,
383 4335 415 4386 ia
432 4351 516 4402 usurp.
537 4317 676 4403 ¹temporis,
694 4352 709 4388 c
743 4334 747 4342 '
817 4303 914 4404 pritant
930 4353 948 4405 p
