3192 4959
319 465 370 518 De
399 466 574 519 ciuitate
603 465 665 519 dei
691 466 758 520 lib.
786 466 887 519 XVIII.
917 484 991 536 cup.
1020 468 1063 522 50.
1093 469 1136 522 51.
1236 472 1298 536 351

145 661 178 724 in
213 658 333 724 Iudaea
364 660 467 742 adque
500 658 641 725 Samaria
676 659 807 742 plurimi
839 660 1057 739 credidissent,
1095 664 1127 725 et
1159 660 1189 726 in
1223 662 1300 726 alios

147 771 264 851 gentes
296 766 378 831 itum
411 770 471 849 est,
505 768 551 831 eis
584 766 847 832 adnuntiantibus
883 769 1095 853 euangelium,
1124 788 1204 851 quos
1232 768 1300 852 ipse

148 874 238 939 sicut
275 874 445 938 luminaria
485 877 517 938 et
553 876 718 955 optauerat
752 874 851 939 uerbo
889 878 921 939 et
957 875 1143 939 accenderat
1181 874 1300 957 Spiritu

148 984 274 1045 sancto.
303 980 433 1045 Dixerat
462 981 544 1045 enim
573 981 634 1045 eis:
665 980 795 1045 Nolite
819 981 952 1045 timere
977 1001 1051 1060 eos,
1077 983 1139 1064 qui
1164 1000 1300 1064 eorpus

121 1088 343 1166 succidunt,
368 1089 529 1152 animam
553 1092 678 1152 autem
701 1108 770 1153 non
793 1094 959 1171 possunt
983 1088 1164 1153 occidere.
1184 1087 1245 1167 Qui
1265 1093 1302 1153 ut

148 1194 260 1279 frigidi
291 1195 404 1259 timore
436 1214 496 1259 non
530 1198 647 1270 essent,
681 1194 754 1277 igne
787 1194 930 1258 caritatis
964 1194 1123 1259 ardebunt.
1157 1193 1301 1277 Denique

147 1320 210 1366 non
245 1302 350 1367 solum
384 1320 439 1383 per
465 1301 564 1383 ipsos,
598 1300 653 1383 qui
679 1318 752 1363 eum
786 1304 819 1365 et
842 1303 913 1363 ante
951 1300 1129 1383 passionem
1164 1304 1196 1364 et
1228 1306 1301 1383 post

148 1408 413 1474 resurrectionem
431 1407 578 1471 uiderant
595 1410 629 1471 et
647 1405 821 1483 audierant,
840 1426 952 1471 uerum
973 1406 1068 1471 etiam
1088 1410 1161 1490 post
1179 1406 1302 1472 obitum

148 1534 262 1580 eorum
293 1533 350 1596 psr
380 1517 526 1596 posteros
554 1532 663 1578 eorum
690 1514 775 1577 inter
801 1513 972 1578 horrendas
1002 1513 1241 1595 persecutiones
1271 1521 1302 1577 et

112 1621 258 1685 wuarios
292 1620 452 1685 cruciatus
485 1638 522 1684 ac
553 1620 663 1684 funera
693 1622 868 1702 martyrum
905 1619 1120 1701 praedicatum
1154 1623 1202 1684 est
1233 1626 1301 1685 toto

149 1728 224 1793 orbe
249 1726 462 1811 euuangelium
487 1728 684 1791 contestante
707 1726 775 1791 Deo
800 1726 901 1809 siguis
926 1730 958 1790 et
982 1727 1115 1791 ostentis
1145 1728 1178 1791 et
1199 1726 1298 1791 uariis

148 1834 328 1899 uirtutibus
361 1837 394 1897 et
421 1832 558 1916 Spiritus
587 1833 689 1897 sancti
717 1832 915 1909 muneribus3
949 1836 987 1897 ut
1014 1832 1125 1915 populi
1158 1834 1300 1917 gentium

149 1941 316 2005 credentes
347 1941 380 2004 in
408 1958 491 2017 eum,
524 1940 579 2021 qui
605 1958 662 2020 pro
691 1958 800 2003 eorum
830 1938 1023 2002 redemtione
1052 1938 1217 2003 crucifixus
1243 1942 1301 2015 ost,

149 2047 332 2112 Christiano
365 2066 471 2111 amore
503 2048 727 2110 ueuerarentur
758 2044 943 2129 sanguinem
983 2047 1167 2128 martyrum,
1207 2065 1300 2126 quem

109 2173 133 2210 n
150 2153 310 2218 diabolico
347 2153 453 2218 furore
489 2152 650 2230 fuderunt,
688 2151 814 2234 ipsique
854 2170 957 2235 reges,
1001 2170 1134 2234 quorum
1175 2152 1301 2235 legibus

150 2260 342 2324 uastabatur
373 2258 516 2338 ecclesia,
550 2259 578 2323 ei
610 2257 729 2322 nomini
762 2257 932 2322 salubriter
964 2257 1183 2335 subderentur,
1217 2258 1302 2340 quod

150 2366 189 2429 de
221 2372 307 2430 terra
339 2365 508 2430 crudeliter
539 2364 661 2428 auferre
689 2364 794 2428 conati
822 2368 906 2440 sunt,
936 2366 967 2427 et
994 2363 1092 2429 falsos
1121 2362 1196 2428 deos
1226 2364 1302 2428 inci-

150 2477 264 2556 perent
298 2472 456 2554 persequi,
500 2490 634 2555 quorum
671 2488 767 2535 causa
804 2471 943 2535 cultores
980 2470 1038 2534 Dei
1076 2469 1142 2535 ueri
1179 2470 1304 2535 luerunt

150 2584 246 2643 autea
269 2581 438 2662 persecuti.

107 2812 134 2851 20
624 2769 762 2836 CAPUT
786 2770 837 2835 LI.

151 2913 260 2993 Quod
303 2912 424 2978 ctiam
465 2932 530 2995 per
575 2911 852 2977 haereticorum
899 2909 1160 2975 dissensiones
1201 2909 1301 2973 fides

517 3018 712 3083 catholica
734 3017 944 3082 roboretur.

196 3160 319 3226 Videns
338 3164 445 3225 autem
466 3160 610 3226 diabolus
629 3161 749 3243 templa
768 3160 958 3224 daemonum
978 3158 1078 3224 deseri
1098 3164 1130 3225 et
1143 3158 1175 3222 iu
1189 3178 1302 3223 nomen

148 3268 318 3334 liberantis
335 3267 521 3332 Mediaton's
541 3286 664 3332 comere
685 3286 784 3351 genus
800 3266 983 3343 humanum,
998 3265 1175 3331 haereticos
1189 3265 1302 3340 mouit,

105 3407 132 3446 es
151 3377 207 3458 qui
232 3375 293 3441 sub
317 3374 474 3439 uocabulo
499 3373 677 3439 Christiano
702 3373 863 3438 doctrinae
887 3372 1074 3436 resisterent
1096 3371 1303 3449 Christianae,

149 3482 246 3566 quasi
278 3485 411 3563 possent
442 3480 656 3546 indifferenter
687 3480 755 3545 sine
793 3480 860 3544 ulla
897 3480 1094 3562 correptione
1126 3478 1234 3543 haberi
1271 3478 1302 3542 in

150 3588 287 3653 ciuitate
325 3588 395 3657 Dei,
434 3588 519 3652 sicut
555 3587 671 3666 ciuitas
708 3587 905 3651 confusionis
942 3586 1155 3649 indifferenter
1192 3584 1304 3649 habuit

149 3693 364 3778 philosophos
391 3694 474 3758 iuter
500 3713 534 3758 se
563 3694 691 3758 diuersa
718 3696 751 3757 et
776 3692 908 3757 aduersa
932 3692 1113 3756 sentientes.
1145 3689 1206 3769 Qui
1230 3709 1302 3773 ergo

150 3803 183 3866 in
211 3800 349 3865 eeclesia
377 3799 495 3865 Christi
522 3800 702 3865 morbidum
731 3800 851 3882 aliquid
879 3817 1076 3881 pronumque
1106 3798 1242 3881 sapiunt,
1276 3796 1302 3861 si

244 4012 262 4063 4
280 4009 330 4063 Mt.
351 4008 395 4072 10,
413 4008 448 4062 28

188 4162 206 4215 3
227 4158 394 4214 accendebat
409 4176 454 4229 pp
510 4160 525 4212 ‘l
544 4159 684 4229 peripsos
703 4158 863 4212 nouaclum
883 4175 898 4211 c
955 4158 984 4211 ll
1006 4118 1148 4228 portentis.
1168 4158 1199 4211 in
1217 4174 1303 4227 estorp.

150 4264 315 4344 oetentiae
371 4285 404 4337 14
422 4286 584 4337 uenerentur
599 4300 618 4353 9
673 4284 707 4338 16
726 4284 762 4352 ei]
784 4282 859 4337 dele
932 4281 1009 4337 subd.
1030 4281 1158 4335 salubus
1207 4284 1303 4335 2210-

150 4373 270 4427 buretur
285 4373 339 4441 pp]-
359 4370 537 4440 roboraturp
