3192 4959
325 465 391 531 594
672 462 699 514 S.
728 461 885 515 Aurelii
914 461 1134 530 Augustini

325 657 414 735 dicit,
444 659 581 735 aeterna,
609 657 759 739 quamuis
788 657 1000 723 morientibus
1035 660 1067 722 et
1097 657 1304 722 nascentibus
1334 658 1467 743 singulis.

327 765 413 830 sicut
434 764 581 847 perennis
607 767 657 828 est
680 765 822 846 opacitas
848 763 934 828 oleae
961 764 1012 828 uel
1034 764 1117 828 lauri
1141 763 1243 847 adque
1270 764 1369 830 huius
1396 766 1469 830 modi

326 875 503 936 ceterarum
526 871 674 936 arborum
698 871 900 954 singulorum
923 871 1016 954 lapsu
1041 875 1176 952 ortuque
1200 871 1362 936 foliorum.
1394 871 1469 936 Mors

327 978 455 1060 quippe,
488 983 526 1041 ut
559 977 648 1056 dicit,
681 996 742 1042 non
775 978 941 1042 hominum
975 978 1185 1062 singulorum,
1219 977 1276 1042 sed
1313 979 1469 1042 uniuersae

326 1104 428 1168 poena
450 1089 502 1149 est
524 1084 678 1162 ciuitatis,
698 1103 779 1165 quae
797 1104 817 1148 a
834 1103 936 1167 poena
954 1084 1142 1168 plerumque
1161 1084 1308 1168 singulos
1328 1084 1468 1148 uindicat.
1493 1105 1502 1138 s

327 1191 418 1256 Unde
441 1193 554 1256 merito
579 1191 753 1273 quaeritur,
773 1194 881 1256 utrum
901 1195 986 1255 recte
1005 1191 1137 1256 fecerint
1156 1189 1337 1275 Saguntini,
1359 1191 1470 1274 quando

328 1298 512 1362 uniuersam
550 1297 715 1362 ciuitatem
753 1317 845 1362 snam
882 1298 1010 1362 interire
1043 1298 1225 1362 maluerunt
1257 1317 1354 1380 quam
1388 1297 1469 1362 fidem

327 1407 481 1488 frangere,
501 1423 564 1486 qua
587 1422 659 1468 oum
683 1403 754 1487 ipsa
777 1404 919 1468 Romana
938 1424 971 1469 re
990 1405 1120 1488 publica
1138 1405 1345 1480 tenebantur;
1370 1405 1470 1487 inquo

329 1531 388 1576 suo
411 1512 496 1575 facto
519 1510 690 1575 laudantur
714 1510 752 1574 ab
778 1510 928 1576 omnibus
954 1516 1094 1576 terrenae
1113 1511 1327 1592 reipublicae
1348 1511 1470 1576 ciuibus.

329 1619 392 1684 Sed
415 1637 477 1700 quo
501 1616 594 1682 modo
618 1617 693 1681 hnic
718 1617 930 1701 disputationi
954 1622 1086 1699 possent
1108 1617 1266 1693 oboedire,
1290 1637 1351 1683 non
1377 1618 1468 1682 uideo.
1485 1637 1502 1674 ιι·

329 1726 384 1790 nbi
417 1724 535 1788 dicitnr
565 1724 691 1787 nullum
725 1722 966 1807 suscipiendum
996 1743 1067 1789 esse
1094 1723 1215 1789 bellum
1244 1724 1306 1788 nisi
1341 1731 1395 1788 ant
1424 1745 1470 1806 pm
1555 1759 1556 1816 p

329 1831 391 1895 fide
415 1833 472 1894 ant
494 1849 549 1912 pro
574 1829 690 1907 salute,
713 1848 775 1894 nec
798 1830 925 1908 dicitur,
950 1831 977 1895 si
1001 1830 1032 1894 in
1057 1851 1156 1896 unum
1181 1831 1278 1896 simul
1306 1832 1469 1913 peniculum
1555 1827 1556 1922 l

330 1938 376 2001 ita
399 1936 461 2000 duo
485 1937 550 2001 ista
571 1937 798 2013 concurrerint,
818 1941 856 2001 nt
873 1937 974 2002 tenori
993 1937 1128 2002 alterum
1148 1939 1215 2002 sinc
1235 1938 1369 2002 alterius
1390 1935 1470 2001 anis·
1555 1933 1556 1986 l

331 2043 419 2108 sione
446 2059 509 2106 non
536 2041 651 2123 possit,
679 2041 756 2123 quid
785 2042 830 2106 sit
855 2042 964 2124 potius
995 2042 1186 2126 eligendum.
1224 2043 1372 2108 Profecto
1399 2042 1468 2104 enim

332 2149 499 2233 Saguntini
529 2149 557 2212 si
584 2149 721 2212 salutem
747 2148 1014 2232 elige1·cnt‚fides
1040 2149 1085 2213 eis
1109 2149 1213 2214 iuerat
1236 2149 1418 2214 deserenda:
1448 2148 1468 2210 si
1484 2167 1501 2204 s

332 2255 410 2320 fides
433 2255 577 2332 tenenda,
598 2253 773 2320 amittenda
796 2255 907 2337 utique
932 2256 1032 2332 salus,
1053 2257 1137 2319 sicut
1159 2255 1281 2320 tactum
1304 2259 1364 2320 est.
1389 2253 1468 2319 Salus

333 2368 440 2428 autam
464 2362 605 2426 ciuitatis
629 2361 689 2425 Dei
713 2360 788 2426 talis
813 2365 931 2437 estut
953 2380 1025 2426 cnm
1052 2362 1111 2428 fide
1136 2381 1172 2426 ac
1194 2381 1251 2444 per
1269 2362 1364 2426 fidem
1383 2360 1467 2426 teneri

333 2472 387 2534 uel
408 2469 517 2552 potins
541 2467 665 2550 adquiri
687 2469 806 2551 possit;
832 2467 894 2532 fide
918 2473 1024 2533 autem
1049 2469 1173 2552 perdita
1196 2469 1236 2533 ad
1260 2489 1330 2532 eam
1350 2468 1468 2550 quisquc

333 2574 440 2640 uenire
463 2595 525 2640 non
548 2576 661 2658 possit.
701 2572 788 2652 Quas
818 2575 969 2659 cogitatio
999 2575 1176 2640 firmissimi
1199 2595 1236 2639 ac
1259 2573 1467 2659 patientissimi

334 2682 437 2747 cordis
460 2685 510 2746 tot
533 2701 569 2746 ao
593 2685 699 2746 tantos
723 2686 879 2764 martyres
903 2681 990 2759 lecit,
1015 2682 1141 2765 qualsnr
1164 2701 1204 2746 no
1227 2701 1328 2746 unum
1357 2679 1466 2763 quidem
1481 2699 1501 2734 s·

334 2789 447 2853 habuit
475 2789 527 2852 nel
554 2788 671 2852 habere
695 2788 803 2870 potuit
826 2779 950 2870 quand'o
976 2794 1026 2852 est
1049 2787 1127 2852 deus
1151 2787 1292 2852 creditus
1317 2787 1465 2852 Romulus.

796 2980 933 3046 CAPUT
957 2980 1026 3044 Vll.

337 3122 451 3201 Quod
483 3126 528 3186 nt
559 3122 732 3186 mundus
764 3122 804 3186 in
839 3123 1047 3187 Christum
1080 3123 1277 3203 crederet,
1308 3117 1464 3186 uirtutis

414 3228 546 3293 inanit
576 3227 753 3303 diuinae,
784 3249 859 3293 non
889 3229 1177 3310 persuasionis
1208 3230 1405 3294 humanae.

383 3369 446 3434 Sed
473 3370 567 3434 ualde
595 3369 766 3434 ridiculum
797 3375 846 3436 est
875 3371 912 3435 dc
939 3371 1069 3436 Romuli
1097 3372 1178 3434 falsa
1206 3370 1378 3448 diuinitate,
1404 3385 1463 3431 curn
1479 3385 1500 3422 s

338 3477 376 3541 de
404 3475 529 3541 Christo
556 3476 728 3558 loquimur,
757 3478 861 3542 facere
888 3477 1091 3543 mentionem.
1129 3477 1249 3542 Verum
1278 3481 1464 3541 tamencum

337 3583 492 3648 sescentis
524 3583 621 3647 ferme
650 3583 739 3648 annis
767 3587 839 3648 ante
869 3583 1052 3648 Ciceronem
1075 3584 1233 3648 Romulus
1261 3584 1356 3648 fuerit
1380 3580 1464 3660 adque

337 3690 395 3753 illa
422 3694 509 3754 aetas
538 3689 602 3754 iam
628 3689 729 3753 fnisse
760 3689 913 3755 doctrinis
944 3691 1067 3754 dicatur
1094 3693 1228 3768 exculta,
1253 3695 1290 3755 ut
1312 3689 1390 3774 quod
1411 3681 1463 3748 tisri

338 3815 398 3859 non
419 3799 526 3878 potest
546 3815 638 3860 omne
656 3801 836 3879 respueret:
857 3801 973 3878 quanto
992 3797 1095 3880 magis
1114 3801 1189 3878 post
1208 3803 1366 3862 sescentos
1383 3807 1462 3897 snitu

378 4021 479 4075 ldicit
498 4038 584 4089 osup
647 4022 865 4092 ‘lparhennisp
929 4022 1099 4094 dutruml)s‚
1120 4039 1171 4092 que
1190 4040 1306 4092 er·cs.,p
1371 4022 1462 4112 7.⁵u³m

340 4147 480 4199 ciuitatem
499 4163 515 4198 v
592 4147 607 4199 9
628 4146 753 4200 omnibus
773 4147 851 4202 codd.
867 4153 981 4215 practer·
1000 4147 1015 4198 b
1021 4166 1031 4212 ‚·
1049 4145 1203 4201 hominibus
1224 4147 1265 4201 bc
1339 4121 1460 4208 lmgle.

341 4271 438 4338 gends,
457 4271 489 4323 in
508 4288 592 4338 ortorp.
609 4247 769 4337 'deser-enda,
789 4288 802 4324 e
889 4274 921 4326 16
940 4272 1042 4325 facturn
1063 4271 1168 4340 heym
1187 4276 1215 4326 et
1234 4273 1333 4326 facturn
1350 4286 1364 4322 o
1379 4261 1460 4322 Domi·

341 4361 376 4412 24
395 4357 644 4428 persuasionibusp
680 4361 713 4411 26
732 4359 869 4429 loquimur·
886 4365 1032 4428 meam.
1051 4361 1130 4413 tiae
1170 4361 1205 4413 28
1224 4359 1460 4431 fuissel‚ternso.p
