3192 4959
319 486 385 547 242
665 480 691 533 S.
719 480 877 533 Aurelii
904 480 1123 549 Augustini

316 679 421 742 factus
445 682 495 740 est
519 678 673 761 gentium,
698 681 729 741 et
753 678 812 741 boo
833 678 878 740 eis
898 695 980 741 ounc
1001 677 1187 759 exprobrant
1206 677 1326 741 multae
1346 680 1460 761 gentes,

315 804 396 866 quae
429 784 630 848 crediderunt
662 785 693 849 in
727 804 798 847 eum
831 802 887 865 per
920 787 1147 848 testamentum
1180 803 1309 857 nouum,
1342 784 1459 847 illisio

317 894 476 955 uetustate
500 891 747 968 remanentibus,
771 892 809 957 ut
827 890 897 955 ideo
918 889 1055 954 dicatur:
1081 890 1278 967 Memento,
1300 890 1459 959 Domine,

315 996 511 1081 obprobrii
544 1015 739 1061 seruorum
773 1000 931 1073 tuorum,
967 996 1040 1078 quia
1073 1016 1133 1061 non
1164 1016 1218 1061 eos
1247 997 1460 1072 obliuisceute,

315 1105 371 1169 sed
402 1104 509 1186 potius
542 1104 710 1167 miserante
743 1103 880 1167 Domino
915 1107 945 1167 ot
977 1103 1041 1187 ipsi
1068 1107 1143 1185 post
1170 1104 1229 1167 hoc
1258 1104 1457 1186 obprobrium
1484 1126 1494 1165 s

315 1211 463 1277 credituri
491 1214 574 1275 sunt.
600 1210 662 1276 Sed
685 1210 750 1285 ille,
775 1230 870 1291 quem
893 1211 982 1293 prius
1006 1210 1111 1291 posui,
1136 1210 1371 1275 conuenientior
1389 1209 1462 1273 mihi

316 1337 429 1383 sensus
467 1318 603 1382 uidetur.
641 1317 784 1381 Inimicis
824 1318 906 1381 enim
941 1316 1070 1395 Christi,
1104 1316 1219 1399 quibus
1252 1318 1461 1399 exprobratur.

316 1424 400 1505 quod
434 1443 487 1487 eos
523 1424 561 1488 ad
594 1427 703 1507 gentes
732 1424 888 1488 transiens
916 1424 1081 1506 reliquerit
1109 1424 1265 1499 Christus,
1295 1424 1461 1507 incongrue

316 1550 379 1595 uon
405 1531 469 1594 ista
498 1531 678 1610 coaptatur:
702 1529 902 1604 Memento,
932 1528 1099 1603 Domine,
1125 1527 1318 1611 obprobrii
1345 1548 1462 1593 seruo-

316 1657 397 1701 rum
430 1640 594 1709 tuorum;
628 1654 688 1699 uon
723 1636 806 1699 enim
840 1635 925 1699 serui
958 1636 1016 1699 Dei
1049 1635 1251 1719 nrrnoupandi
1282 1639 1358 1699 sunt
1385 1636 1459 1699 tales
1477 1656 1496 1693 o

312 1742 436 1817 Iudaei3
466 1740 523 1805 sed
547 1742 592 1804 eis
616 1742 714 1805 uerba
737 1742 800 1805 ista
826 1745 1009 1822 conpetunt,
1039 1742 1103 1823 qui,
1130 1760 1201 1806 cum
1226 1719 1339 1825 gdarres
1364 1742 1461 1805 humi-

311 1850 419 1914 litates
443 1848 699 1930 persecutionum
724 1867 777 1930 pro
800 1847 918 1913 Christi
938 1849 1062 1913 nomine
1089 1851 1284 1931 paterentur,
1309 1848 1458 1913 reeordari

314 1958 486 2039 potueruut
516 1956 673 2018 excelsum
703 1975 835 2038 reguum
864 1956 977 2019 senrini
1003 1954 1106 2019 Dauid
1134 1954 1234 2019 fuisse
1262 1956 1457 2038 promissum,

317 2068 350 2127 ct
377 2063 445 2126 eius
475 2061 629 2125 desiderio
661 2060 774 2136 dicere,
809 2082 869 2125 non
899 2062 1103 2145 desperando,
1136 2062 1193 2126 sed
1215 2062 1350 2145 petendo
1374 2081 1457 2143 quae·

317 2169 411 2232 rendo
447 2168 619 2249 pulsando:
652 2168 724 2233 Ubi
754 2173 842 2232 sunt
868 2168 1135 2232 miserationes
1165 2173 1249 2232 tuae
1277 2168 1457 2251 antiquae,
1477 2188 1496 2225 ιε

316 2274 486 2351 Domine,
507 2294 598 2357 quas
618 2274 758 2337 iurasti
776 2273 900 2338 Dauid
918 2274 953 2337 in
974 2276 1139 2338 ueritate
1158 2276 1247 2339 tua?
1265 2276 1455 2344 Memento,
1557 2262 1558 2291 ³

317 2380 485 2459 Domine,
520 2380 712 2463 obprobrii
746 2399 938 2447 seruorum
972 2384 1133 2457 tuorum,
1167 2382 1263 2463 quod
1294 2380 1455 2447 continui

271 2522 276 2533 ·
316 2487 352 2551 in
382 2488 466 2551 sinu
495 2506 573 2551 meo
604 2488 805 2550 multarum
830 2488 998 2569 gentium
1023 2488 1178 2569 (horest,
1207 2488 1238 2551 in
1261 2488 1456 2553 interioribus

317 2595 400 2658 meis
424 2595 581 2677 patienter
603 2592 749 2679 pertuli);
775 2594 872 2675 quod
891 2594 1214 2677 exprobrauerunt
1232 2596 1379 2661 inimici
1397 2594 1457 2662 tui.
1556 2576 1557 2585 ἵ

318 2700 491 2774 Domine;
513 2700 610 2782 quod
625 2701 959 2783 erprobraueruot,
976 2701 1303 2765 commutationem
1321 2701 1457 2767 Christi
1475 2722 1497 2759 a

317 2807 392 2880 tui;
427 2826 487 2870 non
520 2826 589 2871 earn
620 2810 769 2889 putantes
803 2808 1084 2871 commutationem
1118 2808 1174 2872 sed
1202 2809 1457 2873 consumtionem.

318 2912 402 2990 Quid
432 2914 482 2976 est
510 2917 629 2976 autern:
659 2913 860 2991 Memento,
890 2914 1055 2991 Domine,
1084 2914 1145 2978 nisi
1173 2917 1211 2979 ut
1234 2915 1410 2979 miserearis
1432 2919 1460 2977 et
1555 2918 1556 2951 l

318 3039 372 3101 pro
406 3019 541 3083 tolerata
578 3020 734 3101 patienter
770 3020 952 3085 humilitate
984 3040 1056 3085 mea
1088 3021 1199 3085 reddas
1233 3022 1459 3095 celsitudinem,

319 3145 414 3208 quam
444 3126 556 3190 iurasti
581 3126 685 3189 Dauid
712 3126 744 3189 iu
768 3126 903 3191 ueritate
927 3131 1003 3192 tua?
1034 3128 1067 3193 Si
1097 3132 1202 3191 autem
1230 3128 1358 3193 Iudaeis
1386 3128 1460 3193 adsi·
1554 3210 1555 3215 ἵ

319 3250 451 3317 goemus
479 3232 556 3297 baec
583 3232 691 3309 uerba,
715 3233 765 3297 illi
788 3235 872 3297 serui
897 3233 957 3297 Dei
981 3234 1058 3298 talia
1081 3234 1183 3299 dicere
1207 3240 1389 3319 potuerunt,
1412 3235 1460 3317 qui
1476 3254 1497 3294 a

318 3341 493 3422 expugnata
517 3344 640 3403 terrena
658 3339 869 3409 Hierusalem.
891 3344 1059 3422 antequam
1082 3340 1172 3405 lesus
1194 3340 1339 3407 Christus
1359 3343 1461 3407 buma-

319 3447 405 3509 oitus
438 3448 629 3522 nasceretur,
671 3446 703 3508 in
741 3446 960 3528 captiuitatem
999 3446 1088 3511 ducti
1125 3452 1209 3527 sunt,
1247 3448 1460 3532 intellegentes
1553 3528 1554 3531 Ἴ

317 3551 599 3615 commutationem
632 3551 761 3630 Christi,
795 3554 869 3635 quia
903 3552 1027 3617 seilicet
1059 3572 1119 3617 non
1153 3573 1209 3637 per
1241 3574 1313 3618 eum
1346 3558 1461 3619 terrena
1553 3558 1554 3563 ’

319 3658 516 3738 carnalisque
557 3656 706 3731 felicitas,
749 3660 852 3740 qualis
889 3660 1000 3740 paucis
1038 3659 1127 3724 annis
1164 3660 1248 3744 regis
1289 3660 1460 3726 Salomonis

317 3763 472 3846 apparuit,
493 3764 549 3827 sed
573 3765 719 3829 caelestis
744 3784 779 3829 ao
805 3766 957 3848 spiritalis
978 3771 1063 3831 esset
1082 3766 1220 3832 fideliter
1243 3766 1458 3851 exspectanda
1476 3788 1497 3826 so

319 3890 414 3952 quam
441 3874 516 3934 tuno
544 3871 690 3955 ignorans
719 3871 891 3937 infidelitas
926 3874 1079 3957 gentium,
1115 3893 1187 3937 cum
1222 3874 1281 3938 Dei
1314 3874 1460 3958 populum

352 4114 496 4166 tNouum
515 4113 717 4168 Testamenta
763 4115 1001 4187 Sperman'ent.p
1044 4118 1325 4188 lexprobrabaturp
1370 4119 1401 4171 12
1418 4132 1459 4186 pro

320 4218 371 4254 om.
392 4202 425 4271 p¹‚
447 4210 526 4271 <proxx
545 4202 644 4258 Domb.
737 4206 769 4257 14
789 4204 987 4277 disparandoq
1074 4208 1106 4261 19
1125 4214 1150 4261 ct
1169 4208 1203 4263 20
1222 4208 1472 4277 exprobauemnte·

320 4290 353 4342 al
375 4290 613 4343 commutationem
632 4292 711 4347 codd.
726 4298 840 4361 practer
859 4312 881 4359 ρ,
892 4310 921 4361 v;
941 4300 1066 4349 oommut.
1087 4312 1145 4349 esse
1165 4296 1287 4367 pDomb.
1363 4298 1396 4351 26
1413 4292 1463 4361 XM

320 4378 429 4431 icsusc
482 4378 516 4432 28
536 4396 593 4433 enm
609 4378 643 4449 9²
