3192 4959
336 420 402 485 314
686 416 714 473 S.
742 417 899 471 Aurelii
927 416 1145 485 Augustini

336 612 400 688 tic,
434 618 474 678 ct
505 617 614 679 terra
646 615 845 678 commota
878 615 940 677 est
963 610 1040 694 quid
1063 613 1113 675 est
1136 608 1199 675 uisi
1222 609 1324 675 ‘stetit
1347 608 1384 673 ad
1406 606 1468 672 sub-

335 718 537 798 ueniendum,
561 723 594 783 et
616 722 701 783 terra
724 719 884 783 commota
903 719 953 781 cst
971 717 1010 781 ed
1030 708 1253 781 credendum’?
1276 715 1467 798 Respexit.

335 828 374 889 ct
395 826 622 890 tabuerunt
644 830 798 910 gentes,
822 825 882 889 hcc
907 829 956 888 est
974 824 1135 887 ‘misertus
1159 826 1209 887 ost
1232 825 1262 886 et
1286 822 1362 886 fecit
1383 840 1468 904 popu·

334 932 382 996 los
406 933 623 1014 paenitentss’.
649 932 832 998 Gentriti
866 933 961 996 sunt
991 932 1149 995 montes
1182 928 1396 1005 uiolentia,
1417 928 1467 993 hoc

334 1040 384 1102 est
407 1039 483 1103 ‘uim
506 1039 696 1104 facientibus
721 1038 883 1103 miraculis
908 1038 1062 1101 elatorum
1087 1038 1137 1101 est
1160 1034 1293 1101 contrita
1313 1034 1464 1117 snperbia‘.
1490 1051 1499 1089 ⁵

332 1144 611 1211 Defluxcrnnt
634 1145 764 1210 collos
788 1144 1031 1219 aeternales,
1056 1142 1115 1207 hoc
1140 1146 1190 1206 est
1213 1141 1383 1205 ‘humiliati
1404 1145 1468 1206 sunt

332 1250 371 1314 ad
395 1255 533 1333 tempus,
557 1257 595 1316 nt
617 1252 814 1336 erigerentur
837 1252 867 1315 in
892 1250 1075 1315 asternum'.
1099 1250 1326 1332 Ingressus
1358 1250 1468 1311 aeter·

330 1377 402 1422 nos
426 1358 513 1423 eins
537 1378 606 1442 pro
630 1357 846 1425 laboribus
871 1356 967 1435 uidi,
992 1357 1052 1421 hoc
1076 1358 1126 1421 est
1148 1358 1219 1420 ‘nun
1244 1355 1314 1419 sine
1337 1353 1466 1419 mercede

332 1465 527 1530 aeternitatis
550 1465 689 1530 laborem
714 1464 855 1530 caritatis
880 1464 1028 1547 adspari'.
1048 1462 1329 1527 Tabernacula
1346 1460 1466 1525 Aethi·
1564 1509 1569 1526 .

332 1590 446 1652 opum
476 1574 752 1655 expauescent
779 1574 819 1635 et
846 1570 1115 1635 tabernacula
1143 1572 1276 1633 terrae
1300 1566 1500 1641 Madiama

330 1678 391 1743 hoc
414 1682 464 1742 est
485 1680 608 1763 ‘gentes
631 1680 761 1760 repente
784 1676 970 1761 perterritae
994 1676 1104 1741 nuntio
1132 1674 1327 1739 mirabilium
1350 1679 1464 1737 tucrum
1564 1663 1570 1784 J

331 1784 426 1848 etiarn
455 1804 535 1867 quae
562 1804 624 1849 uon
654 1786 788 1849 suntin
817 1785 885 1850 inre
907 1784 1049 1849 Romano
1078 1784 1170 1847 erunt
1191 1780 1223 1845 in
1248 1781 1367 1863 populo
1390 1778 1463 1845 Chri·

330 1890 455 1955 stiano.'
475 1890 681 1974 Numquid
709 1892 747 1955 in
776 1890 1024 1955 fluminibus
1052 1888 1186 1953 iratus
1217 1907 1271 1964 es,
1302 1886 1463 1951 Domine.
1568 1887 1569 1913 ‘

329 1998 459 2061 autin
483 1998 729 2062 fluminibus
758 1997 874 2061 furor
901 2000 997 2062 tuus
1022 1998 1091 2060 aut
1113 1996 1153 2060 in
1175 1994 1275 2060 mari
1299 1994 1462 2076 impetus
1564 2067 1568 2086 Ι

328 2108 446 2169 tuns?
474 2105 534 2170 boo
563 2105 635 2169 ideo
664 2104 786 2168 dictum
811 2108 882 2183 est‚·
898 2103 973 2186 quia
995 2122 1056 2167 non
1082 2102 1170 2166 uenit
1193 2120 1275 2165 nunc
1301 2104 1337 2164 ut
1358 2098 1463 2163 indicet
1478 2114 1497 2153 ιε

328 2210 492 2289 mnndum,
517 2210 573 2275 sed
595 2213 634 2276 nt
652 2210 796 2275 saluatur
821 2210 958 2275 mundus
977 2210 1168 2292 peripsum.
1194 2206 1296 2287 Quia
1320 2206 1464 2271 adscen-

329 2316 397 2381 dss
427 2336 550 2400 super
576 2336 703 2401 equos
731 2321 836 2396 tuos,
867 2321 907 2382 et
935 2316 1139 2399 equitatio
1168 2318 1238 2379 tua
1265 2316 1387 2391 salus,
1413 2312 1462 2375 boc

326 2424 376 2486 est
398 2423 625 2506 ‘euangelistae
650 2423 697 2487 tui
713 2422 895 2506 ,portabunt
918 2424 960 2499 te,
985 2422 1039 2504 qui
1062 2424 1252 2505 regnatura
1271 2424 1314 2497 te,
1335 2423 1366 2485 ct
1384 2437 1463 2483 euan-

326 2528 445 2612 gelium
473 2534 565 2594 tuum
594 2529 682 2595 salus
711 2530 771 2594 erit
801 2529 857 2606 eis,
883 2529 937 2612 qui
962 2528 1094 2593 credunt
1116 2528 1149 2592 in
1173 2528 1229 2592 te'
1258 2526 1461 2592 Intendens

326 2634 1495 2718 intendesarcumtuumsupersceptra‚dicitDominus.²⁰

323 2743 384 2807 hoc
411 2746 460 2808 est
486 2743 740 2808 ‘comminaberis
768 2743 926 2808 iudicium
954 2746 1046 2808 tuum
1076 2743 1172 2807 etiam
1200 2741 1331 2827 regibus
1355 2742 1460 2805 terrac)

324 2848 583 2914 Fluminibus
614 2849 832 2914 scindetur
858 2853 977 2931 terra,
1006 2849 1066 2915 hoc
1096 2852 1146 2915 est
1173 2848 1387 2913 ‘influentibus
1409 2864 1458 2910 scr-

324 2955 472 3019 monibus
495 2955 746 3037 praedicantium
765 2961 797 3020 te
818 2955 998 3039 aperientur
1017 2954 1056 3019 ad
1076 2954 1291 3021 confitendum
1311 2954 1457 3019 hominum

324 3060 428 3138 corda,
448 3062 564 3143 quibus
584 3064 634 3126 est
652 3061 790 3126 dictum:
817 3062 1003 3128 Scinditc
1028 3062 1149 3128 corda
1173 3064 1315 3127 uestra
1338 3064 1375 3123 et
1396 3076 1456 3122 non

323 3167 597 3232 uestimenta?
634 3168 717 3248 Quid
756 3174 820 3235 est:
858 3169 1067 3234 Videbunt
1108 3172 1146 3233 te
1189 3172 1228 3234 et
1272 3166 1496 3233 colebaris

322 3273 477 3356 populi,
495 3274 563 3339 'nisi
587 3278 626 3339 ut
647 3274 788 3359 lugendo
809 3276 873 3341 sint
895 3276 1002 3340 beati?
1027 3275 1111 3355 Quid
1134 3278 1196 3339 est:
1220 3274 1457 3358 Dispergcns

323 3399 446 3461 aquas
470 3381 652 3457 incessu,
675 3402 714 3445 an
739 3381 940 3448 ‘ambulando
963 3383 995 3446 in
1020 3382 1076 3458 eis,
1097 3382 1152 3465 qui
1171 3384 1203 3446 te
1223 3400 1325 3463 usque
1348 3395 1457 3462 quaque

322 3486 519 3565 adnuntiant,
545 3488 604 3552 hac
628 3489 731 3569 adque
759 3489 818 3553 hac
846 3488 1003 3572 dispergis
1031 3488 1151 3553 fluenta
1174 3487 1362 3553 doctrinae'?
1384 3481 1459 3563 Quid

322 3599 385 3658 est:
411 3594 532 3659 Dedit
557 3596 736 3678 abyssus
760 3614 902 3660 uocem
927 3614 1048 3673 suam,
1074 3614 1112 3659 an
1136 3594 1343 3677 ‘profunditas
1366 3587 1457 3657 cordis

408 3837 489 3894 21³⁸.
508 3840 586 3903 too
642 3841 675 3893 16
693 3840 733 3893 Ιο.
753 3842 778 3902 3,
801 3842 831 3893 ll
892 3838 1003 3894 2410e1
1023 3842 1048 3903 2,
1070 3840 1102 3894 13

355 3964 373 4014 4
392 3961 510 4015 contrita
529 3966 571 4017 est
588 3980 604 4017 o
660 3964 693 4017 10
712 3962 831 4017 madiam
847 3980 903 4033 pp‚·
923 3963 1030 4017 nraniun
1051 3982 1069 4017 a
1081 3963 1095 4015 b
1107 3980 1146 4032 cp
1161 3980 1202 4018 nc
1266 3964 1296 4017 13
1316 3958 1458 4016 irascerise

323 4051 356 4103 14
374 4049 419 4103 nel
437 4050 466 4102 in
485 4050 588 4103 mario
637 4052 669 4105 16
690 4052 772 4120 qnip
822 4052 853 4105 17
869 4050 942 4105 salus
959 4094 1051 4107 .....
1066 4056 1094 4105 te
1114 4054 1159 4121 qui
1179 4068 1263 4107 cunc
1310 4052 1343 4105 20
1361 4048 1458 4109 diceto

321 4138 356 4191 22
376 4138 542 4208 scinditnrp
605 4140 640 4192 24
660 4138 802 4209 quibus..
820 4140 922 4193 .cordu
941 4158 975 4193 m.
995 4146 1011 4194 1
1031 4142 1061 4193 iu
1079 4158 1164 4209 uturp.
1186 4158 1199 4195 c
1271 4138 1424 4195 dictumest
1444 4152 1458 4189 u

319 4228 354 4281 27
373 4226 515 4295 incensum
530 4244 557 4294 e,·
574 4228 602 4281 in
618 4230 725 4283 incessu
739 4230 783 4282 ab
840 4246 872 4283 sn
893 4230 936 4283 ab
945 4246 963 4299 p
978 4230 1091 4296 Domb.;
1104 4231 1133 4284 in
1148 4247 1176 4296 c,·
1188 4229 1298 4299 nisipo
1331 4228 1362 4281 29
1374 4225 1458 4295 dhys-

326 4332 371 4367 sus
391 4314 500 4370 dedito
