3192 4959
329 401 379 456 De
407 402 581 456 ciuitate
609 401 671 456 dei
697 401 763 460 lib.
790 402 907 460 XVIIII.
937 421 1011 473 cap.
1039 405 1082 458 23.
1216 409 1281 470 415

131 618 227 664 uerus
259 617 321 662 non
356 598 408 674 sit,
437 598 494 663 sed
521 597 731 663 Photinienus
759 598 949 676 haereticus,
979 599 1032 681 qui
1059 599 1281 664 tantummodo

130 705 302 782 hominem,
334 723 394 769 non
429 705 525 768 stiam
558 703 662 768 Deum
694 704 821 770 nouerit
853 705 1026 784 Christum,
1059 709 1092 770 et
1123 706 1195 770 ideo
1227 725 1283 788 par

133 831 204 876 enm
236 814 348 878 saluus
381 829 452 876 esse
483 829 545 876 non
577 811 682 893 possit
712 830 770 876 nec
802 813 937 879 istorum
968 813 1282 896 mendaciloquorum

131 918 320 983 daemonum
360 919 491 1000 laqueos
526 915 628 983 uitare
664 920 718 983 uel
755 920 890 984 soluere.
933 919 998 984 Nos
1036 923 1142 985 autern
1180 939 1282 1002 neque

104 1024 312 1107 shpollinem
344 1025 578 1108 uituperantsm
612 1024 776 1090 Christum
808 1043 908 1106 neque
937 1025 1078 1088 Hecaten
1111 1043 1281 1108 possumus

131 1131 302 1215 adprobare
325 1130 518 1196 laudantem.
542 1133 602 1197 Ille
625 1131 742 1213 quippe
764 1135 928 1212 tamquam
951 1131 1094 1214 iniquum
1119 1130 1281 1196 Christum

130 1239 201 1302 uult
228 1238 324 1314 credi,
352 1257 448 1320 quem
474 1238 635 1304 iudicibus
664 1241 751 1302 recta
778 1237 990 1302 sentientibus
1022 1237 1100 1302 dicit
1123 1239 1281 1314 occisum

130 1346 192 1410 ista
215 1344 375 1410 hominem
393 1345 588 1426 piissimum,
607 1343 665 1408 sed
683 1344 844 1408 bominem
864 1348 998 1408 tanturn.
1019 1343 1088 1410 Una
1108 1349 1281 1410 esttamen

130 1456 162 1516 et
184 1452 274 1516 illius
298 1455 330 1516 et
353 1453 450 1517 huius
473 1452 619 1524 Intentio,
643 1458 681 1516 ut
698 1453 802 1516 nolint
821 1452 964 1516 homines
984 1471 1054 1516 essa
1074 1452 1280 1529 Christianos,

90 1581 115 1618 ιο
130 1559 214 1640 quia,
239 1558 302 1623 nisi
325 1558 498 1624 ChrIstiani
521 1563 623 1636 eruant,
649 1559 687 1624 ab
712 1578 821 1624 eorum
845 1559 912 1622 erui
936 1562 1096 1640 potestate
1115 1579 1173 1624 non
1194 1564 1281 1642 pota-

128 1669 211 1728 runt.
241 1664 307 1729 Iste
335 1683 410 1730 uero
439 1666 662 1748 philosophus,
691 1666 743 1729 uel
772 1667 881 1748 potius
905 1665 959 1746 qui
983 1665 1102 1730 talibus
1128 1665 1281 1731 aduersus

130 1770 328 1836 Christianos
355 1773 446 1855 quasi
475 1771 612 1836 oraculis
642 1771 784 1848 credunt,
813 1773 902 1855 prius
931 1773 1060 1851 facient,
1084 1771 1111 1836 si
1135 1775 1280 1855 possunt,

128 1883 165 1940 ut
192 1878 275 1942 iuter
302 1897 336 1942 se
365 1879 403 1942 de
426 1879 496 1961 ipso
526 1878 653 1943 Christo
678 1879 798 1943 Hecate
828 1879 929 1960 adque
953 1879 1068 1961 Apollo
1093 1879 1282 1944 concordent

129 2002 267 2065 eumque
290 1988 347 2048 aut
369 1984 461 2048 ambo
486 1983 697 2050 condemnent
719 1989 775 2048 aut
798 1985 891 2050 ambo
916 1985 1116 2051 conlaudent.
1142 1985 1281 2065 Quodsi

88 2114 112 2153 ra
127 2089 231 2154 facere
254 2091 444 2172 potuissent,
474 2091 573 2155 nihilo
597 2091 703 2156 miuus
726 2111 784 2156 nos
810 2097 842 2156 et
865 2092 1098 2174 uituperatoras
1119 2095 1151 2155 et
1173 2092 1282 2156 lauda-

126 2201 212 2262 tores
242 2197 360 2262 Christi
387 2197 517 2262 fallaces
546 2198 715 2264 daemones
744 2198 929 2262 uitaremus.
959 2197 1040 2263 Cum
1068 2217 1143 2264 uero
1172 2217 1279 2264 eorum

128 2305 206 2368 deus
226 2309 259 2368 et
278 2304 337 2368 dea
355 2305 438 2369 inter
455 2323 491 2370 se
510 2305 548 2369 ds
569 2304 707 2382 Christo,
726 2305 781 2370 ille
800 2304 1022 2387 uituperando,
1041 2305 1105 2368 ista
1122 2304 1280 2370 laudando

127 2410 334 2474 dissentiunt:
375 2412 517 2494 profacto
560 2411 606 2475 eis
648 2411 944 2494 blasphemantibus
983 2410 1181 2477 Christianos
1218 2430 1279 2476 non

126 2517 260 2581 creduut
281 2518 437 2594 homines,
461 2518 488 2583 si
511 2522 596 2582 recte
619 2517 683 2599 ipsi
702 2518 851 2582 sentiant.

84 2645 110 2686 ao
172 2623 254 2688 Sane
287 2623 451 2688 Christum
482 2625 615 2689 laudans
648 2624 701 2688 uel
733 2625 928 2707 Porphyrius
962 2623 1014 2688 uel
1042 2623 1173 2700 Hecate,
1207 2642 1280 2688 cum

126 2729 212 2794 dicat
235 2749 309 2794 eum
330 2730 437 2811 ipsum
460 2731 599 2795 fataliter
622 2731 747 2796 dedisse
772 2730 972 2808 Christianis,
996 2735 1033 2794 ut
1056 2730 1281 2812 inplicarentur

126 2854 241 2913 errore,
278 2855 392 2900 causas
427 2842 534 2901 tannen
573 2837 727 2913 eiusdem,
761 2838 846 2901 sIcut
875 2840 977 2920 putat,
1010 2837 1120 2918 pandit
1156 2837 1279 2904 erroris.

126 2941 213 3020 Quas
251 2948 421 3025 antequam
459 2963 494 3007 ex
526 2943 633 3008 uerbis
670 2945 739 3008 eius
772 2964 935 3028 exponam,
968 2943 1056 3027 prius
1090 2963 1217 3024 quaero,
1252 2945 1278 3008 si

124 3049 266 3114 fataliter
284 3049 373 3113 uehit
392 3049 538 3114 Christus
559 3050 746 3116 Christianis
771 3051 885 3115 erroris
904 3050 1151 3132 inplicatIonem
1170 3055 1279 3116 utrum

83 3179 108 3220 ra
124 3157 237 3220 nolens
271 3176 310 3220 an
342 3157 452 3221 nolens
485 3156 616 3221 dederit.
650 3156 683 3222 Si
718 3158 839 3236 uolens,
872 3177 933 3240 quo
963 3156 1057 3221 modo
1086 3157 1215 3222 iustus?
1245 3156 1279 3221 Si

124 3265 247 3340 nolens,
277 3283 339 3344 quo
367 3264 461 3329 modo
490 3264 627 3330 beatus?
657 3264 721 3329 Sed
747 3266 810 3328 iam
840 3283 952 3328 causas
981 3264 1082 3346 ipsius
1111 3263 1278 3329 audiamus

124 3371 250 3435 errorIs.
285 3370 387 3449 ‘Sunt
419 3371 533 3453 inquit,
567 3371 699 3454 spiritus
733 3370 849 3435 terreni
882 3370 1004 3434 minimi
1035 3370 1106 3436 loco
1141 3369 1278 3452 quodam

122 3479 283 3541 malorum
311 3476 500 3542 daemonum
527 3479 681 3560 potestati
709 3477 854 3542 subiecti.
881 3477 931 3542 Ab
955 3477 1004 3542 bis
1034 3477 1192 3559 sapientes
1215 3476 1277 3539 He-

122 3583 292 3648 braeorum
319 3587 468 3666 (quorum
495 3604 579 3648 unus
606 3584 669 3648 iste
697 3584 794 3648 etiam
822 3585 913 3649 Iesus
942 3585 1013 3660 luit,
1047 3584 1132 3648 sicut
1159 3581 1277 3646 audisti

82 3688 236 3752 rediuiua
263 3689 431 3772 Apollinis,
465 3707 545 3772 quae
573 3691 721 3771 superius
750 3690 836 3754 dicta
864 3689 953 3774 sunt)
983 3727 1026 3736 -—
1055 3690 1093 3754 ab
1123 3690 1172 3754 his
1202 3707 1276 3772 ergo

123 3795 264 3860 Hebraei
288 3795 495 3860 daemonibus
520 3796 666 3878 pessimis
691 3801 724 3861 et
746 3797 921 3862 minoribus
942 3797 1107 3880 spiritibus
1128 3796 1278 3860 uetabant

162 4007 280 4058 laerns
298 4018 384 4058 om.e
455 4001 608 4056 soltanuse
694 4001 1009 4070 timendaoiIocorumy
1093 4003 1277 4072 6probarep

126 4095 141 4146 'l
161 4092 302 4146 iudicibus
321 4108 410 4161 eppa
428 4091 540 4155 Domb.,·
560 4108 576 4144 a
594 4089 651 4195 iud.
672 4091 716 4143 ab
724 4107 767 4160 qo
815 4092 846 4144 Π
866 4091 945 4158 illap
989 4092 1023 4144 21
1044 4089 1151 4144 dedisse
1171 4091 1277 4145 fatale

126 4211 162 4262 26
181 4211 237 4263 iam
257 4225 308 4264 om.
323 4224 346 4276 p
419 4223 560 4262 causama
632 4207 679 4277 apl
693 4225 711 4276 q
770 4207 804 4260 28
824 4211 994 4276 potestates
1048 4207 1081 4262 29
1101 4207 1153 4260 iste
1173 4223 1278 4275 consp

127 4300 161 4352 30
181 4297 319 4367 apollonis
338 4314 351 4350 e
358 4314 377 4366 q
