3192 4959
311 464 360 517 ne
389 463 563 519 nauseare
592 462 653 518 uer
679 463 745 518 rso.
768 462 868 518 xum.
898 480 972 535 esp.
999 415 1113 521 re-rej
1229 468 1294 532 289

143 660 293 741 Denique
328 658 424 723 etiam
460 658 645 723 nominatim
683 658 837 741 expressit
875 660 1032 741 quendam
1065 660 1295 725 Demaenetum

143 768 301 848 gustasse
324 765 362 829 de
385 764 550 841 sacrificio,
574 764 658 849 quod
681 764 819 830 Arcades
846 766 1010 830 immolato
1035 785 1131 848 puero
1156 767 1213 831 deo
1238 786 1295 831 suo

143 872 271 955 Lycaeo
299 872 403 937 faeere
431 873 579 949 solerent,
604 875 637 935 et
658 872 690 935 in
713 873 826 955 lupum
850 872 949 937 fuisse
978 877 1137 937 multatum
1162 876 1194 937 et
1216 893 1296 937 anno

144 977 274 1043 decimo
302 978 334 1042 in
362 978 497 1062 liguram
524 978 683 1060 propriam
707 979 894 1043 restitutum
918 978 1097 1063 pugilatum
1122 998 1191 1043 sese
1215 998 1297 1043 exer-

114 1085 255 1149 scuisse
276 1088 310 1148 et
328 1082 513 1167 Olympiaca
532 1084 650 1149 uicisse
674 1084 855 1148 certamine.
879 1084 1047 1150 Nesidem
1066 1090 1194 1169 propter
1211 1084 1297 1149 aliud

142 1192 323 1255 arbitratur
357 1191 529 1255 historicus
566 1192 598 1254 in
629 1190 764 1255 Arcadia
796 1192 859 1255 tale
892 1211 1004 1256 nomen
1038 1191 1188 1257 adfictum
1220 1192 1299 1256 Pani

143 1297 274 1380 Lycaeo
303 1300 336 1362 et
357 1298 428 1362 loni
450 1298 573 1381 Lycaeo
601 1298 664 1362 nisi
690 1302 818 1381 propter
845 1300 925 1364 hene
952 1300 983 1363 iu
1011 1301 1105 1383 lupos
1133 1300 1298 1364 hominum

143 1405 373 1479 mutationem,
397 1405 482 1487 quod
500 1424 570 1469 eam
588 1404 650 1468 nisi
668 1405 702 1469 ui
722 1405 829 1469 diuina
846 1404 914 1469 fieri
933 1426 992 1470 non
1012 1410 1167 1488 putarent.
1190 1406 1299 1488 Lupus

143 1511 233 1574 enim
250 1510 372 1576 Graece
386 1512 479 1581 aoso:
494 1511 621 1585 dicitur,
636 1510 719 1574 unde
736 1511 850 1593 Lycaei
865 1530 976 1577 nomen
993 1516 1123 1595 apparet
1140 1512 1298 1577 inflexum.

102 1641 127 1681 re
144 1616 313 1681 Romanos
342 1618 437 1683 etiam
464 1618 624 1700 Lupercos
653 1636 689 1681 er
716 1617 844 1683 illorum
874 1618 1097 1701 mysteriorum
1126 1620 1227 1685 ueluti
1252 1639 1299 1685 se-

143 1723 234 1788 mine
259 1723 341 1788 dicit
362 1726 496 1787 exortos.

588 1916 725 1983 CAPUT
748 1918 866 1982 XVIII.

146 2056 258 2138 Quid
288 2058 531 2123 eredendum
560 2059 616 2123 sit
643 2059 688 2123 de
719 2058 1172 2137 transformationibus,
1201 2080 1301 2143 quae

196 2169 291 2229 arte
315 2165 552 2230 daemonum
575 2164 810 2230 hominibus
834 2164 1029 2231 uidentur
1052 2165 1248 2231 accidere.

104 2342 130 2379 rs
194 2306 263 2372 Sed
289 2305 327 2371 de
345 2308 408 2372 Ista
427 2310 515 2372 tanta
532 2306 748 2372 ludificatione
768 2306 955 2371 daemonum
975 2326 1032 2371 nos
1051 2307 1127 2390 quid
1146 2307 1301 2383 dicamus,

145 2414 205 2496 qui
225 2414 308 2477 haec
327 2414 445 2497 legent,
465 2414 612 2478 fortassis
632 2416 822 2495 exspectent.
846 2413 887 2477 Et
905 2414 981 2496 quid
1001 2414 1154 2492 dicemus,
1177 2414 1240 2477 nisi
1263 2413 1302 2478 de

142 2520 259 2585 medio
284 2520 456 2603 Babylonis
485 2540 555 2585 esse
583 2519 790 2605 fugiendum?
819 2518 911 2599 Quod
937 2524 1142 2603 praeceptum
1169 2519 1302 2603 prophe-

143 2627 254 2692 ticum
280 2626 326 2690 ita
348 2628 534 2711 spiritaliter
555 2628 763 2712 intellegitur,
783 2631 820 2692 ut
839 2628 877 2692 de
896 2629 992 2691 huius
1017 2627 1136 2692 saeculi
1160 2626 1302 2703 ciuitate,

144 2753 234 2815 quae
257 2734 402 2816 profecto
422 2738 454 2799 et
473 2736 656 2819 angelorum
676 2737 707 2799 et
726 2734 890 2799 homiuum
911 2735 1046 2799 societas
1065 2733 1224 2817 inpiorum
1243 2736 1302 2810 est,

97 2864 126 2903 ee
143 2842 225 2905 fidei
250 2841 413 2922 passibus,
438 2860 518 2924 quae
540 2860 596 2924 per
619 2841 820 2906 dilectionem
842 2840 1303 2925 ope1·atur‚in1leumuiuum

142 2946 349 3031 proficiendo
371 2947 544 3031 fuglamus.
569 2946 694 3026 Quanto
723 2947 839 3031 quippe
866 2949 898 3011 in
922 2947 1000 3012 haec
1023 2948 1088 3011 ima
1112 2949 1303 3029 potestatem

144 3055 347 3119 daemonum
380 3054 532 3118 maiorem
565 3054 723 3132 uidemus,
757 3056 845 3118 tanto
878 3052 1021 3117 tenacius
1054 3050 1223 3117 Mediatori
1255 3054 1305 3115 est

142 3159 395 3239 Inhaerendum
418 3179 474 3243 per
498 3180 592 3243 quern
616 3160 655 3225 de
678 3161 752 3225 imis
776 3160 816 3224 ad
840 3179 965 3225 summa
989 3158 1241 3225 conscendImus.
1270 3156 1304 3221 Si

144 3268 239 3333 enim
264 3265 436 3331 dixerimus
460 3285 494 3331 ea
519 3286 580 3331 non
605 3286 675 3331 esse
694 3266 858 3344 credenda,
877 3286 938 3331 non
958 3266 1073 3330 desunt
1095 3266 1303 3339 etiamnunc,

97 3405 126 3444 ee
146 3374 209 3457 qui
235 3373 306 3437 eius
329 3373 415 3438 modi
438 3374 594 3455 quaedam
620 3374 674 3437 uel
701 3372 881 3439 certissima
908 3372 1035 3437 audisse
1060 3370 1231 3436 ueletiam
1256 3389 1304 3433 ex-

143 3484 265 3565 pertos
290 3500 325 3545 ae
344 3500 413 3545 esse
433 3481 631 3545 adseuerant.
654 3480 736 3545 Nam
761 3484 793 3545 et
816 3500 873 3545 nos
897 3500 970 3544 cum
995 3497 1137 3545 essemus
1161 3477 1192 3541 in
1211 3476 1306 3541 Italia

145 3586 366 3652 audiebamus
397 3586 476 3651 talia
508 3586 546 3651 de
579 3586 714 3669 quadam
745 3585 873 3669 regione
905 3584 1031 3649 illarum
1068 3583 1216 3666 partium,
1249 3580 1305 3644 ubi

145 3693 350 3759 stabularias
378 3694 528 3758 mulieres
554 3693 683 3757 inbutas
711 3693 761 3757 his
788 3692 882 3756 malis
907 3691 1027 3756 artibus
1056 3692 1087 3754 in
1116 3708 1208 3755 caseo
1233 3688 1306 3751 dare

250 3886 283 3939 17
302 3883 374 3936 Esai.
393 3882 436 3946 48,
456 3883 492 3937 20

188 4012 209 4064 2
229 4013 357 4079 gustasse
377 4006 608 4079 obeppp²af,·
627 4024 686 4061 curn
706 4010 846 4076 gustasset
862 4023 878 4061 v
897 4007 995 4078 Domb.
1082 4006 1098 4059 3
1118 4008 1146 4057 et
1166 4003 1193 4055 in
1211 4003 1306 4071 lupum

147 4102 354 4170 abepppf5
373 4102 402 4152 et
419 4098 511 4168 lupum
532 4116 561 4164 α,·
581 4098 610 4151 in
628 4098 755 4167 lupnmo
845 4096 1073 4163 ldupdemmoe
1153 4090 1306 4161 pugilatum

149 4205 267 4259 “eddi
284 4186 422 4259 pugillatu
441 4188 497 4255 bp;
516 4187 641 4255 pugilatu
661 4202 703 4239 av
774 4186 838 4239 8ui
857 4184 961 4255 diuina]
982 4184 1147 4237 diuinituse
1227 4182 1305 4249 pota-

145 4282 221 4335 rent
236 4278 266 4347 9¹
330 4276 443 4346 9lylros
460 4276 616 4346 p;lyeuse
681 4275 842 4329 10uelutv
907 4275 938 4328 ll
960 4274 1084 4327 exhortes
1102 4288 1119 4343 p
1179 4268 1210 4321 14
1231 4283 1305 4321 asee-

148 4370 223 4424 dere
240 4368 280 4436 sp
335 4367 369 4419 16
386 4366 415 4419 ni
434 4363 459 4418 e¹

179 4494 269 4536 XXXX
282 4491 343 4542 Aug.
357 4501 428 4541 opera
440 4490 515 4531 ascalo
528 4490 548 4530 V
562 4500 616 4541 pars
630 4490 660 4529 11.
1238 4462 1271 4516 19
