<?xml version="1.0" encoding="UTF-8"?>
<!DOCTYPE html PUBLIC "-//W3C//DTD XHTML 1.0 Transitional//EN"
    "http://www.w3.org/TR/xhtml1/DTD/xhtml1-transitional.dtd">
<html xmlns="http://www.w3.org/1999/xhtml" xml:lang="en" lang="en">
 <head>
  <title>
</title>
<meta http-equiv="Content-Type" content="text/html;charset=utf-8" />
  <meta name='ocr-system' content='tesseract 3.04.00' />
  <meta name='ocr-capabilities' content='ocr_page ocr_carea ocr_par ocr_line ocrx_word'/>
</head>
<body>
  <div class='ocr_page' id='page_1' title='image "./corpusscriptoru07wiengoog/corpusscriptoru07wiengoog_0619.png"; bbox 0 0 3192 4959; ppageno 0'>
   <div class='ocr_carea' id='block_1_1' title="bbox 367 427 1297 498">
    <p class='ocr_par' dir='ltr' id='par_1_1' title="bbox 367 427 1297 498">
     <span class='ocr_line' id='line_1_1' title="bbox 367 427 1297 498; baseline -0.001 -16"><span class='ocrx_word' id='word_1_1' title='bbox 367 429 420 483; x_wconf 88' lang='lat' dir='ltr'>De</span> <span class='ocrx_word' id='word_1_2' title='bbox 447 429 622 483; x_wconf 87' lang='lat' dir='ltr'>ciuitate</span> <span class='ocrx_word' id='word_1_3' title='bbox 650 428 711 482; x_wconf 82' lang='lat' dir='ltr'>dei</span> <span class='ocrx_word' id='word_1_4' title='bbox 740 428 805 484; x_wconf 92' lang='lat' dir='ltr'>lib.</span> <span class='ocrx_word' id='word_1_5' title='bbox 834 427 919 482; x_wconf 88' lang='lat' dir='ltr'>XXII.</span> <span class='ocrx_word' id='word_1_6' title='bbox 948 445 1022 498; x_wconf 88' lang='lat' dir='ltr'>cap.</span> <span class='ocrx_word' id='word_1_7' title='bbox 1052 429 1077 481; x_wconf 88' lang='lat'>8.</span> <span class='ocrx_word' id='word_1_8' title='bbox 1234 430 1297 492; x_wconf 82' lang='grc'>599</span> 
     </span>
    </p>
   </div>
   <div class='ocr_carea' id='block_1_2' title="bbox 106 623 1306 3800">
    <p class='ocr_par' dir='ltr' id='par_1_2' title="bbox 106 623 1306 3800">
     <span class='ocr_line' id='line_1_2' title="bbox 147 623 1301 708; baseline -0.003 -19"><span class='ocrx_word' id='word_1_9' title='bbox 147 626 320 708; x_wconf 88' lang='lat' dir='ltr'>episcopus</span> <span class='ocrx_word' id='word_1_10' title='bbox 351 629 428 689; x_wconf 90' lang='lat' dir='ltr'>tunc</span> <span class='ocrx_word' id='word_1_11' title='bbox 461 623 642 701; x_wconf 85' lang='lat' dir='ltr'>Uzalsnsis,</span> <span class='ocrx_word' id='word_1_12' title='bbox 674 623 786 688; x_wconf 91' lang='lat' dir='ltr'>beatae</span> <span class='ocrx_word' id='word_1_13' title='bbox 824 623 993 688; x_wconf 82' lang='lat' dir='ltr'>memoriae</span> <span class='ocrx_word' id='word_1_14' title='bbox 1032 623 1234 700; x_wconf 76' lang='lat' dir='ltr'>Saturninus,</span> <span class='ocrx_word' id='word_1_15' title='bbox 1269 625 1301 686; x_wconf 90' lang='lat' dir='ltr'>et</span> 
     </span>
     <span class='ocr_line' id='line_1_3' title="bbox 148 728 1298 814; baseline -0.002 -20"><span class='ocrx_word' id='word_1_16' title='bbox 148 731 315 814; x_wconf 78' lang='lat' dir='ltr'>presbyter</span> <span class='ocrx_word' id='word_1_17' title='bbox 352 729 494 796; x_wconf 80' lang='lat' dir='ltr'><strong>Gulosus</strong></span> <span class='ocrx_word' id='word_1_18' title='bbox 531 747 567 793; x_wconf 91' lang='lat' dir='ltr'>ac</span> <span class='ocrx_word' id='word_1_19' title='bbox 605 729 728 794; x_wconf 90' lang='lat' dir='ltr'>diaconi</span> <span class='ocrx_word' id='word_1_20' title='bbox 766 728 1022 814; x_wconf 79' lang='lat' dir='ltr'>Carthaginensis</span> <span class='ocrx_word' id='word_1_21' title='bbox 1060 730 1228 806; x_wconf 89' lang='lat' dir='ltr'>ecelesiae;</span> <span class='ocrx_word' id='word_1_22' title='bbox 1267 729 1298 793; x_wconf 95' lang='lat' dir='ltr'>in</span> 
     </span>
     <span class='ocr_line' id='line_1_4' title="bbox 149 835 1300 919; baseline -0.002 -17"><span class='ocrx_word' id='word_1_23' title='bbox 149 838 266 919; x_wconf 88' lang='lat' dir='ltr'>quibus</span> <span class='ocrx_word' id='word_1_24' title='bbox 299 841 365 902; x_wconf 88' lang='lat' dir='ltr'>erat</span> <span class='ocrx_word' id='word_1_25' title='bbox 397 841 428 901; x_wconf 87' lang='lat' dir='ltr'>et</span> <span class='ocrx_word' id='word_1_26' title='bbox 456 855 493 901; x_wconf 86' lang='lat' dir='ltr'>ex</span> <span class='ocrx_word' id='word_1_27' title='bbox 521 836 637 919; x_wconf 89' lang='lat' dir='ltr'>quibus</span> <span class='ocrx_word' id='word_1_28' title='bbox 667 835 756 902; x_wconf 90' lang='lat' dir='ltr'>solus</span> <span class='ocrx_word' id='word_1_29' title='bbox 784 847 834 902; x_wconf 89' lang='lat' dir='ltr'>est</span> <span class='ocrx_word' id='word_1_30' title='bbox 860 855 943 901; x_wconf 91' lang='lat' dir='ltr'>nunc</span> <span class='ocrx_word' id='word_1_31' title='bbox 970 837 1003 902; x_wconf 91' lang='lat' dir='ltr'>in</span> <span class='ocrx_word' id='word_1_32' title='bbox 1030 838 1126 902; x_wconf 90' lang='lat' dir='ltr'>rebus</span> <span class='ocrx_word' id='word_1_33' title='bbox 1154 837 1300 902; x_wconf 90' lang='lat' dir='ltr'>humanis</span> 
     </span>
     <span class='ocr_line' id='line_1_5' title="bbox 149 943 1301 1027; baseline -0.002 -19"><span class='ocrx_word' id='word_1_34' title='bbox 149 947 214 1009; x_wconf 85' lang='lat' dir='ltr'>iam</span> <span class='ocrx_word' id='word_1_35' title='bbox 242 945 413 1027; x_wconf 88' lang='lat' dir='ltr'>episcopus</span> <span class='ocrx_word' id='word_1_36' title='bbox 437 961 510 1008; x_wconf 86' lang='lat' dir='ltr'>cnm</span> <span class='ocrx_word' id='word_1_37' title='bbox 538 943 657 1007; x_wconf 89' lang='lat' dir='ltr'>honore</span> <span class='ocrx_word' id='word_1_38' title='bbox 681 943 814 1008; x_wconf 89' lang='lat' dir='ltr'>anobis</span> <span class='ocrx_word' id='word_1_39' title='bbox 839 943 945 1009; x_wconf 90' lang='lat' dir='ltr'>debito</span> <span class='ocrx_word' id='word_1_40' title='bbox 970 943 1180 1009; x_wconf 89' lang='lat' dir='ltr'>nominandus</span> <span class='ocrx_word' id='word_1_41' title='bbox 1204 945 1301 1008; x_wconf 79' lang='lat' dir='ltr'>Arus-</span> 
     </span>
     <span class='ocr_line' id='line_1_6' title="bbox 117 1049 1300 1133; baseline -0.004 -16"><span class='ocrx_word' id='word_1_42' title='bbox 117 1053 224 1125; x_wconf 75' lang='lat' dir='ltr'>slius,</span> <span class='ocrx_word' id='word_1_43' title='bbox 258 1070 331 1116; x_wconf 86' lang='lat' dir='ltr'>oum</span> <span class='ocrx_word' id='word_1_44' title='bbox 364 1070 426 1133; x_wconf 91' lang='lat' dir='ltr'>quo</span> <span class='ocrx_word' id='word_1_45' title='bbox 453 1049 654 1115; x_wconf 80' lang='lat' dir='ltr'>recordantes</span> <span class='ocrx_word' id='word_1_46' title='bbox 683 1050 842 1114; x_wconf 89' lang='lat' dir='ltr'>mirabilia</span> <span class='ocrx_word' id='word_1_47' title='bbox 871 1069 1002 1132; x_wconf 88' lang='lat' dir='ltr'>operum</span> <span class='ocrx_word' id='word_1_48' title='bbox 1030 1051 1089 1114; x_wconf 88' lang='lat' dir='ltr'>Dei</span> <span class='ocrx_word' id='word_1_49' title='bbox 1119 1051 1157 1115; x_wconf 92' lang='lat' dir='ltr'>de</span> <span class='ocrx_word' id='word_1_50' title='bbox 1185 1050 1245 1114; x_wconf 90' lang='lat' dir='ltr'>hac</span> <span class='ocrx_word' id='word_1_51' title='bbox 1268 1069 1300 1112; x_wconf 90' lang='lat' dir='ltr'>re</span> 
     </span>
     <span class='ocr_line' id='line_1_7' title="bbox 149 1156 1301 1243; baseline -0.003 -20"><span class='ocrx_word' id='word_1_52' title='bbox 149 1179 245 1243; x_wconf 81' lang='lat' dir='ltr'>saepe</span> <span class='ocrx_word' id='word_1_53' title='bbox 273 1158 433 1223; x_wconf 88' lang='lat' dir='ltr'>conlocuti</span> <span class='ocrx_word' id='word_1_54' title='bbox 461 1176 574 1222; x_wconf 88' lang='lat' dir='ltr'>sumus</span> <span class='ocrx_word' id='word_1_55' title='bbox 602 1176 739 1239; x_wconf 88' lang='lat' dir='ltr'>eumque</span> <span class='ocrx_word' id='word_1_56' title='bbox 762 1157 857 1222; x_wconf 89' lang='lat' dir='ltr'>ualde</span> <span class='ocrx_word' id='word_1_57' title='bbox 886 1157 1080 1234; x_wconf 79' lang='lat' dir='ltr'>meminisse,</span> <span class='ocrx_word' id='word_1_58' title='bbox 1110 1156 1195 1239; x_wconf 88' lang='lat' dir='ltr'>quod</span> <span class='ocrx_word' id='word_1_59' title='bbox 1218 1175 1301 1220; x_wconf 88' lang='lat' dir='ltr'>eom-</span> 
     </span>
     <span class='ocr_line' id='line_1_8' title="bbox 148 1261 1301 1346; baseline -0.003 -17"><span class='ocrx_word' id='word_1_60' title='bbox 148 1284 373 1343; x_wconf 85' lang='lat' dir='ltr'>memoramus,</span> <span class='ocrx_word' id='word_1_61' title='bbox 396 1263 589 1330; x_wconf 81' lang='lat' dir='ltr'>insanimus.</span> <span class='ocrx_word' id='word_1_62' title='bbox 614 1261 767 1343; x_wconf 86' lang='lat' dir='ltr'>Quicum</span> <span class='ocrx_word' id='word_1_63' title='bbox 788 1283 873 1342; x_wconf 89' lang='lat' dir='ltr'>eum,</span> <span class='ocrx_word' id='word_1_64' title='bbox 894 1264 979 1329; x_wconf 89' lang='lat' dir='ltr'>sicut</span> <span class='ocrx_word' id='word_1_65' title='bbox 997 1263 1150 1342; x_wconf 88' lang='lat' dir='ltr'>solebant,</span> <span class='ocrx_word' id='word_1_66' title='bbox 1169 1281 1301 1346; x_wconf 90' lang='lat' dir='ltr'>uespere</span> 
     </span>
     <span class='ocr_line' id='line_1_9' title="bbox 148 1368 1301 1455; baseline -0.002 -21"><span class='ocrx_word' id='word_1_67' title='bbox 148 1371 329 1448; x_wconf 88' lang='lat' dir='ltr'>uisitarent,</span> <span class='ocrx_word' id='word_1_68' title='bbox 353 1371 481 1455; x_wconf 86' lang='lat' dir='ltr'>rogauit</span> <span class='ocrx_word' id='word_1_69' title='bbox 504 1389 558 1435; x_wconf 89' lang='lat' dir='ltr'>eos</span> <span class='ocrx_word' id='word_1_70' title='bbox 582 1370 818 1434; x_wconf 84' lang='lat' dir='ltr'>miserabilibus</span> <span class='ocrx_word' id='word_1_71' title='bbox 842 1369 993 1448; x_wconf 83' lang='lat' dir='ltr'>lacrimis,</span> <span class='ocrx_word' id='word_1_72' title='bbox 1019 1373 1055 1434; x_wconf 92' lang='lat' dir='ltr'>ut</span> <span class='ocrx_word' id='word_1_73' title='bbox 1077 1388 1169 1433; x_wconf 88' lang='lat' dir='ltr'>mane</span> <span class='ocrx_word' id='word_1_74' title='bbox 1193 1368 1301 1453; x_wconf 88' lang='lat' dir='ltr'>digna-</span> 
     </span>
     <span class='ocr_line' id='line_1_10' title="bbox 149 1475 1301 1559; baseline -0.003 -17"><span class='ocrx_word' id='word_1_75' title='bbox 149 1482 260 1542; x_wconf 81' lang='lat' dir='ltr'>rentur</span> <span class='ocrx_word' id='word_1_76' title='bbox 282 1497 351 1542; x_wconf 90' lang='lat' dir='ltr'>esse</span> <span class='ocrx_word' id='word_1_77' title='bbox 375 1479 558 1559; x_wconf 80' lang='lat' dir='ltr'>praesentes</span> <span class='ocrx_word' id='word_1_78' title='bbox 582 1495 641 1541; x_wconf 89' lang='lat' dir='ltr'>suo</span> <span class='ocrx_word' id='word_1_79' title='bbox 664 1477 767 1542; x_wconf 86' lang='lat' dir='ltr'>funeri</span> <span class='ocrx_word' id='word_1_80' title='bbox 790 1477 898 1559; x_wconf 92' lang='lat' dir='ltr'>potius</span> <span class='ocrx_word' id='word_1_81' title='bbox 927 1497 1022 1558; x_wconf 91' lang='lat' dir='ltr'>quam</span> <span class='ocrx_word' id='word_1_82' title='bbox 1046 1476 1157 1542; x_wconf 90' lang='lat' dir='ltr'>dolori.</span> <span class='ocrx_word' id='word_1_83' title='bbox 1181 1475 1301 1540; x_wconf 80' lang='lat' dir='ltr'>Tantus</span> 
     </span>
     <span class='ocr_line' id='line_1_11' title="bbox 107 1582 1303 1666; baseline -0.001 -20"><span class='ocrx_word' id='word_1_84' title='bbox 107 1609 132 1646; x_wconf 83' lang='grc' dir='ltr'>ιο</span> <span class='ocrx_word' id='word_1_85' title='bbox 152 1586 237 1649; x_wconf 93' lang='lat' dir='ltr'>enirn</span> <span class='ocrx_word' id='word_1_86' title='bbox 268 1603 341 1648; x_wconf 92' lang='lat' dir='ltr'>eum</span> <span class='ocrx_word' id='word_1_87' title='bbox 369 1587 475 1648; x_wconf 92' lang='lat' dir='ltr'>metus</span> <span class='ocrx_word' id='word_1_88' title='bbox 504 1603 540 1648; x_wconf 87' lang='lat' dir='ltr'>ex</span> <span class='ocrx_word' id='word_1_89' title='bbox 566 1583 725 1666; x_wconf 87' lang='lat' dir='ltr'>prioribus</span> <span class='ocrx_word' id='word_1_90' title='bbox 752 1583 915 1648; x_wconf 89' lang='lat' dir='ltr'>inuaserat</span> <span class='ocrx_word' id='word_1_91' title='bbox 941 1583 1062 1666; x_wconf 89' lang='lat' dir='ltr'>poenis,</span> <span class='ocrx_word' id='word_1_92' title='bbox 1095 1587 1132 1648; x_wconf 90' lang='lat' dir='ltr'>ut</span> <span class='ocrx_word' id='word_1_93' title='bbox 1159 1602 1194 1648; x_wconf 89' lang='lat' dir='ltr'>se</span> <span class='ocrx_word' id='word_1_94' title='bbox 1220 1582 1303 1646; x_wconf 90' lang='lat' dir='ltr'>inter</span> 
     </span>
     <span class='ocr_line' id='line_1_12' title="bbox 151 1689 1303 1756; baseline -0.003 -1"><span class='ocrx_word' id='word_1_95' title='bbox 151 1691 349 1756; x_wconf 84' lang='lat' dir='ltr'>medicorum</span> <span class='ocrx_word' id='word_1_96' title='bbox 375 1709 489 1754; x_wconf 89' lang='lat' dir='ltr'>manus</span> <span class='ocrx_word' id='word_1_97' title='bbox 517 1709 578 1756; x_wconf 92' lang='lat' dir='ltr'>non</span> <span class='ocrx_word' id='word_1_98' title='bbox 612 1690 774 1755; x_wconf 86' lang='lat' dir='ltr'>dubitaret</span> <span class='ocrx_word' id='word_1_99' title='bbox 802 1709 873 1756; x_wconf 89' lang='lat' dir='ltr'>esse</span> <span class='ocrx_word' id='word_1_100' title='bbox 906 1690 1106 1755; x_wconf 90' lang='lat' dir='ltr'>moriturum.</span> <span class='ocrx_word' id='word_1_101' title='bbox 1140 1689 1303 1755; x_wconf 82' lang='lat' dir='ltr'>Consolati</span> 
     </span>
     <span class='ocr_line' id='line_1_13' title="bbox 151 1796 1302 1879; baseline -0.003 -17"><span class='ocrx_word' id='word_1_102' title='bbox 151 1801 228 1862; x_wconf 82' lang='lat' dir='ltr'>snut</span> <span class='ocrx_word' id='word_1_103' title='bbox 252 1817 325 1861; x_wconf 92' lang='lat' dir='ltr'>eum</span> <span class='ocrx_word' id='word_1_104' title='bbox 348 1797 397 1861; x_wconf 92' lang='lat' dir='ltr'>illi</span> <span class='ocrx_word' id='word_1_105' title='bbox 421 1799 453 1860; x_wconf 88' lang='lat' dir='ltr'>et</span> <span class='ocrx_word' id='word_1_106' title='bbox 477 1797 605 1874; x_wconf 88' lang='lat' dir='ltr'>hortati,</span> <span class='ocrx_word' id='word_1_107' title='bbox 630 1800 667 1861; x_wconf 92' lang='lat' dir='ltr'>ut</span> <span class='ocrx_word' id='word_1_108' title='bbox 686 1797 717 1861; x_wconf 94' lang='lat' dir='ltr'>in</span> <span class='ocrx_word' id='word_1_109' title='bbox 736 1797 804 1861; x_wconf 91' lang='lat' dir='ltr'>Deo</span> <span class='ocrx_word' id='word_1_110' title='bbox 824 1797 935 1862; x_wconf 87' lang='lat' dir='ltr'>fideret</span> <span class='ocrx_word' id='word_1_111' title='bbox 954 1796 1086 1879; x_wconf 90' lang='lat' dir='ltr'>eiusque</span> <span class='ocrx_word' id='word_1_112' title='bbox 1105 1797 1302 1861; x_wconf 86' lang='lat' dir='ltr'>uoluntatem</span> 
     </span>
     <span class='ocr_line' id='line_1_14' title="bbox 152 1902 1302 1988; baseline -0.002 -20"><span class='ocrx_word' id='word_1_113' title='bbox 152 1904 291 1969; x_wconf 88' lang='lat' dir='ltr'>uiriliter</span> <span class='ocrx_word' id='word_1_114' title='bbox 316 1904 420 1969; x_wconf 88' lang='lat' dir='ltr'>ferret</span> <span class='ocrx_word' id='word_1_115' title='bbox 443 1903 521 1969; x_wconf 92' lang='lat' dir='ltr'>lnde</span> <span class='ocrx_word' id='word_1_116' title='bbox 550 1903 590 1968; x_wconf 90' lang='lat' dir='ltr'>ad</span> <span class='ocrx_word' id='word_1_117' title='bbox 614 1905 789 1969; x_wconf 87' lang='lat' dir='ltr'>orationem</span> <span class='ocrx_word' id='word_1_118' title='bbox 813 1905 951 1988; x_wconf 82' lang='lat' dir='ltr'>ingressi</span> <span class='ocrx_word' id='word_1_119' title='bbox 975 1923 1103 1980; x_wconf 91' lang='lat' dir='ltr'>sumus;</span> <span class='ocrx_word' id='word_1_120' title='bbox 1132 1903 1187 1967; x_wconf 94' lang='lat' dir='ltr'>ubi</span> <span class='ocrx_word' id='word_1_121' title='bbox 1210 1902 1302 1967; x_wconf 88' lang='lat' dir='ltr'>nobis</span> 
     </span>
     <span class='ocr_line' id='line_1_15' title="bbox 152 2008 1302 2095; baseline -0.003 -20"><span class='ocrx_word' id='word_1_122' title='bbox 152 2031 188 2075; x_wconf 81' lang='lat' dir='ltr'>er</span> <span class='ocrx_word' id='word_1_123' title='bbox 216 2029 304 2076; x_wconf 90' lang='lat' dir='ltr'>more</span> <span class='ocrx_word' id='word_1_124' title='bbox 328 2030 432 2094; x_wconf 87' lang='lat' dir='ltr'>genua</span> <span class='ocrx_word' id='word_1_125' title='bbox 454 2010 627 2095; x_wconf 85' lang='lat' dir='ltr'>figentibus</span> <span class='ocrx_word' id='word_1_126' title='bbox 655 2011 758 2093; x_wconf 88' lang='lat' dir='ltr'>adque</span> <span class='ocrx_word' id='word_1_127' title='bbox 782 2010 1042 2075; x_wconf 87' lang='lat' dir='ltr'>incumbentibus</span> <span class='ocrx_word' id='word_1_128' title='bbox 1065 2014 1166 2075; x_wconf 91' lang='lat' dir='ltr'>terrae</span> <span class='ocrx_word' id='word_1_129' title='bbox 1189 2008 1244 2073; x_wconf 91' lang='lat' dir='ltr'>ille</span> <span class='ocrx_word' id='word_1_130' title='bbox 1269 2027 1302 2072; x_wconf 91' lang='lat' dir='ltr'>se</span> 
     </span>
     <span class='ocr_line' id='line_1_16' title="bbox 106 2115 1300 2201; baseline -0.003 -20"><span class='ocrx_word' id='word_1_131' title='bbox 106 2143 133 2182; x_wconf 80' lang='lat' dir='ltr'>rs</span> <span class='ocrx_word' id='word_1_132' title='bbox 151 2119 197 2182; x_wconf 85' lang='lat' dir='ltr'>ita</span> <span class='ocrx_word' id='word_1_133' title='bbox 223 2117 369 2199; x_wconf 88' lang='lat' dir='ltr'>proiecit,</span> <span class='ocrx_word' id='word_1_134' title='bbox 397 2121 558 2200; x_wconf 86' lang='lat' dir='ltr'>tamquam</span> <span class='ocrx_word' id='word_1_135' title='bbox 588 2116 705 2181; x_wconf 84' lang='lat' dir='ltr'>fuisset</span> <span class='ocrx_word' id='word_1_136' title='bbox 733 2117 840 2200; x_wconf 91' lang='lat' dir='ltr'>aliquo</span> <span class='ocrx_word' id='word_1_137' title='bbox 870 2117 1011 2201; x_wconf 84' lang='lat' dir='ltr'>grauiter</span> <span class='ocrx_word' id='word_1_138' title='bbox 1033 2115 1206 2199; x_wconf 88' lang='lat' dir='ltr'>inpellente</span> <span class='ocrx_word' id='word_1_139' title='bbox 1229 2133 1300 2197; x_wconf 90' lang='lat' dir='ltr'>pro-</span> 
     </span>
     <span class='ocr_line' id='line_1_17' title="bbox 152 2223 1302 2306; baseline -0.003 -17"><span class='ocrx_word' id='word_1_140' title='bbox 152 2229 285 2298; x_wconf 87' lang='lat' dir='ltr'>stratus,</span> <span class='ocrx_word' id='word_1_141' title='bbox 309 2226 341 2287; x_wconf 90' lang='lat' dir='ltr'>et</span> <span class='ocrx_word' id='word_1_142' title='bbox 364 2224 470 2306; x_wconf 88' lang='lat' dir='ltr'>coepit</span> <span class='ocrx_word' id='word_1_143' title='bbox 493 2242 595 2288; x_wconf 84' lang='lat' dir='ltr'>orare:</span> <span class='ocrx_word' id='word_1_144' title='bbox 621 2223 872 2306; x_wconf 88' lang='lat' dir='ltr'>quibusmodis,</span> <span class='ocrx_word' id='word_1_145' title='bbox 893 2243 955 2306; x_wconf 92' lang='lat' dir='ltr'>quo</span> <span class='ocrx_word' id='word_1_146' title='bbox 975 2223 1111 2300; x_wconf 83' lang='lat' dir='ltr'>adiectu,</span> <span class='ocrx_word' id='word_1_147' title='bbox 1131 2242 1193 2304; x_wconf 92' lang='lat' dir='ltr'>quo</span> <span class='ocrx_word' id='word_1_148' title='bbox 1213 2225 1302 2286; x_wconf 93' lang='lat' dir='ltr'>motu</span> 
     </span>
     <span class='ocr_line' id='line_1_18' title="bbox 152 2328 1305 2414; baseline -0.003 -19"><span class='ocrx_word' id='word_1_149' title='bbox 152 2330 262 2405; x_wconf 88' lang='lat' dir='ltr'>animi,</span> <span class='ocrx_word' id='word_1_150' title='bbox 286 2349 348 2413; x_wconf 91' lang='lat' dir='ltr'>quo</span> <span class='ocrx_word' id='word_1_151' title='bbox 371 2329 469 2394; x_wconf 89' lang='lat' dir='ltr'>fluuio</span> <span class='ocrx_word' id='word_1_152' title='bbox 492 2329 706 2405; x_wconf 76' lang='lat' dir='ltr'>lacrimarum,</span> <span class='ocrx_word' id='word_1_153' title='bbox 731 2330 848 2412; x_wconf 90' lang='lat' dir='ltr'>quibus</span> <span class='ocrx_word' id='word_1_154' title='bbox 869 2329 1041 2414; x_wconf 86' lang='lat' dir='ltr'>gemitibus</span> <span class='ocrx_word' id='word_1_155' title='bbox 1061 2329 1164 2412; x_wconf 88' lang='lat' dir='ltr'>adque</span> <span class='ocrx_word' id='word_1_156' title='bbox 1183 2328 1305 2412; x_wconf 86' lang='lat' dir='ltr'>singul-</span> 
     </span>
     <span class='ocr_line' id='line_1_19' title="bbox 152 2436 1304 2520; baseline 0 -19"><span class='ocrx_word' id='word_1_157' title='bbox 152 2439 243 2502; x_wconf 90' lang='lat' dir='ltr'>tibus</span> <span class='ocrx_word' id='word_1_158' title='bbox 272 2437 531 2502; x_wconf 88' lang='lat' dir='ltr'>subcutientibus</span> <span class='ocrx_word' id='word_1_159' title='bbox 565 2438 670 2502; x_wconf 86' lang='lat' dir='ltr'>omnia</span> <span class='ocrx_word' id='word_1_160' title='bbox 698 2436 839 2501; x_wconf 88' lang='lat' dir='ltr'>membra</span> <span class='ocrx_word' id='word_1_161' title='bbox 868 2437 937 2501; x_wconf 90' lang='lat' dir='ltr'>eius</span> <span class='ocrx_word' id='word_1_162' title='bbox 966 2440 998 2500; x_wconf 88' lang='lat' dir='ltr'>et</span> <span class='ocrx_word' id='word_1_163' title='bbox 1029 2455 1128 2520; x_wconf 88' lang='lat' dir='ltr'>paene</span> <span class='ocrx_word' id='word_1_164' title='bbox 1155 2437 1304 2500; x_wconf 86' lang='lat' dir='ltr'>interclu-</span> 
     </span>
     <span class='ocr_line' id='line_1_20' title="bbox 154 2542 1305 2626; baseline -0.001 -18"><span class='ocrx_word' id='word_1_165' title='bbox 154 2545 304 2609; x_wconf 89' lang='lat' dir='ltr'>dentibus</span> <span class='ocrx_word' id='word_1_166' title='bbox 332 2543 491 2625; x_wconf 85' lang='lat' dir='ltr'>spiritum,</span> <span class='ocrx_word' id='word_1_167' title='bbox 520 2544 592 2626; x_wconf 89' lang='lat' dir='ltr'>quis</span> <span class='ocrx_word' id='word_1_168' title='bbox 620 2543 696 2608; x_wconf 89' lang='lat' dir='ltr'>ullis</span> <span class='ocrx_word' id='word_1_169' title='bbox 726 2543 862 2625; x_wconf 88' lang='lat' dir='ltr'>explicet</span> <span class='ocrx_word' id='word_1_170' title='bbox 884 2543 1014 2608; x_wconf 81' lang='lat' dir='ltr'>uerbis?</span> <span class='ocrx_word' id='word_1_171' title='bbox 1044 2542 1156 2608; x_wconf 88' lang='lat' dir='ltr'>Utrum</span> <span class='ocrx_word' id='word_1_172' title='bbox 1181 2547 1305 2607; x_wconf 89' lang='lat' dir='ltr'>orarent</span> 
     </span>
     <span class='ocr_line' id='line_1_21' title="bbox 108 2649 1303 2732; baseline 0 -20"><span class='ocrx_word' id='word_1_173' title='bbox 108 2652 210 2715; x_wconf 70' lang='lat' dir='ltr'>arretii</span> <span class='ocrx_word' id='word_1_174' title='bbox 239 2650 354 2716; x_wconf 91' lang='lat' dir='ltr'>necin</span> <span class='ocrx_word' id='word_1_175' title='bbox 383 2651 462 2714; x_wconf 89' lang='lat' dir='ltr'>baec</span> <span class='ocrx_word' id='word_1_176' title='bbox 489 2668 598 2714; x_wconf 91' lang='lat' dir='ltr'>eorum</span> <span class='ocrx_word' id='word_1_177' title='bbox 626 2654 824 2714; x_wconf 89' lang='lat' dir='ltr'>auerteretur</span> <span class='ocrx_word' id='word_1_178' title='bbox 850 2649 995 2727; x_wconf 89' lang='lat' dir='ltr'>intentio,</span> <span class='ocrx_word' id='word_1_179' title='bbox 1024 2649 1212 2714; x_wconf 86' lang='lat' dir='ltr'>nesciebam.</span> <span class='ocrx_word' id='word_1_180' title='bbox 1236 2649 1303 2732; x_wconf 77' lang='lat' dir='ltr'>Ego</span> 
     </span>
     <span class='ocr_line' id='line_1_22' title="bbox 153 2755 1306 2840; baseline -0.003 -19"><span class='ocrx_word' id='word_1_181' title='bbox 153 2766 260 2822; x_wconf 85' lang='lat' dir='ltr'>tumen</span> <span class='ocrx_word' id='word_1_182' title='bbox 289 2775 419 2840; x_wconf 87' lang='lat' dir='ltr'>prorsus</span> <span class='ocrx_word' id='word_1_183' title='bbox 447 2776 534 2822; x_wconf 88' lang='lat' dir='ltr'>orare</span> <span class='ocrx_word' id='word_1_184' title='bbox 560 2775 623 2820; x_wconf 94' lang='lat' dir='ltr'>non</span> <span class='ocrx_word' id='word_1_185' title='bbox 651 2761 807 2839; x_wconf 78' lang='lat' dir='ltr'>poteram3</span> <span class='ocrx_word' id='word_1_186' title='bbox 837 2757 897 2821; x_wconf 88' lang='lat' dir='ltr'>boc</span> <span class='ocrx_word' id='word_1_187' title='bbox 920 2755 1142 2821; x_wconf 88' lang='lat' dir='ltr'>tantummodo</span> <span class='ocrx_word' id='word_1_188' title='bbox 1166 2755 1306 2820; x_wconf 88' lang='lat' dir='ltr'>breuiter</span> 
     </span>
     <span class='ocr_line' id='line_1_23' title="bbox 153 2861 1304 2947; baseline -0.001 -20"><span class='ocrx_word' id='word_1_189' title='bbox 153 2865 185 2927; x_wconf 94' lang='lat' dir='ltr'>in</span> <span class='ocrx_word' id='word_1_190' title='bbox 214 2863 307 2927; x_wconf 89' lang='lat' dir='ltr'>corde</span> <span class='ocrx_word' id='word_1_191' title='bbox 330 2881 401 2927; x_wconf 88' lang='lat' dir='ltr'>meo</span> <span class='ocrx_word' id='word_1_192' title='bbox 432 2863 512 2926; x_wconf 84' lang='lat' dir='ltr'>diri:</span> <span class='ocrx_word' id='word_1_193' title='bbox 533 2863 697 2939; x_wconf 43' lang='lat' dir='ltr'>“Domine,</span> <span class='ocrx_word' id='word_1_194' title='bbox 727 2882 805 2944; x_wconf 87' lang='lat' dir='ltr'>quas</span> <span class='ocrx_word' id='word_1_195' title='bbox 830 2867 957 2927; x_wconf 91' lang='lat' dir='ltr'>tuorum</span> <span class='ocrx_word' id='word_1_196' title='bbox 981 2882 1090 2947; x_wconf 90' lang='lat' dir='ltr'>preces</span> <span class='ocrx_word' id='word_1_197' title='bbox 1113 2861 1253 2939; x_wconf 81' lang='lat' dir='ltr'>exaudis,</span> <span class='ocrx_word' id='word_1_198' title='bbox 1278 2863 1304 2926; x_wconf 94' lang='lat' dir='ltr'>si</span> 
     </span>
     <span class='ocr_line' id='line_1_24' title="bbox 153 2969 1305 3052; baseline 0.001 -18"><span class='ocrx_word' id='word_1_199' title='bbox 153 2973 212 3034; x_wconf 91' lang='lat' dir='ltr'>bas</span> <span class='ocrx_word' id='word_1_200' title='bbox 236 2988 297 3033; x_wconf 93' lang='lat' dir='ltr'>non</span> <span class='ocrx_word' id='word_1_201' title='bbox 321 2970 485 3035; x_wconf 64' lang='lat' dir='ltr'>exaudis?</span> <span class='ocrx_word' id='word_1_202' title='bbox 507 2969 597 3034; x_wconf 89' lang='lat' dir='ltr'>Nihil</span> <span class='ocrx_word' id='word_1_203' title='bbox 621 2970 704 3033; x_wconf 90' lang='lat' dir='ltr'>enim</span> <span class='ocrx_word' id='word_1_204' title='bbox 728 2970 808 3034; x_wconf 90' lang='lat' dir='ltr'>mihi</span> <span class='ocrx_word' id='word_1_205' title='bbox 832 2969 1000 3034; x_wconf 90' lang='lat' dir='ltr'>uidebatur</span> <span class='ocrx_word' id='word_1_206' title='bbox 1023 2969 1095 3034; x_wconf 90' lang='lat' dir='ltr'>addi</span> <span class='ocrx_word' id='word_1_207' title='bbox 1119 2970 1181 3034; x_wconf 86' lang='lat' dir='ltr'>iarn</span> <span class='ocrx_word' id='word_1_208' title='bbox 1200 2988 1305 3052; x_wconf 90' lang='lat' dir='ltr'>posse,</span> 
     </span>
     <span class='ocr_line' id='line_1_25' title="bbox 155 3077 1304 3160; baseline 0 -19"><span class='ocrx_word' id='word_1_209' title='bbox 155 3077 218 3142; x_wconf 90' lang='lat' dir='ltr'>nisi</span> <span class='ocrx_word' id='word_1_210' title='bbox 248 3083 284 3141; x_wconf 91' lang='lat' dir='ltr'>ut</span> <span class='ocrx_word' id='word_1_211' title='bbox 307 3077 480 3160; x_wconf 80' lang='lat' dir='ltr'>exspiraret</span> <span class='ocrx_word' id='word_1_212' title='bbox 502 3078 630 3143; x_wconf 89' lang='lat' dir='ltr'>orando.</span> <span class='ocrx_word' id='word_1_213' title='bbox 656 3077 855 3142; x_wconf 86' lang='lat' dir='ltr'>Surrerimus</span> <span class='ocrx_word' id='word_1_214' title='bbox 884 3078 917 3141; x_wconf 93' lang='lat' dir='ltr'>et</span> <span class='ocrx_word' id='word_1_215' title='bbox 940 3080 1070 3160; x_wconf 89' lang='lat' dir='ltr'>accepta</span> <span class='ocrx_word' id='word_1_216' title='bbox 1093 3077 1131 3140; x_wconf 89' lang='lat' dir='ltr'>ab</span> <span class='ocrx_word' id='word_1_217' title='bbox 1157 3077 1304 3160; x_wconf 91' lang='lat' dir='ltr'>episcopo</span> 
     </span>
     <span class='ocr_line' id='line_1_26' title="bbox 106 3183 1304 3268; baseline -0.003 -19"><span class='ocrx_word' id='word_1_218' title='bbox 106 3211 136 3249; x_wconf 77' lang='lat'>25</span> <span class='ocrx_word' id='word_1_219' title='bbox 154 3183 375 3248; x_wconf 86' lang='lat' dir='ltr'>benedictione</span> <span class='ocrx_word' id='word_1_220' title='bbox 398 3184 617 3248; x_wconf 88' lang='lat' dir='ltr'>discessimus.</span> <span class='ocrx_word' id='word_1_221' title='bbox 646 3186 777 3268; x_wconf 87' lang='lat' dir='ltr'>rogante</span> <span class='ocrx_word' id='word_1_222' title='bbox 802 3183 857 3248; x_wconf 92' lang='lat' dir='ltr'>illo</span> <span class='ocrx_word' id='word_1_223' title='bbox 882 3186 919 3247; x_wconf 91' lang='lat' dir='ltr'>ut</span> <span class='ocrx_word' id='word_1_224' title='bbox 943 3201 1032 3247; x_wconf 87' lang='lat' dir='ltr'>mane</span> <span class='ocrx_word' id='word_1_225' title='bbox 1057 3183 1215 3259; x_wconf 87' lang='lat' dir='ltr'>adessent,</span> <span class='ocrx_word' id='word_1_226' title='bbox 1240 3183 1304 3247; x_wconf 86' lang='lat' dir='ltr'>illis</span> 
     </span>
     <span class='ocr_line' id='line_1_27' title="bbox 154 3287 1305 3373; baseline -0.003 -18"><span class='ocrx_word' id='word_1_227' title='bbox 154 3298 193 3355; x_wconf 91' lang='lat' dir='ltr'>ut</span> <span class='ocrx_word' id='word_1_228' title='bbox 216 3308 317 3373; x_wconf 89' lang='lat' dir='ltr'>aequo</span> <span class='ocrx_word' id='word_1_229' title='bbox 337 3291 441 3354; x_wconf 87' lang='lat' dir='ltr'>animo</span> <span class='ocrx_word' id='word_1_230' title='bbox 461 3296 548 3356; x_wconf 90' lang='lat' dir='ltr'>esset</span> <span class='ocrx_word' id='word_1_231' title='bbox 565 3290 778 3355; x_wconf 88' lang='lat' dir='ltr'>hortantibus.</span> <span class='ocrx_word' id='word_1_232' title='bbox 797 3287 915 3354; x_wconf 88' lang='lat' dir='ltr'>Iulurit</span> <span class='ocrx_word' id='word_1_233' title='bbox 934 3291 1001 3355; x_wconf 89' lang='lat' dir='ltr'>dies</span> <span class='ocrx_word' id='word_1_234' title='bbox 1021 3291 1075 3372; x_wconf 90' lang='lat' dir='ltr'>qui</span> <span class='ocrx_word' id='word_1_235' title='bbox 1094 3289 1305 3366; x_wconf 89' lang='lat' dir='ltr'>metuebatur,</span> 
     </span>
     <span class='ocr_line' id='line_1_28' title="bbox 154 3395 1306 3480; baseline -0.003 -18"><span class='ocrx_word' id='word_1_236' title='bbox 154 3399 286 3463; x_wconf 90' lang='lat' dir='ltr'>aderant</span> <span class='ocrx_word' id='word_1_237' title='bbox 303 3398 389 3462; x_wconf 90' lang='lat' dir='ltr'>serui</span> <span class='ocrx_word' id='word_1_238' title='bbox 407 3398 477 3476; x_wconf 92' lang='lat' dir='ltr'>Dei,</span> <span class='ocrx_word' id='word_1_239' title='bbox 497 3399 582 3462; x_wconf 88' lang='lat' dir='ltr'>sicut</span> <span class='ocrx_word' id='word_1_240' title='bbox 601 3417 635 3462; x_wconf 89' lang='lat' dir='ltr'>se</span> <span class='ocrx_word' id='word_1_241' title='bbox 655 3397 821 3462; x_wconf 86' lang='lat' dir='ltr'>adiuturos</span> <span class='ocrx_word' id='word_1_242' title='bbox 841 3415 913 3461; x_wconf 90' lang='lat' dir='ltr'>esse</span> <span class='ocrx_word' id='word_1_243' title='bbox 932 3395 1151 3478; x_wconf 90' lang='lat' dir='ltr'>promiserant,</span> <span class='ocrx_word' id='word_1_244' title='bbox 1170 3397 1306 3480; x_wconf 86' lang='lat' dir='ltr'>ingressi</span> 
     </span>
     <span class='ocr_line' id='line_1_29' title="bbox 155 3502 1305 3586; baseline -0.003 -16"><span class='ocrx_word' id='word_1_245' title='bbox 155 3508 235 3570; x_wconf 83' lang='lat' dir='ltr'>sunt</span> <span class='ocrx_word' id='word_1_246' title='bbox 265 3504 391 3582; x_wconf 89' lang='lat' dir='ltr'>medici,</span> <span class='ocrx_word' id='word_1_247' title='bbox 423 3508 574 3586; x_wconf 89' lang='lat' dir='ltr'>parantur</span> <span class='ocrx_word' id='word_1_248' title='bbox 607 3503 715 3570; x_wconf 91' lang='lat' dir='ltr'>omnia</span> <span class='ocrx_word' id='word_1_249' title='bbox 745 3522 826 3584; x_wconf 85' lang='lat' dir='ltr'>qrrae</span> <span class='ocrx_word' id='word_1_250' title='bbox 859 3503 937 3568; x_wconf 88' lang='lat' dir='ltr'>hora</span> <span class='ocrx_word' id='word_1_251' title='bbox 967 3502 1025 3567; x_wconf 91' lang='lat' dir='ltr'>illa</span> <span class='ocrx_word' id='word_1_252' title='bbox 1056 3503 1217 3586; x_wconf 84' lang='lat' dir='ltr'>poscebat,</span> <span class='ocrx_word' id='word_1_253' title='bbox 1247 3507 1305 3566; x_wconf 89' lang='lat' dir='ltr'>tre·</span> 
     </span>
     <span class='ocr_line' id='line_1_30' title="bbox 154 3608 1306 3694; baseline -0.004 -19"><span class='ocrx_word' id='word_1_254' title='bbox 154 3611 272 3677; x_wconf 90' lang='lat' dir='ltr'>menda</span> <span class='ocrx_word' id='word_1_255' title='bbox 294 3613 482 3677; x_wconf 78' lang='lat' dir='ltr'>ferramenta</span> <span class='ocrx_word' id='word_1_256' title='bbox 505 3611 706 3694; x_wconf 81' lang='lat' dir='ltr'>proferuntur</span> <span class='ocrx_word' id='word_1_257' title='bbox 725 3608 879 3674; x_wconf 88' lang='lat' dir='ltr'>adtonitis</span> <span class='ocrx_word' id='word_1_258' title='bbox 899 3610 1127 3691; x_wconf 87' lang='lat' dir='ltr'>suspensisque</span> <span class='ocrx_word' id='word_1_259' title='bbox 1147 3609 1306 3674; x_wconf 90' lang='lat' dir='ltr'>omnibus.</span> 
     </span>
     <span class='ocr_line' id='line_1_31' title="bbox 106 3713 1305 3800; baseline -0.007 -15"><span class='ocrx_word' id='word_1_260' title='bbox 106 3747 137 3785; x_wconf 77' lang='lat' dir='ltr'>so</span> <span class='ocrx_word' id='word_1_261' title='bbox 156 3720 212 3783; x_wconf 78' lang='lat' dir='ltr'>llis</span> <span class='ocrx_word' id='word_1_262' title='bbox 246 3722 364 3796; x_wconf 88' lang='lat' dir='ltr'>autem,</span> <span class='ocrx_word' id='word_1_263' title='bbox 402 3737 536 3800; x_wconf 90' lang='lat' dir='ltr'>quorum</span> <span class='ocrx_word' id='word_1_264' title='bbox 569 3720 636 3780; x_wconf 89' lang='lat' dir='ltr'>erat</span> <span class='ocrx_word' id='word_1_265' title='bbox 668 3716 768 3781; x_wconf 89' lang='lat' dir='ltr'>maior</span> <span class='ocrx_word' id='word_1_266' title='bbox 801 3716 985 3793; x_wconf 87' lang='lat' dir='ltr'>auctoritas,</span> <span class='ocrx_word' id='word_1_267' title='bbox 1020 3715 1178 3780; x_wconf 85' lang='lat' dir='ltr'>defectum</span> <span class='ocrx_word' id='word_1_268' title='bbox 1211 3713 1305 3778; x_wconf 90' lang='lat' dir='ltr'>animi</span> 
     </span>
    </p>
   </div>
   <div class='ocr_carea' id='block_1_3' title="bbox 155 4006 1308 4234">
    <p class='ocr_par' dir='ltr' id='par_1_3' title="bbox 155 4006 1308 4234">
     <span class='ocr_line' id='line_1_32' title="bbox 194 4006 1308 4109; baseline -0.004 -15"><span class='ocrx_word' id='word_1_269' title='bbox 194 4044 206 4094; x_wconf 93' lang='lat' dir='ltr'>l</span> <span class='ocrx_word' id='word_1_270' title='bbox 229 4006 398 4109; x_wconf 61' lang='lat' dir='ltr'>uiaieneisp</span> <span class='ocrx_word' id='word_1_271' title='bbox 488 4040 504 4092; x_wconf 86' lang='lat'><strong>2</strong></span> <span class='ocrx_word' id='word_1_272' title='bbox 523 4039 634 4107; x_wconf 83' lang='lat' dir='ltr'>gulosus</span> <span class='ocrx_word' id='word_1_273' title='bbox 653 4039 732 4094; x_wconf 75' lang='lat' dir='ltr'>codd.</span> <span class='ocrx_word' id='word_1_274' title='bbox 747 4043 860 4107; x_wconf 78' lang='lat' dir='ltr'>praeter·</span> <span class='ocrx_word' id='word_1_275' title='bbox 873 4037 923 4106; x_wconf 82' lang='lat' dir='ltr'>p²,·</span> <span class='ocrx_word' id='word_1_276' title='bbox 939 4039 1049 4108; x_wconf 81' lang='lat' dir='ltr'>gelosus</span> <span class='ocrx_word' id='word_1_277' title='bbox 1066 4037 1123 4106; x_wconf 79' lang='lat' dir='ltr'>p²u</span> <span class='ocrx_word' id='word_1_278' title='bbox 1208 4038 1258 4100; x_wconf 82' lang='lat' dir='ltr'>hac</span> <span class='ocrx_word' id='word_1_279' title='bbox 1275 4055 1308 4108; x_wconf 79' lang='lat'>9;</span> 
     </span>
     <span class='ocr_line' id='line_1_33' title="bbox 155 4125 1308 4234; baseline -0.005 -51"><span class='ocrx_word' id='word_1_280' title='bbox 155 4137 274 4234; x_wconf 64' lang='lat' dir='ltr'>atqrppe</span> <span class='ocrx_word' id='word_1_281' title='bbox 329 4125 981 4198; x_wconf 66' lang='lat' dir='ltr'>{ropernrnobeppp²a30porap¹vDomb</span> <span class='ocrx_word' id='word_1_282' title='bbox 1037 4127 1270 4180; x_wconf 77' lang='lat' dir='ltr'>teummoranrus</span> <span class='ocrx_word' id='word_1_283' title='bbox 1289 4145 1308 4195; x_wconf 76' lang='lat' dir='ltr'>p</span> 
     </span>
    </p>
   </div>
   <div class='ocr_carea' id='block_1_4' title="bbox 156 4239 1305 4399">
    <p class='ocr_par' dir='ltr' id='par_1_4' title="bbox 156 4239 1305 4399">
     <span class='ocr_line' id='line_1_34' title="bbox 159 4239 1305 4312; baseline -0.003 -14"><span class='ocrx_word' id='word_1_284' title='bbox 159 4249 192 4299; x_wconf 77' lang='lat' dir='ltr'>lu</span> <span class='ocrx_word' id='word_1_285' title='bbox 212 4251 274 4309; x_wconf 74' lang='lat' dir='ltr'>etc</span> <span class='ocrx_word' id='word_1_286' title='bbox 326 4243 362 4298; x_wconf 89' lang='grc'>20</span> <span class='ocrx_word' id='word_1_287' title='bbox 384 4259 469 4299; x_wconf 85' lang='lat' dir='ltr'>necne</span> <span class='ocrx_word' id='word_1_288' title='bbox 492 4248 661 4298; x_wconf 90' lang='lat' dir='ltr'>auerteretur</span> <span class='ocrx_word' id='word_1_289' title='bbox 684 4259 776 4298; x_wconf 88' lang='lat' dir='ltr'>eorum</span> <span class='ocrx_word' id='word_1_290' title='bbox 790 4259 812 4311; x_wconf 77' lang='lat' dir='ltr'>p</span> <span class='ocrx_word' id='word_1_291' title='bbox 877 4243 911 4296; x_wconf 89' lang='grc'>22</span> <span class='ocrx_word' id='word_1_292' title='bbox 930 4259 967 4312; x_wconf 82' lang='lat' dir='ltr'>aq.</span> <span class='ocrx_word' id='word_1_293' title='bbox 988 4239 1258 4296; x_wconf 80' lang='lat' dir='ltr'>exsudes-exsudes</span> <span class='ocrx_word' id='word_1_294' title='bbox 1275 4242 1305 4311; x_wconf 75' lang='lat'>9²</span> 
     </span>
     <span class='ocr_line' id='line_1_35' title="bbox 156 4331 816 4399; baseline -0.006 -12"><span class='ocrx_word' id='word_1_295' title='bbox 156 4338 193 4387; x_wconf 73' lang='grc'>25</span> <span class='ocrx_word' id='word_1_296' title='bbox 212 4333 341 4386; x_wconf 86' lang='lat' dir='ltr'>adessent</span> <span class='ocrx_word' id='word_1_297' title='bbox 359 4347 410 4386; x_wconf 82' lang='lat' dir='ltr'>om.</span> <span class='ocrx_word' id='word_1_298' title='bbox 430 4350 444 4385; x_wconf 82' lang='grc' dir='ltr'><strong><em>ι</em></strong></span> <span class='ocrx_word' id='word_1_299' title='bbox 497 4333 532 4386; x_wconf 88' lang='grc'>29</span> <span class='ocrx_word' id='word_1_300' title='bbox 551 4331 714 4385; x_wconf 79' lang='lat' dir='ltr'>ferramenta</span> <span class='ocrx_word' id='word_1_301' title='bbox 732 4332 816 4399; x_wconf 87' lang='lat' dir='ltr'>illap</span> 
     </span>
    </p>
   </div>
   <div class='ocr_carea' id='block_1_5' title="bbox 0 0 1609 4959">
    <p class='ocr_par' dir='ltr' id='par_1_5' title="bbox 0 0 1609 4959">
     <span class='ocr_line' id='line_1_36' title="bbox 0 0 1609 4959; baseline 0 0"><span class='ocrx_word' id='word_1_302' title='bbox 0 0 1609 4959; x_wconf 95' lang='lat' dir='ltr'> </span> 
     </span>
    </p>
   </div>
  </div>
 </body>
</html>
