3192 4959
350 442 401 496 De
430 443 605 497 ciuitate
634 442 695 497 dei
722 442 789 499 lib.
813 442 903 497 XIIII.
933 460 1009 514 cap.
1035 445 1077 499 16.
1102 446 1143 499 17.
1276 447 1319 510 39

171 636 209 701 ad
227 636 394 701 arbitrium
413 638 557 701 nostrum
577 641 686 703 mouet
705 640 838 702 autnon
856 641 977 716 mouet,
996 638 1142 722 pudenda
1160 639 1318 713 dicuntur,

172 744 255 825 quod
279 747 352 807 ante
375 746 540 827 peccatum
564 744 702 809 hominis
720 763 782 809 non
802 745 939 810 fuerunt.
959 745 1042 809 Nam
1061 746 1146 810 sicut
1164 746 1318 827 scriptum

171 854 232 915 est:
252 850 355 915 Nudi
379 852 493 927 erant,
513 852 550 915 et
568 869 638 914 non
658 850 995 930 confundebantur,
1014 872 1075 917 non
1091 851 1176 935 quod
1195 852 1241 916 eis
1261 871 1319 917 sua

170 956 298 1021 nuditas
323 960 410 1021 esset
431 956 601 1041 incognita,
625 956 681 1021 sed
703 958 808 1039 turpis
830 958 959 1023 nuditas
982 957 1120 1023 nondum
1145 963 1221 1035 erat,
1245 959 1319 1041 quia

138 1086 152 1125 a
169 1063 309 1129 nondum
328 1063 427 1128 libido
447 1064 589 1129 membra
606 1063 662 1127 illa
679 1068 803 1145 praeter
818 1064 983 1129 arbitrium
997 1064 1228 1145 commonebat,
1243 1084 1319 1129 non·

170 1172 245 1235 dnm
261 1170 301 1234 ad
320 1170 458 1235 hominis
473 1169 737 1236 inoboedientiam
752 1171 1001 1255 redarguendam
1016 1191 1075 1235 sua
1087 1170 1320 1236 inoboedientia

169 1298 240 1343 caro
261 1278 399 1361 quodarn
422 1276 517 1343 modo
540 1276 760 1342 testimonium
779 1278 976 1361 perhibebat.
1000 1278 1112 1361 Neque
1130 1279 1213 1343 onim
1232 1279 1317 1343 caeci

168 1386 268 1451 creati
301 1388 400 1461 erant,
433 1388 471 1449 ut
497 1385 667 1466 inperitum
697 1386 817 1469 uulgus
844 1386 1004 1469 opinatum
1035 1385 1159 1469 quando
1188 1384 1317 1468 quidem

168 1496 204 1557 et
233 1492 289 1556 ille
322 1492 405 1557 uidit
437 1492 595 1569 animalia,
634 1492 750 1573 quibus
784 1493 912 1556 nomina
943 1492 1095 1577 inposuit,
1128 1495 1161 1557 et
1192 1492 1231 1555 de
1262 1491 1319 1555 illa

122 1600 302 1683 relegitur:
332 1598 440 1663 Vidit
467 1598 603 1663 mulier
630 1599 718 1680 quia
746 1598 882 1664 bonum
905 1598 1050 1683 lignum
1073 1599 1109 1663 in
1134 1617 1256 1663 escam
1281 1600 1318 1661 et

167 1707 256 1788 quia
288 1708 415 1787 placet
454 1705 576 1771 oculis
609 1706 652 1769 ad
684 1705 898 1771 uidendum.
936 1706 1093 1771 Petebant
1124 1724 1199 1789 ergo
1233 1704 1318 1769 oculi

166 1832 289 1889 eorum,
315 1811 373 1876 sed
397 1812 437 1875 ad
459 1812 520 1877 boc
542 1831 604 1877 non
628 1815 717 1876 erant
740 1812 850 1893 aperti,
880 1814 941 1878 hoo
965 1816 1099 1877 estnon
1127 1811 1257 1888 adtenti,
1281 1814 1319 1875 ut

166 1921 397 2003 cognoscerent
420 1917 496 2001 quid
520 1918 566 1983 eis
589 1918 773 1983 Indumento
803 1918 923 2003 gratiae
945 1921 1169 2002 praestaretur,
1193 1916 1317 1999 quando

163 2026 311 2090 membra
344 2044 452 2089 eorum
484 2023 645 2090 uoluntati
676 2044 852 2108 repugnare
884 2026 1077 2089 nesciebant.
1115 2022 1185 2103 Qua
1217 2023 1318 2108 gratia

118 2154 144 2193 ra
164 2136 300 2208 remota,
332 2134 371 2197 ut
400 2150 502 2214 poena
532 2132 694 2213 reciproca
725 2132 960 2198 inoboedientia
988 2133 1189 2216 plecteretur,
1213 2130 1318 2195 extitit

162 2240 199 2303 in
222 2241 313 2304 motu
338 2238 477 2321 corporis
501 2237 655 2320 quaedam
680 2234 836 2321 inpudens
861 2238 997 2316 nouitas,
1021 2238 1104 2303 unde
1128 2241 1214 2302 esset
1231 2237 1317 2301 inde·

164 2364 242 2411 cens
266 2344 405 2422 nuditas,
431 2347 463 2408 et
485 2343 564 2409 fecit
586 2344 731 2409 adtentos
755 2344 958 2428 reddiditque
981 2345 1141 2410 confusos.
1165 2344 1248 2408 Hinc
1267 2346 1318 2407 est

163 2452 264 2534 quod,
305 2456 419 2533 postea
460 2469 555 2533 quam
595 2451 779 2515 mandatnm
820 2452 881 2515 Dei
923 2455 1030 2535 aperta
1065 2450 1317 2533 transgressione

164 2558 340 2633 uiolarunt,
379 2558 534 2641 scriptum
572 2561 622 2622 est
659 2557 696 2623 de
733 2557 816 2622 illis:
852 2557 899 2621 Et
934 2558 1055 2640 aperti
1093 2558 1181 2623 sunt
1213 2556 1316 2620 oculi

115 2684 142 2723 ro
163 2665 361 2729 amborum
390 2669 427 2729 et
455 2667 690 2748 agnouerunt
718 2665 805 2746 quia
832 2664 924 2729 nudi
953 2668 1069 2741 erant,
1098 2666 1135 2728 et
1163 2682 1316 2727 consue·

163 2774 257 2836 runt
295 2770 390 2836 folia
426 2772 492 2835 fici
528 2773 564 2835 et
596 2771 769 2835 fecerunt
802 2771 877 2837 sibi
910 2770 1146 2854 campestria.
1184 2769 1315 2852 dperti

162 2883 267 2953 sunt,
301 2878 416 2960 inquit,
449 2878 550 2944 oculi
583 2879 782 2951 amborum,
817 2897 877 2942 non
910 2878 950 2943 ad
972 2878 1155 2957 uidendum,
1187 2880 1316 2941 namet

160 2990 261 3049 antea
283 2984 444 3061 uidebant,
474 2984 531 3049 sed
554 2983 593 3049 ad
617 2984 858 3049 discernendum
880 2984 962 3049 iuter
989 2984 1108 3049 bonum
1131 2984 1215 3066 quod
1239 2982 1315 3047 ami·

161 3094 273 3156 serant
302 3094 334 3155 et
361 3093 481 3156 malum
510 3110 572 3172 quo
601 3090 787 3156 ceciderant.
817 3091 908 3157 Unde
933 3094 966 3156 et
988 3091 1095 3173 ipsum
1120 3090 1253 3173 lignum,
1278 3108 1314 3152 eo

112 3217 141 3256 2⁵
161 3198 253 3283 quod
283 3198 380 3262 istam
413 3198 533 3262 feceret
565 3197 828 3282 dignoscentiam,
860 3198 888 3262 si
916 3198 955 3263 ad
983 3196 1176 3261 uescendum
1206 3199 1315 3260 contra

159 3306 305 3371 uetitum
333 3308 527 3388 tangeretur,
557 3324 592 3368 ex
621 3324 658 3369 ea
687 3324 719 3369 re
748 3324 863 3369 nomen
887 3304 1020 3388 accepit,
1043 3307 1082 3368 ut
1104 3303 1316 3387 appellaretur

157 3413 290 3496 liguum
323 3411 444 3476 sciendi
476 3411 549 3478 boni
582 3414 615 3475 et
646 3413 731 3479 mali.
762 3412 898 3494 Experto
924 3410 1009 3475 enim
1037 3410 1140 3473 morbi
1167 3410 1316 3473 molestia

158 3516 346 3583 euidentior
372 3515 409 3580 fit
438 3517 534 3581 etlam
557 3516 739 3582 incunditas
764 3518 921 3584 sanitatis.
946 3516 1214 3601 Cognouerunt
1237 3534 1312 3599 ergo

255 3692 271 3745 a
292 3690 358 3745 cen.
377 3692 402 3753 a,
423 3691 457 3747 25
476 3690 513 3762 (a,
534 3691 560 3758 ι)
617 3691 649 3745 ιο
669 3691 705 3748 in.
725 3692 750 3753 a,
770 3692 786 3747 c
844 3693 876 3745 19
896 3690 932 3744 n.
952 3692 1013 3754 aa

199 3818 212 3869 1
235 3819 350 3868 mouent
368 3818 487 3869 autnon
506 3818 618 3869 mouent
636 3832 655 3869 o
731 3818 877 3880 mouentur
894 3813 1030 3885 pudenda,
1048 3832 1082 3870 m.
1102 3818 1122 3867 2
1138 3812 1313 3882 superserere.

158 3907 433 3971 astrumenta·
456 3904 489 3958 ia
510 3904 591 3971 iasar.
615 3905 738 3973 margine
759 3922 794 3961 m.
819 3909 873 3957 aet.
896 3908 1021 3957 arctant.-
1044 3903 1073 3956 al
1094 3903 1142 3956 lib.
1165 3904 1262 3955 merito
1286 3905 1314 3954 et

157 3994 222 4063 ipsa
242 3992 336 4046 mebra
355 4009 424 4061 quae
443 4010 491 4047 suo
511 3993 602 4062 quoda
620 3996 652 4047 ut
669 3994 710 4047 ita
729 3994 813 4047 dixeri
831 3994 888 4046 iure
907 3992 961 4045 erui
980 3991 1108 4047 modoad
1124 3992 1235 4045 arbitriu
1254 3998 1313 4043 nnn

159 4083 192 4135 ol'
201 4081 240 4151 (1)
250 4084 345 4135 mouet
355 4084 403 4135 aut
415 4098 469 4135 non
480 4086 572 4135 monet
585 4080 712 4152 pudenda
722 4081 833 4136 dieunt*
870 4082 886 4135 9
902 4085 930 4135 et
942 4082 999 4148 illa,
1014 4098 1048 4134 m.
1064 4081 1128 4135 2in
1140 4081 1197 4134 illic
1211 4096 1289 4142 corr,
1303 4080 1314 4132 1

160 4172 197 4224 10
218 4186 300 4223 aesca
321 4168 366 4223 Vl
429 4170 464 4225 20
483 4172 697 4240 cognonerunto
754 4172 786 4223 21
807 4170 1151 4237 ficocleteicp.40,8
1199 4167 1312 4235 Itquo]

158 4256 270 4326 quode
341 4260 370 4310 et
389 4262 454 4311 ante
471 4258 559 4326 ipsum
578 4259 660 4312 ocal
731 4259 766 4311 25
785 4257 936 4311 dinoscent.
960 4257 1027 4311 Vel
1103 4257 1137 4309 26
1157 4259 1185 4309 et
1204 4273 1234 4310 ex
1258 4255 1314 4309 V²l

158 4362 194 4399 ea
213 4360 245 4398 re
261 4346 370 4416 nornen]
390 4362 451 4400 aere
469 4352 520 4400 nia
539 4346 554 4399 b
