3192 4959
389 472 439 524 De
468 470 641 525 ciuitate
670 469 731 524 dei
759 469 823 523 lib.
847 470 903 525 XV.
928 487 1003 539 cap.
1026 472 1051 524 3.
1075 472 1100 524 4.
1272 474 1314 537 63

166 664 341 748 eodemque
375 665 555 730 inmutabili
587 666 668 730 bono
703 665 845 749 gaudeus
878 664 979 747 adque
1008 684 1044 729 ex
1074 665 1186 729 multis
1214 683 1313 730 unuin

165 790 219 837 cor
241 772 372 847 faciens,
397 772 430 835 id
453 776 503 835 est
526 772 665 855 perfecte
690 790 820 837 concors
845 772 1044 835 oboedientia
1067 771 1218 872 caritatis.

624 964 759 1031 curun
783 936 857 1029 uu.

164 1108 216 1171 De
244 1111 433 1171 terrenae
465 1106 658 1171 ciuitatis
689 1107 756 1171 nel
779 1105 1089 1171 concertatione
1114 1110 1179 1172 uel
1202 1124 1310 1187 pace.

129 1258 143 1299 ⁵
208 1248 346 1313 Terrena
383 1268 475 1331 porro
509 1249 634 1327 ciuitas,
673 1268 752 1330 quae
785 1248 977 1330 sempiterna
1008 1267 1067 1313 uon
1103 1248 1162 1312 erit
1196 1248 1311 1333 (neque

161 1354 258 1431 euim,
298 1374 369 1418 cum
408 1359 547 1419 extremo
587 1355 743 1439 supplicio
782 1354 930 1419 damnata
961 1354 1066 1431 fuerit,
1099 1354 1162 1419 iam
1195 1355 1310 1419 ciuitas

160 1461 247 1546 erit),
275 1460 328 1525 hic
352 1462 447 1526 habet
471 1462 589 1527 bouum
613 1482 718 1539 suum,
743 1460 835 1525 cuius
862 1459 1016 1525 societate
1038 1460 1183 1538 laetatur,
1208 1462 1311 1545 qualis

160 1586 233 1631 esse
258 1566 296 1632 de
319 1568 438 1633 talibus
462 1569 584 1633 laetitia
607 1570 702 1633 rebus
726 1570 843 1651 polest.
867 1567 908 1630 Et
931 1567 1078 1649 quoniam
1098 1586 1159 1632 uon
1180 1572 1230 1632 est
1246 1569 1310 1633 tale

158 1674 292 1751 bonum,
311 1677 349 1738 nt
366 1676 471 1740 nullas
492 1676 656 1759 augustias
676 1675 773 1739 iaciat
792 1674 986 1739 amatoribus
1006 1673 1084 1751 snio,
1103 1673 1174 1740 ideo
1195 1674 1310 1739 ciuitas

113 1779 225 1843 mista
258 1780 410 1845 aduersus
444 1800 478 1845 se
510 1783 612 1865 ipsam
644 1782 832 1865 plerumque
865 1781 1020 1844 diuiditur
1051 1780 1216 1865 litigando,
1244 1781 1310 1847 bel-

156 1886 256 1949 lando
285 1886 386 1968 adque
415 1888 582 1970 pugnando
612 1893 644 1952 et
672 1896 727 1951 aut
754 1887 933 1951 mortiferas
962 1891 1018 1950 aut
1048 1892 1132 1951 certe
1159 1890 1309 1952 mortales

156 1992 314 2057 uictorias
342 1992 540 2075 requirendo.
567 1993 649 2059 Nam
679 2013 715 2059 ex
746 2010 946 2077 quacumque
970 1992 1021 2056 sui
1044 2000 1132 2075 parte
1156 1994 1308 2058 aduersus

156 2098 293 2163 alteram
326 2100 377 2163 sui
404 2103 525 2182 partem
555 2098 701 2164 bellando
733 2099 912 2178 surrexerit,
946 2100 1069 2180 quaerit
1096 2118 1167 2164 esse
1195 2100 1308 2164 uictrix

154 2205 316 2289 gentium,
340 2225 413 2271 cnm
433 2207 477 2271 sit
495 2207 623 2290 captiua
643 2206 810 2281 uitiorum3
836 2205 914 2269 etsi
934 2205 1071 2288 quidem,
1093 2225 1164 2269 curu
1185 2207 1307 2283 uicerit,

108 2328 135 2366 ¹⁵
155 2312 330 2395 superbius
368 2311 539 2390 extollitur,
577 2313 672 2377 etiarn
707 2312 882 2385 mortifera
921 2313 949 2375 si
981 2331 1057 2375 uero
1091 2312 1307 2377 condicionem

155 2420 304 2503 cogitans
342 2437 498 2501 casusque
531 2437 717 2483 communes
750 2419 853 2501 magis
887 2438 967 2501 quae
1000 2418 1140 2483 accidere
1173 2428 1308 2502 possunt

155 2524 304 2589 aduersis
332 2525 469 2608 angitur,
494 2544 588 2607 quam
618 2524 664 2589 eis
693 2544 771 2607 quae
799 2526 1014 2605 proueneruut
1041 2525 1188 2589 secundis
1212 2527 1306 2592 rebus

152 2630 297 2707 inflatur,
325 2629 546 2693 tautummodo
575 2630 719 2694 mortalis
749 2633 799 2693 est
826 2629 890 2694 ista
919 2630 1064 2695 uictoria.
1088 2629 1198 2714 Neque
1223 2633 1306 2697 enirn

153 2755 284 2818 semper
307 2733 460 2800 dominari
483 2735 602 2818 poterit
623 2736 832 2818 permanendo
857 2734 913 2814 eis,
938 2755 1018 2817 qnos
1041 2740 1181 2820 potuerit
1200 2739 1307 2805 subin-

103 2861 132 2899 ιο
154 2862 233 2927 gare
266 2842 432 2906 uincendo.
465 2842 536 2906 Non
570 2848 676 2907 autem
708 2844 793 2906 recte
822 2840 939 2906 dicitur
967 2864 1003 2907 ea
1031 2843 1113 2909 boua
1140 2866 1201 2911 nou
1225 2866 1305 2922 esse,

154 2966 239 3031 qnae
271 2948 470 3030 concupiscit
501 2948 578 3013 hoec
612 2948 737 3027 ciuitas,
776 2948 900 3030 quaudo
935 2952 985 3014 est
1017 2957 1049 3013 et
1080 2952 1150 3033 ipsa
1182 2953 1214 3016 iu
1247 2972 1305 3017 suo

152 3058 295 3119 humano
325 3073 438 3139 gauere
466 3054 588 3119 melior.
618 3054 823 3137 Concupiscit
853 3054 936 3119 euim
964 3064 1119 3121 terrenam
1148 3060 1304 3141 quaudarn

151 3180 212 3245 pro
237 3162 332 3225 rebus
356 3160 474 3224 infimis
498 3180 623 3243 pacem;
649 3160 688 3225 ad
712 3180 780 3225 eam
805 3181 940 3243 namque
964 3162 1122 3229 desiderat
1140 3167 1304 3247 peruenire

149 3267 318 3345 bellando;
349 3269 498 3350 quoniam
527 3266 555 3331 si
584 3268 696 3331 uicerit
726 3272 758 3331 et
786 3269 841 3349 qui
869 3270 1000 3334 resistat
1027 3289 1087 3335 uon
1110 3272 1216 3351 fuerit,
1244 3294 1303 3355 pax

100 3384 130 3425 ²⁵
151 3375 225 3452 erit,
255 3392 353 3455 quam
380 3392 440 3438 nou
469 3374 628 3439 habebant
650 3380 755 3457 partes
778 3375 812 3438 iu
835 3376 938 3439 uicem
963 3376 1167 3442 aduersantes
1192 3382 1225 3443 et
1246 3399 1302 3462 pro

150 3482 204 3546 bis
233 3481 340 3559 rebus,
368 3500 446 3563 quas
476 3480 573 3545 simul
600 3480 713 3544 habere
742 3501 803 3546 non
831 3487 987 3564 poterant,
1016 3485 1136 3549 infelici
1159 3490 1302 3569 egestate

151 3592 322 3653 certantes,
350 3586 441 3651 Hanc
469 3606 580 3669 pacem
607 3588 773 3669 requirunt
794 3589 953 3654 laboriosa
977 3590 1069 3667 bella,
1100 3592 1180 3656 hauc
1204 3593 1301 3676 adipi-

151 3696 255 3759 scitur
283 3712 365 3775 quae
392 3698 523 3777 putatur
547 3694 684 3778 gloriosa
707 3695 853 3761 uictoria.
883 3694 1014 3773 Quando
1039 3700 1145 3762 auteur
1169 3700 1301 3765 uincunt

190 4021 202 4072 l
223 3974 318 4089 itaipue
338 4036 351 4072 e
433 4020 450 4071 4
469 4018 513 4071 nel
533 4024 597 4071 arcte
616 4022 732 4073 concert.
752 4036 840 4087 ouap
922 4022 939 4075 6
959 4024 1077 4073 extremo
1102 4020 1189 4089 ch,·
1207 4022 1235 4075 in
1255 4039 1299 4075 err-

148 4114 238 4162 trerno
259 4109 329 4162 obv
406 4108 521 4161 arabus
540 4108 680 4162 laetitiae
759 4110 792 4162 10
811 4108 1033 4181 belligerandop
1103 4110 1135 4163 14
1155 4127 1214 4164 curu
1235 4118 1301 4165 onte

149 4198 250 4251 uicerit
268 4214 329 4267 sup.
351 4197 399 4249 lin.
424 4196 451 4249 V
513 4198 543 4250 ll
564 4202 745 4267 prouenernnt
764 4196 850 4251 Vb²e
855 4216 877 4267 p
895 4198 993 4253 Domb.
1000 4219 1009 4265 ;
1028 4199 1204 4269 prouenerint
1218 4199 1299 4254 ab¹c

148 4288 186 4341 20
206 4285 306 4340 dicitur
331 4286 431 4355 Vbep
449 4284 771 4351 Domu.;dicunrurao
825 4289 857 4341 21
880 4290 1087 4358 etipsaom.e
1146 4289 1180 4341 22
1199 4305 1299 4357 genere

148 4377 259 4433 humo
313 4377 349 4429 26
369 4375 504 4445 quasimul
528 4376 554 4428 V
605 4376 638 4429 28
659 4392 727 4445 quae
746 4380 926 4447 putaturum.
952 4377 986 4430 V¹
