3192 4959
678 446 704 500 S.
729 447 886 500 Aurelii
914 446 1133 516 Augustini

783 640 920 706 CAPUT
944 639 1031 704 VIII.

327 780 408 846 Non
447 801 530 846 esse
564 787 693 847 contra
724 786 905 860 naturam,
944 802 1026 846 curu
1059 783 1094 847 iu
1129 783 1257 865 aliqua
1289 803 1335 858 re,
1366 783 1457 846 cuius

328 891 462 953 natura
490 889 671 966 innotuit,
699 888 846 971 aliquid
875 885 916 952 ab
943 909 982 953 eo
1009 889 1105 972 quod
1136 894 1216 954 erat
1239 893 1364 954 notum
1384 889 1458 952 inci-

707 996 765 1079 pit
788 1015 871 1060 esse
896 995 1098 1061 diuersum.

373 1136 408 1202 Si
444 1142 550 1203 autam
582 1137 775 1220 respondent
806 1141 973 1221 propterea
1006 1157 1039 1202 so
1073 1157 1133 1201 nou
1167 1121 1295 1202 credero'
1327 1156 1399 1220 quae
1427 1135 1490 1199 des

327 1244 475 1309 humanis
508 1265 633 1328 semper
663 1244 782 1310 arsuris
820 1264 878 1309 nec
909 1264 1062 1327 umquam
1094 1246 1257 1310 morituris
1295 1243 1459 1328 corporibus

327 1351 475 1427 dicimus,
504 1352 579 1433 quia
604 1353 815 1416 humanorum
846 1371 1013 1434 corporum
1042 1354 1188 1416 naturam
1212 1351 1360 1416 nouimus
1381 1350 1459 1432 louge

328 1456 421 1521 aliter
447 1457 639 1535 institutam,
668 1457 751 1522 unde
775 1477 833 1523 nec
856 1458 914 1522 illa
940 1459 1021 1523 ratio
1045 1458 1118 1522 hiuc
1140 1457 1231 1521 reddi
1253 1462 1367 1540 potest,
1394 1474 1458 1538 quae

327 1563 365 1627 da
396 1562 462 1627 illis
496 1565 616 1628 naturis
648 1564 848 1628 mirabilibus
881 1564 1080 1643 reddebatur,
1111 1567 1149 1629 ut
1176 1563 1237 1628 dici
1268 1565 1381 1646 possit:
1403 1561 1457 1624 ‘Iis

326 1669 390 1733 ista
412 1671 565 1734 naturalis
589 1673 649 1747 est,
673 1671 718 1734 rei
742 1671 841 1735 huius
864 1671 927 1736 ista
951 1675 1063 1736 natura
1086 1672 1158 1745 est'3
1184 1671 1333 1752 quoniam
1356 1669 1458 1734 scimus
1472 1693 1491 1730 n

327 1777 483 1841 humanae
516 1778 617 1842 carnis
649 1778 745 1842 iatam
778 1798 839 1843 nou
871 1797 941 1844 csse
969 1782 1128 1842 naturam:
1162 1778 1317 1842 habemus
1349 1775 1458 1858 quidem

328 1884 413 1965 quod
443 1885 690 1968 respondeamus
724 1885 762 1948 de
800 1885 917 1949 Iltteris
955 1885 1064 1960 sacris,
1101 1885 1181 1948 hauc
1217 1885 1321 1966 ipsam
1353 1882 1460 1947 scillcet.

327 1991 499 2054 humanam
527 2010 651 2055 carnem
681 1991 773 2055 aliter
800 1991 981 2056 institutam
1010 1991 1111 2056 fuisso
1138 1994 1210 2054 ante
1238 1995 1409 2075 peccatum,
1431 1987 1458 2048 id

328 2100 387 2174 est,
416 2101 453 2161 ut
479 2101 590 2180 posset
617 2117 790 2180 numquam
821 2099 943 2181 perpeti
970 2102 1118 2172 mortem;
1153 2098 1246 2162 aliter
1274 2101 1379 2160 autem
1399 2096 1460 2179 post

327 2206 503 2286 peccatum,
532 2205 635 2284 qualis
662 2206 693 2268 in
723 2223 873 2268 aerumna
901 2205 997 2268 huius
1026 2203 1230 2268 mortalitatis
1263 2203 1405 2278 innotuit,
1429 2203 1493 2263 uts

326 2315 488 2394 perpetem
507 2310 606 2375 uitam
625 2312 733 2374 tenere
756 2331 817 2374 non
837 2312 955 2394 possim
981 2311 1120 2395 sicergo
1145 2311 1246 2388 aliter,
1272 2329 1364 2393 quam
1381 2306 1460 2372 uobis

326 2421 402 2481 nota
424 2421 483 2492 est,
501 2417 689 2481 iustituetur
711 2419 743 2480 in
762 2417 992 2482 resurrectione
1012 2421 1220 2482 mortuorum.
1246 2415 1310 2481 Sed
1329 2414 1458 2498 quoniam

325 2524 397 2587 istis
434 2543 496 2588 non
533 2524 666 2588 credunt
700 2524 828 2602 litteris,
870 2524 926 2587 ubi
962 2524 1081 2609 legitur
1118 2523 1222 2605 qualis
1259 2522 1292 2586 in
1331 2520 1460 2605 paradiso

264 2668 266 2671 -
326 2629 441 2693 uixerit
466 2629 561 2693 homo
590 2631 807 2711 quantumque
835 2629 932 2693 fuerit
956 2650 973 2694 a
996 2630 1188 2694 necessitate
1216 2629 1329 2694 mortis
1352 2627 1459 2690 adesus

327 2735 458 2819 (quibus
486 2737 599 2817 utique
627 2736 655 2799 si
683 2735 856 2813 crederent,
885 2755 946 2800 oon
975 2755 1047 2800 cum
1072 2735 1136 2800 illis
1161 2733 1199 2800 dc
1221 2755 1324 2818 poena
1347 2735 1495 2798 damna-ss

325 2846 441 2920 torum,
457 2861 537 2925 quae
555 2843 664 2906 futura
682 2847 741 2918 est,
762 2843 927 2922 operosius
947 2840 1142 2928 ageremus):
1163 2843 1201 2906 de
1220 2841 1336 2906 litteris
1354 2857 1460 2908 corum,

326 2948 381 3031 qui
414 2949 591 3012 doctissimi
624 2952 701 3029 aput
732 2947 807 3012 illos
839 2949 978 3027 fuerunt,
1012 2947 1132 3032 aliquid
1159 2948 1376 3032 proferendum
1408 2948 1461 3018 est,

326 3074 388 3135 quo
422 3057 570 3137 appareat
601 3073 696 3136 posse
729 3055 806 3127 fieri,
840 3060 877 3120 ut
909 3057 1001 3119 aliter
1031 3075 1065 3120 se
1095 3055 1211 3120 babeat
1243 3073 1381 3138 quaeque
1407 3069 1461 3124 res,

327 3181 421 3243 quarn
448 3161 536 3242 prius
563 3161 595 3224 in
623 3162 718 3225 rebus
746 3161 927 3227 innotuerat
950 3183 1027 3227 suaa
1051 3163 1311 3228 determinatione
1334 3163 1460 3224 naturae.

369 3269 429 3330 ldst
458 3267 490 3330 in
522 3267 623 3332 Marci
646 3268 796 3332 Varronis
828 3269 929 3346 libris,
963 3288 1097 3350 quorum
1128 3269 1295 3352 inscriptio
1328 3273 1386 3332 est:
1419 3265 1496 3328 Des

326 3377 420 3456 gente
442 3373 552 3456 populi
574 3374 719 3452 Romani,
744 3375 828 3456 qrrod
853 3375 971 3438 eisdem
996 3374 1112 3451 uerbis,
1137 3375 1255 3457 quibus
1278 3375 1320 3440 ibi
1342 3373 1461 3456 IegItur.

326 3485 357 3543 et
385 3480 436 3544 hie
464 3499 592 3561 ponam:
626 3482 672 3544 ‘Iu
700 3483 797 3554 caelo,
822 3481 936 3562 inquit,
961 3482 1105 3545 mirabile
1129 3483 1253 3547 exstitlt
1274 3485 1460 3564 portentum:

325 3606 398 3650 nam
430 3587 555 3650 stellam
583 3587 714 3651 Veneris
747 3588 991 3664 nobilissimam,
1025 3607 1119 3670 quam
1151 3588 1288 3654 Plautus
1315 3587 1462 3669 Vesperu-

360 3883 424 3936 2re
443 3899 500 3987 on&¹
512 3883 530 3950 f
562 3886 577 3937 5
597 3887 739 3952 propterea
757 3900 828 3952 resp.
847 3899 863 3936 c
900 3883 917 3936 8
936 3883 980 3937 hic
1000 3884 1032 3951 b;
1049 3842 1121 3976 ¹iiiuc,
1139 3884 1170 3937 in
1188 3901 1275 3954 marg.
1294 3842 1337 3938 dic
1356 3882 1464 3946 credie

324 3999 523 4052 9uaturalisc
577 3998 680 4052 discib
737 4000 770 4053 12
790 3999 921 4068 quidpc
973 3979 1319 4070 winmusterium.
1339 4000 1367 4052 in
1387 3981 1463 4052 arura

324 4087 419 4151 (sicto
516 4087 672 4140 mortalias
769 4089 902 4142 metuitb
978 4089 1010 4141 16
1030 4092 1189 4158 perpetuam
1209 4107 1227 4139 α
1290 4090 1320 4141 17
1340 4087 1463 4142 notumb

324 4177 358 4230 18
376 4175 458 4229 istib
515 4175 547 4228 19
568 4180 708 4243 quantum,
728 4178 826 4230 orur'aso
847 4178 938 4246 quel>
989 4177 1125 4230 astruet
1145 4178 1246 4246 om.p¹
1298 4179 1332 4231 27
1353 4177 1463 4250 epiumb

321 4264 351 4317 id
371 4267 525 4334 portentum
545 4282 559 4333 ρ
627 4265 661 4317 28
681 4264 790 4318 stellam
810 4265 922 4319 Veneris
942 4266 1138 4320 nobilissimam
1158 4283 1217 4335 ap,·
1236 4266 1316 4320 stella
1335 4267 1404 4320 Veri.
1420 4283 1463 4320 no·

322 4353 456 4407 bilissima
474 4351 562 4423 bepp
574 4370 603 4420 ας
621 4353 650 4405 in
669 4354 750 4406 stella
770 4354 836 4409 Ven.
856 4354 940 4408 nobil.
960 4371 975 4408 υ
994 4355 1092 4410 Dorub.
1166 4371 1279 4426 uespera
1295 4355 1425 4424 regineb
