<?xml version="1.0" encoding="UTF-8"?>
<!DOCTYPE html PUBLIC "-//W3C//DTD XHTML 1.0 Transitional//EN"
    "http://www.w3.org/TR/xhtml1/DTD/xhtml1-transitional.dtd">
<html xmlns="http://www.w3.org/1999/xhtml" xml:lang="en" lang="en">
 <head>
  <title>
</title>
<meta http-equiv="Content-Type" content="text/html;charset=utf-8" />
  <meta name='ocr-system' content='tesseract 3.04.00' />
  <meta name='ocr-capabilities' content='ocr_page ocr_carea ocr_par ocr_line ocrx_word'/>
</head>
<body>
  <div class='ocr_page' id='page_1' title='image "./corpusscriptoru07wiengoog/corpusscriptoru07wiengoog_0686.png"; bbox 0 0 3192 4959; ppageno 0'>
   <div class='ocr_carea' id='block_1_1' title="bbox 316 441 1116 511">
    <p class='ocr_par' dir='ltr' id='par_1_1' title="bbox 316 441 1116 511">
     <span class='ocr_line' id='line_1_1' title="bbox 316 441 1116 511; baseline -0.023 0"><span class='ocrx_word' id='word_1_1' title='bbox 316 447 380 510; x_wconf 89' lang='grc'>666</span> <span class='ocrx_word' id='word_1_2' title='bbox 656 444 683 498; x_wconf 86' lang='lat' dir='ltr'>S.</span> <span class='ocrx_word' id='word_1_3' title='bbox 711 443 869 498; x_wconf 78' lang='lat' dir='ltr'>Aurelii</span> <span class='ocrx_word' id='word_1_4' title='bbox 896 441 1116 511; x_wconf 77' lang='lat' dir='ltr'><strong>Augustini</strong></span> 
     </span>
    </p>
   </div>
   <div class='ocr_carea' id='block_1_2' title="bbox 312 622 1562 3273">
    <p class='ocr_par' dir='ltr' id='par_1_2' title="bbox 312 622 1562 3273">
     <span class='ocr_line' id='line_1_2' title="bbox 315 622 1562 714; baseline -0.005 -11"><span class='ocrx_word' id='word_1_5' title='bbox 315 639 354 703; x_wconf 86' lang='lat' dir='ltr'>ab</span> <span class='ocrx_word' id='word_1_6' title='bbox 379 637 561 702; x_wconf 85' lang='lat' dir='ltr'>hominibus</span> <span class='ocrx_word' id='word_1_7' title='bbox 585 637 717 702; x_wconf 82' lang='lat' dir='ltr'>honeste</span> <span class='ocrx_word' id='word_1_8' title='bbox 742 636 970 714; x_wconf 78' lang='lat' dir='ltr'>desiderantur,</span> <span class='ocrx_word' id='word_1_9' title='bbox 988 639 1021 700; x_wconf 89' lang='lat' dir='ltr'>et</span> <span class='ocrx_word' id='word_1_10' title='bbox 1039 636 1106 698; x_wconf 84' lang='lat' dir='ltr'>uita</span> <span class='ocrx_word' id='word_1_11' title='bbox 1133 638 1166 698; x_wconf 88' lang='lat' dir='ltr'>et</span> <span class='ocrx_word' id='word_1_12' title='bbox 1189 633 1277 698; x_wconf 79' lang='lat' dir='ltr'>salua</span> <span class='ocrx_word' id='word_1_13' title='bbox 1301 637 1336 698; x_wconf 92' lang='lat' dir='ltr'>et</span> <span class='ocrx_word' id='word_1_14' title='bbox 1357 635 1455 700; x_wconf 73' lang='lat' dir='ltr'>uictus</span> <span class='ocrx_word' id='word_1_15' title='bbox 1561 622 1562 705; x_wconf 50' lang='lat' dir='ltr'>l</span> 
     </span>
     <span class='ocr_line' id='line_1_3' title="bbox 315 741 1455 828; baseline -0.005 -18"><span class='ocrx_word' id='word_1_16' title='bbox 315 748 348 810; x_wconf 89' lang='lat' dir='ltr'>et</span> <span class='ocrx_word' id='word_1_17' title='bbox 371 745 463 828; x_wconf 90' lang='lat' dir='ltr'>copia</span> <span class='ocrx_word' id='word_1_18' title='bbox 485 747 517 808; x_wconf 91' lang='lat' dir='ltr'>et</span> <span class='ocrx_word' id='word_1_19' title='bbox 541 744 642 828; x_wconf 87' lang='lat' dir='ltr'>gloria</span> <span class='ocrx_word' id='word_1_20' title='bbox 665 748 698 807; x_wconf 91' lang='lat' dir='ltr'>et</span> <span class='ocrx_word' id='word_1_21' title='bbox 720 744 819 808; x_wconf 88' lang='lat' dir='ltr'>honor</span> <span class='ocrx_word' id='word_1_22' title='bbox 842 746 875 808; x_wconf 85' lang='lat' dir='ltr'>et</span> <span class='ocrx_word' id='word_1_23' title='bbox 896 761 956 826; x_wconf 84' lang='lat' dir='ltr'>pax</span> <span class='ocrx_word' id='word_1_24' title='bbox 980 746 1012 807; x_wconf 90' lang='lat' dir='ltr'>et</span> <span class='ocrx_word' id='word_1_25' title='bbox 1036 742 1141 806; x_wconf 88' lang='lat' dir='ltr'>omnia</span> <span class='ocrx_word' id='word_1_26' title='bbox 1163 743 1281 806; x_wconf 76' lang='lat' dir='ltr'>bona&#39;?</span> <span class='ocrx_word' id='word_1_27' title='bbox 1305 741 1360 806; x_wconf 87' lang='lat' dir='ltr'>Sic</span> <span class='ocrx_word' id='word_1_28' title='bbox 1383 741 1455 804; x_wconf 87' lang='lat' dir='ltr'>enim</span> 
     </span>
     <span class='ocr_line' id='line_1_4' title="bbox 316 847 1562 943; baseline -0.003 -27"><span class='ocrx_word' id='word_1_29' title='bbox 316 855 349 916; x_wconf 89' lang='lat' dir='ltr'>et</span> <span class='ocrx_word' id='word_1_30' title='bbox 370 850 452 914; x_wconf 91' lang='lat' dir='ltr'>illud</span> <span class='ocrx_word' id='word_1_31' title='bbox 475 855 561 915; x_wconf 86' lang='lat' dir='ltr'>recto</span> <span class='ocrx_word' id='word_1_32' title='bbox 583 849 792 933; x_wconf 82' lang='lat' dir='ltr'>intellegitur,</span> <span class='ocrx_word' id='word_1_33' title='bbox 818 849 903 930; x_wconf 88' lang='lat' dir='ltr'>quod</span> <span class='ocrx_word' id='word_1_34' title='bbox 927 850 972 913; x_wconf 91' lang='lat' dir='ltr'>ait</span> <span class='ocrx_word' id='word_1_35' title='bbox 995 848 1177 932; x_wconf 80' lang='lat' dir='ltr'>apostolus:</span> <span class='ocrx_word' id='word_1_36' title='bbox 1202 847 1253 912; x_wconf 90' lang='lat' dir='ltr'>Ut</span> <span class='ocrx_word' id='word_1_37' title='bbox 1276 847 1335 912; x_wconf 84' lang='lat' dir='ltr'>eit</span> <span class='ocrx_word' id='word_1_38' title='bbox 1358 848 1455 912; x_wconf 86' lang='lat' dir='ltr'>Deuo</span> <span class='ocrx_word' id='word_1_39' title='bbox 1561 864 1562 943; x_wconf 29' lang='grc' dir='ltr'>ρ</span> 
     </span>
     <span class='ocr_line' id='line_1_5' title="bbox 317 954 1562 1045; baseline -0.003 -24"><span class='ocrx_word' id='word_1_40' title='bbox 317 956 449 1022; x_wconf 90' lang='lat' dir='ltr'>omnia</span> <span class='ocrx_word' id='word_1_41' title='bbox 471 957 508 1022; x_wconf 90' lang='lat' dir='ltr'>iu</span> <span class='ocrx_word' id='word_1_42' title='bbox 534 956 730 1020; x_wconf 80' lang='lat' dir='ltr'>omnibus.</span> <span class='ocrx_word' id='word_1_43' title='bbox 753 955 826 1039; x_wconf 88' lang='lat' dir='ltr'>Ipee</span> <span class='ocrx_word' id='word_1_44' title='bbox 850 955 921 1020; x_wconf 86' lang='lat' dir='ltr'>linia</span> <span class='ocrx_word' id='word_1_45' title='bbox 944 955 1005 1020; x_wconf 87' lang='lat' dir='ltr'>erit</span> <span class='ocrx_word' id='word_1_46' title='bbox 1024 954 1251 1019; x_wconf 85' lang='lat' dir='ltr'>desideriorum</span> <span class='ocrx_word' id='word_1_47' title='bbox 1270 958 1456 1030; x_wconf 83' lang='lat' dir='ltr'>nostrorum,</span> <span class='ocrx_word' id='word_1_48' title='bbox 1561 996 1562 1045; x_wconf 50' lang='grc' dir='ltr'>ρ</span> 
     </span>
     <span class='ocr_line' id='line_1_6' title="bbox 314 1056 1562 1146; baseline -0.003 -18"><span class='ocrx_word' id='word_1_49' title='bbox 314 1065 369 1146; x_wconf 88' lang='lat' dir='ltr'>qui</span> <span class='ocrx_word' id='word_1_50' title='bbox 394 1062 461 1127; x_wconf 85' lang='lat' dir='ltr'>sine</span> <span class='ocrx_word' id='word_1_51' title='bbox 485 1063 546 1128; x_wconf 90' lang='lat' dir='ltr'>fine</span> <span class='ocrx_word' id='word_1_52' title='bbox 568 1061 740 1138; x_wconf 87' lang='lat' dir='ltr'>uidebitur,</span> <span class='ocrx_word' id='word_1_53' title='bbox 765 1062 833 1127; x_wconf 88' lang='lat' dir='ltr'>siue</span> <span class='ocrx_word' id='word_1_54' title='bbox 851 1061 982 1127; x_wconf 80' lang='lat' dir='ltr'>fastidio</span> <span class='ocrx_word' id='word_1_55' title='bbox 1002 1060 1171 1138; x_wconf 84' lang='lat' dir='ltr'>amabitur,</span> <span class='ocrx_word' id='word_1_56' title='bbox 1191 1061 1259 1125; x_wconf 87' lang='lat' dir='ltr'>sine</span> <span class='ocrx_word' id='word_1_57' title='bbox 1278 1061 1487 1146; x_wconf 68' lang='lat' dir='ltr'><strong>fatigationes</strong></span> <span class='ocrx_word' id='word_1_58' title='bbox 1561 1056 1562 1133; x_wconf 75' lang='lat' dir='ltr'>l</span> 
     </span>
     <span class='ocr_line' id='line_1_7' title="bbox 314 1168 1457 1249; baseline -0.004 -15"><span class='ocrx_word' id='word_1_59' title='bbox 314 1169 503 1234; x_wconf 72' lang='lat' dir='ltr'>laudabitur.</span> <span class='ocrx_word' id='word_1_60' title='bbox 530 1169 601 1234; x_wconf 89' lang='lat' dir='ltr'>Hoc</span> <span class='ocrx_word' id='word_1_61' title='bbox 627 1187 756 1246; x_wconf 83' lang='lat' dir='ltr'>munna,</span> <span class='ocrx_word' id='word_1_62' title='bbox 785 1168 1020 1244; x_wconf 72' lang='lat' dir='ltr'>mendicatus,</span> <span class='ocrx_word' id='word_1_63' title='bbox 1048 1168 1101 1232; x_wconf 88' lang='lat' dir='ltr'>lric</span> <span class='ocrx_word' id='word_1_64' title='bbox 1124 1171 1215 1232; x_wconf 84' lang='lat' dir='ltr'>actuo</span> <span class='ocrx_word' id='word_1_65' title='bbox 1238 1168 1384 1249; x_wconf 81' lang='lat' dir='ltr'>profecto</span> <span class='ocrx_word' id='word_1_66' title='bbox 1406 1168 1457 1232; x_wconf 86' lang='lat' dir='ltr'>erit</span> 
     </span>
     <span class='ocr_line' id='line_1_8' title="bbox 315 1270 1562 1358; baseline -0.008 -17"><span class='ocrx_word' id='word_1_67' title='bbox 315 1277 475 1357; x_wconf 87' lang='lat' dir='ltr'>omnibus,</span> <span class='ocrx_word' id='word_1_68' title='bbox 500 1276 679 1358; x_wconf 84' lang='lat' dir='ltr'>sicutipse</span> <span class='ocrx_word' id='word_1_69' title='bbox 701 1275 771 1340; x_wconf 89' lang='lat' dir='ltr'>uita</span> <span class='ocrx_word' id='word_1_70' title='bbox 794 1277 931 1352; x_wconf 87' lang='lat' dir='ltr'>aeterua,</span> <span class='ocrx_word' id='word_1_71' title='bbox 956 1273 1144 1339; x_wconf 86' lang='lat' dir='ltr'>communis.</span> <span class='ocrx_word' id='word_1_72' title='bbox 1561 1270 1562 1331; x_wconf 89' lang='lat' dir='ltr'>l</span> 
     </span>
     <span class='ocr_line' id='line_1_9' title="bbox 360 1380 1562 1467; baseline -0.002 -21"><span class='ocrx_word' id='word_1_73' title='bbox 360 1381 507 1447; x_wconf 78' lang='lat' dir='ltr'>Ceterum</span> <span class='ocrx_word' id='word_1_74' title='bbox 545 1382 599 1465; x_wconf 90' lang='lat' dir='ltr'>qui</span> <span class='ocrx_word' id='word_1_75' title='bbox 639 1380 740 1447; x_wconf 90' lang='lat' dir='ltr'>luturi</span> <span class='ocrx_word' id='word_1_76' title='bbox 773 1383 837 1448; x_wconf 85' lang='lat' dir='ltr'>sint</span> <span class='ocrx_word' id='word_1_77' title='bbox 868 1399 924 1462; x_wconf 85' lang='lat' dir='ltr'>pro</span> <span class='ocrx_word' id='word_1_78' title='bbox 958 1381 1081 1446; x_wconf 81' lang='lat' dir='ltr'>meritis</span> <span class='ocrx_word' id='word_1_79' title='bbox 1117 1381 1333 1464; x_wconf 85' lang='lat' dir='ltr'>praemiorum</span> <span class='ocrx_word' id='word_1_80' title='bbox 1371 1380 1457 1444; x_wconf 87' lang='lat' dir='ltr'>etiam</span> <span class='ocrx_word' id='word_1_81' title='bbox 1561 1428 1562 1467; x_wconf 67' lang='lat'>,</span> 
     </span>
     <span class='ocr_line' id='line_1_10' title="bbox 315 1478 1562 1573; baseline -0.002 -21"><span class='ocrx_word' id='word_1_82' title='bbox 315 1489 431 1573; x_wconf 84' lang='lat' dir='ltr'>gradus</span> <span class='ocrx_word' id='word_1_83' title='bbox 459 1490 616 1554; x_wconf 92' lang='lat' dir='ltr'>honorum</span> <span class='ocrx_word' id='word_1_84' title='bbox 644 1488 745 1570; x_wconf 87' lang='lat' dir='ltr'>adque</span> <span class='ocrx_word' id='word_1_85' title='bbox 773 1488 957 1571; x_wconf 87' lang='lat' dir='ltr'>gloriarum,</span> <span class='ocrx_word' id='word_1_86' title='bbox 986 1487 1058 1569; x_wconf 84' lang='lat' dir='ltr'>quis</span> <span class='ocrx_word' id='word_1_87' title='bbox 1083 1491 1133 1552; x_wconf 87' lang='lat' dir='ltr'>eet</span> <span class='ocrx_word' id='word_1_88' title='bbox 1153 1487 1289 1552; x_wconf 77' lang='lat' dir='ltr'>idoneus</span> <span class='ocrx_word' id='word_1_89' title='bbox 1312 1487 1455 1570; x_wconf 83' lang='lat' dir='ltr'>cogitare,</span> <span class='ocrx_word' id='word_1_90' title='bbox 1561 1478 1562 1523; x_wconf 48' lang='lat' dir='ltr'>l</span> 
     </span>
     <span class='ocr_line' id='line_1_11' title="bbox 315 1593 1489 1679; baseline -0.004 -21"><span class='ocrx_word' id='word_1_91' title='bbox 315 1599 433 1678; x_wconf 84' lang='lat' dir='ltr'>quanto</span> <span class='ocrx_word' id='word_1_92' title='bbox 457 1596 560 1679; x_wconf 82' lang='lat' dir='ltr'>magis</span> <span class='ocrx_word' id='word_1_93' title='bbox 584 1595 710 1660; x_wconf 78' lang='lat' dir='ltr'>dicere?</span> <span class='ocrx_word' id='word_1_94' title='bbox 736 1594 828 1674; x_wconf 87' lang='lat' dir='ltr'>Quod</span> <span class='ocrx_word' id='word_1_95' title='bbox 851 1599 957 1659; x_wconf 85' lang='lat' dir='ltr'>tamen</span> <span class='ocrx_word' id='word_1_96' title='bbox 980 1594 1081 1658; x_wconf 86' lang='lat' dir='ltr'>futuri</span> <span class='ocrx_word' id='word_1_97' title='bbox 1104 1593 1178 1671; x_wconf 83' lang='lat' dir='ltr'>sint,</span> <span class='ocrx_word' id='word_1_98' title='bbox 1207 1613 1270 1658; x_wconf 90' lang='lat' dir='ltr'>nou</span> <span class='ocrx_word' id='word_1_99' title='bbox 1294 1598 1346 1657; x_wconf 83' lang='lat' dir='ltr'>est</span> <span class='ocrx_word' id='word_1_100' title='bbox 1369 1593 1489 1658; x_wconf 86' lang='lat' dir='ltr'>ambi-o</span> 
     </span>
     <span class='ocr_line' id='line_1_12' title="bbox 315 1680 1562 1785; baseline -0.003 -19"><span class='ocrx_word' id='word_1_101' title='bbox 315 1701 464 1785; x_wconf 85' lang='lat' dir='ltr'>gendum.</span> <span class='ocrx_word' id='word_1_102' title='bbox 496 1702 608 1783; x_wconf 81' lang='lat' dir='ltr'>Adque</span> <span class='ocrx_word' id='word_1_103' title='bbox 640 1700 673 1765; x_wconf 91' lang='lat' dir='ltr'>id</span> <span class='ocrx_word' id='word_1_104' title='bbox 707 1702 804 1766; x_wconf 88' lang='lat' dir='ltr'>etiam</span> <span class='ocrx_word' id='word_1_105' title='bbox 836 1701 930 1766; x_wconf 85' lang='lat' dir='ltr'>beata</span> <span class='ocrx_word' id='word_1_106' title='bbox 961 1701 1018 1766; x_wconf 86' lang='lat' dir='ltr'>illa</span> <span class='ocrx_word' id='word_1_107' title='bbox 1045 1700 1161 1765; x_wconf 83' lang='lat' dir='ltr'>ciuitas</span> <span class='ocrx_word' id='word_1_108' title='bbox 1189 1719 1343 1784; x_wconf 85' lang='lat' dir='ltr'>magnum</span> <span class='ocrx_word' id='word_1_109' title='bbox 1371 1700 1402 1763; x_wconf 92' lang='lat' dir='ltr'>in</span> <span class='ocrx_word' id='word_1_110' title='bbox 1429 1719 1457 1762; x_wconf 87' lang='lat' dir='ltr'>se</span> <span class='ocrx_word' id='word_1_111' title='bbox 1561 1680 1562 1751; x_wconf 59' lang='lat'>1</span> 
     </span>
     <span class='ocr_line' id='line_1_13' title="bbox 314 1806 1456 1890; baseline -0.003 -18"><span class='ocrx_word' id='word_1_112' title='bbox 314 1808 433 1874; x_wconf 90' lang='lat' dir='ltr'>bonum</span> <span class='ocrx_word' id='word_1_113' title='bbox 461 1808 593 1886; x_wconf 91' lang='lat' dir='ltr'>uidebit,</span> <span class='ocrx_word' id='word_1_114' title='bbox 623 1807 709 1889; x_wconf 91' lang='lat' dir='ltr'>quod</span> <span class='ocrx_word' id='word_1_115' title='bbox 736 1807 818 1872; x_wconf 89' lang='lat' dir='ltr'>nulli</span> <span class='ocrx_word' id='word_1_116' title='bbox 846 1806 1002 1890; x_wconf 86' lang='lat' dir='ltr'>superiori</span> <span class='ocrx_word' id='word_1_117' title='bbox 1029 1807 1116 1870; x_wconf 87' lang='lat' dir='ltr'>ullus</span> <span class='ocrx_word' id='word_1_118' title='bbox 1142 1807 1273 1871; x_wconf 82' lang='lat' dir='ltr'>interior</span> <span class='ocrx_word' id='word_1_119' title='bbox 1295 1806 1456 1886; x_wconf 87' lang='lat' dir='ltr'>inuidebit,</span> 
     </span>
     <span class='ocr_line' id='line_1_14' title="bbox 315 1910 1562 1998; baseline -0.004 -20"><span class='ocrx_word' id='word_1_120' title='bbox 315 1915 400 1978; x_wconf 85' lang='lat' dir='ltr'>sicut</span> <span class='ocrx_word' id='word_1_121' title='bbox 431 1933 515 1979; x_wconf 91' lang='lat' dir='ltr'>nunc</span> <span class='ocrx_word' id='word_1_122' title='bbox 546 1933 607 1978; x_wconf 91' lang='lat' dir='ltr'>non</span> <span class='ocrx_word' id='word_1_123' title='bbox 641 1913 784 1978; x_wconf 83' lang='lat' dir='ltr'>inuideat</span> <span class='ocrx_word' id='word_1_124' title='bbox 816 1913 1014 1998; x_wconf 82' lang='lat' dir='ltr'>archangelis</span> <span class='ocrx_word' id='word_1_125' title='bbox 1046 1913 1150 1996; x_wconf 88' lang='lat' dir='ltr'>angeli</span> <span class='ocrx_word' id='word_1_126' title='bbox 1182 1913 1296 1987; x_wconf 87' lang='lat' dir='ltr'>eeteri;</span> <span class='ocrx_word' id='word_1_127' title='bbox 1335 1916 1456 1992; x_wconf 86' lang='lat' dir='ltr'>tamque</span> <span class='ocrx_word' id='word_1_128' title='bbox 1561 1910 1562 1959; x_wconf 76' lang='grc' dir='ltr'>ἶ</span> 
     </span>
     <span class='ocr_line' id='line_1_15' title="bbox 313 2018 1455 2103; baseline -0.004 -19"><span class='ocrx_word' id='word_1_129' title='bbox 313 2022 401 2085; x_wconf 89' lang='lat' dir='ltr'>nolet</span> <span class='ocrx_word' id='word_1_130' title='bbox 428 2039 499 2086; x_wconf 81' lang='lat' dir='ltr'>ease</span> <span class='ocrx_word' id='word_1_131' title='bbox 528 2019 748 2102; x_wconf 84' lang='lat' dir='ltr'>unusquisque</span> <span class='ocrx_word' id='word_1_132' title='bbox 778 2019 861 2102; x_wconf 89' lang='lat' dir='ltr'>quod</span> <span class='ocrx_word' id='word_1_133' title='bbox 886 2039 948 2085; x_wconf 89' lang='lat' dir='ltr'>nou</span> <span class='ocrx_word' id='word_1_134' title='bbox 971 2021 1105 2103; x_wconf 88' lang='lat' dir='ltr'>accepit,</span> <span class='ocrx_word' id='word_1_135' title='bbox 1133 2018 1282 2102; x_wconf 85' lang='lat' dir='ltr'>quamuis</span> <span class='ocrx_word' id='word_1_136' title='bbox 1306 2018 1351 2082; x_wconf 88' lang='lat' dir='ltr'>sit</span> <span class='ocrx_word' id='word_1_137' title='bbox 1372 2035 1455 2100; x_wconf 88' lang='lat' dir='ltr'>paca·</span> 
     </span>
     <span class='ocr_line' id='line_1_16' title="bbox 314 2125 1562 2208; baseline -0.005 -18"><span class='ocrx_word' id='word_1_138' title='bbox 314 2126 440 2191; x_wconf 83' lang='lat' dir='ltr'>tissime</span> <span class='ocrx_word' id='word_1_139' title='bbox 475 2126 658 2192; x_wconf 79' lang='lat' dir='ltr'>concordiae</span> <span class='ocrx_word' id='word_1_140' title='bbox 690 2127 818 2192; x_wconf 87' lang='lat' dir='ltr'>uinculo</span> <span class='ocrx_word' id='word_1_141' title='bbox 852 2127 881 2190; x_wconf 91' lang='lat' dir='ltr'>ei</span> <span class='ocrx_word' id='word_1_142' title='bbox 910 2127 964 2208; x_wconf 88' lang='lat' dir='ltr'>qui</span> <span class='ocrx_word' id='word_1_143' title='bbox 992 2125 1116 2208; x_wconf 87' lang='lat' dir='ltr'>accepit</span> <span class='ocrx_word' id='word_1_144' title='bbox 1148 2125 1334 2201; x_wconf 80' lang='lat' dir='ltr'>obstrictus,</span> <span class='ocrx_word' id='word_1_145' title='bbox 1367 2143 1489 2205; x_wconf 79' lang='lat' dir='ltr'>quomo</span> <span class='ocrx_word' id='word_1_146' title='bbox 1561 2132 1562 2175; x_wconf 65' lang='lat' dir='ltr'>l</span> 
     </span>
     <span class='ocr_line' id='line_1_17' title="bbox 313 2231 1453 2316; baseline -0.003 -20"><span class='ocrx_word' id='word_1_147' title='bbox 313 2251 373 2298; x_wconf 89' lang='lat' dir='ltr'>neo</span> <span class='ocrx_word' id='word_1_148' title='bbox 400 2233 432 2298; x_wconf 92' lang='lat' dir='ltr'>in</span> <span class='ocrx_word' id='word_1_149' title='bbox 461 2252 591 2316; x_wconf 87' lang='lat' dir='ltr'>corporo</span> <span class='ocrx_word' id='word_1_150' title='bbox 619 2233 692 2297; x_wconf 89' lang='lat' dir='ltr'>uult</span> <span class='ocrx_word' id='word_1_151' title='bbox 718 2233 832 2298; x_wconf 82' lang='lat' dir='ltr'>oculus</span> <span class='ocrx_word' id='word_1_152' title='bbox 860 2253 931 2298; x_wconf 86' lang='lat' dir='ltr'>ease</span> <span class='ocrx_word' id='word_1_153' title='bbox 963 2233 1017 2315; x_wconf 91' lang='lat' dir='ltr'>qui</span> <span class='ocrx_word' id='word_1_154' title='bbox 1040 2236 1091 2298; x_wconf 88' lang='lat' dir='ltr'>eet</span> <span class='ocrx_word' id='word_1_155' title='bbox 1113 2231 1246 2315; x_wconf 73' lang='lat' dir='ltr'>digituS,</span> <span class='ocrx_word' id='word_1_156' title='bbox 1270 2249 1341 2295; x_wconf 91' lang='lat' dir='ltr'>cum</span> <span class='ocrx_word' id='word_1_157' title='bbox 1364 2249 1453 2294; x_wconf 87' lang='lat' dir='ltr'>mem·</span> 
     </span>
     <span class='ocr_line' id='line_1_18' title="bbox 313 2334 1562 2422; baseline -0.005 -18"><span class='ocrx_word' id='word_1_158' title='bbox 313 2339 405 2404; x_wconf 90' lang='lat' dir='ltr'>brum</span> <span class='ocrx_word' id='word_1_159' title='bbox 433 2343 604 2422; x_wconf 90' lang='lat' dir='ltr'>utrumque</span> <span class='ocrx_word' id='word_1_160' title='bbox 634 2340 793 2404; x_wconf 88' lang='lat' dir='ltr'>contiueat</span> <span class='ocrx_word' id='word_1_161' title='bbox 820 2340 921 2404; x_wconf 89' lang='lat' dir='ltr'>totius</span> <span class='ocrx_word' id='word_1_162' title='bbox 949 2339 1052 2404; x_wconf 80' lang='lat' dir='ltr'>carnis</span> <span class='ocrx_word' id='word_1_163' title='bbox 1080 2342 1193 2421; x_wconf 83' lang='lat' dir='ltr'>pacata</span> <span class='ocrx_word' id='word_1_164' title='bbox 1223 2356 1376 2421; x_wconf 83' lang='lat' dir='ltr'>eonpago.</span> <span class='ocrx_word' id='word_1_165' title='bbox 1406 2335 1452 2401; x_wconf 90' lang='lat' dir='ltr'>Sic</span> <span class='ocrx_word' id='word_1_166' title='bbox 1561 2334 1562 2367; x_wconf 67' lang='lat'>³</span> 
     </span>
     <span class='ocr_line' id='line_1_19' title="bbox 313 2442 1562 2533; baseline -0.002 -25"><span class='ocrx_word' id='word_1_167' title='bbox 313 2446 421 2528; x_wconf 90' lang='lat' dir='ltr'>itaque</span> <span class='ocrx_word' id='word_1_168' title='bbox 449 2445 580 2510; x_wconf 91' lang='lat' dir='ltr'>habebit</span> <span class='ocrx_word' id='word_1_169' title='bbox 611 2445 728 2509; x_wconf 89' lang='lat' dir='ltr'>donum</span> <span class='ocrx_word' id='word_1_170' title='bbox 761 2445 843 2509; x_wconf 87' lang='lat' dir='ltr'>alius</span> <span class='ocrx_word' id='word_1_171' title='bbox 876 2446 939 2511; x_wconf 88' lang='lat' dir='ltr'>alio</span> <span class='ocrx_word' id='word_1_172' title='bbox 966 2445 1083 2520; x_wconf 79' lang='lat' dir='ltr'>minuo,</span> <span class='ocrx_word' id='word_1_173' title='bbox 1111 2449 1148 2510; x_wconf 90' lang='lat' dir='ltr'>ut</span> <span class='ocrx_word' id='word_1_174' title='bbox 1169 2445 1232 2510; x_wconf 91' lang='lat' dir='ltr'>hoc</span> <span class='ocrx_word' id='word_1_175' title='bbox 1259 2463 1382 2527; x_wconf 89' lang='lat' dir='ltr'>quoqne</span> <span class='ocrx_word' id='word_1_176' title='bbox 1403 2442 1449 2506; x_wconf 90' lang='lat' dir='ltr'>do·</span> <span class='ocrx_word' id='word_1_177' title='bbox 1561 2464 1562 2533; x_wconf 66' lang='lat' dir='ltr'>r</span> 
     </span>
     <span class='ocr_line' id='line_1_20' title="bbox 314 2551 878 2634; baseline 0 -19"><span class='ocrx_word' id='word_1_178' title='bbox 314 2571 390 2615; x_wconf 91' lang='lat' dir='ltr'>num</span> <span class='ocrx_word' id='word_1_179' title='bbox 414 2552 539 2628; x_wconf 89' lang='lat' dir='ltr'>habeat,</span> <span class='ocrx_word' id='word_1_180' title='bbox 563 2571 601 2616; x_wconf 90' lang='lat' dir='ltr'>ne</span> <span class='ocrx_word' id='word_1_181' title='bbox 624 2551 705 2616; x_wconf 90' lang='lat' dir='ltr'>uelit</span> <span class='ocrx_word' id='word_1_182' title='bbox 729 2553 878 2634; x_wconf 85' lang='lat' dir='ltr'>amplius.</span> 
     </span>
     <span class='ocr_line' id='line_1_21' title="bbox 358 2654 1562 2740; baseline -0.006 -19"><span class='ocrx_word' id='word_1_183' title='bbox 358 2655 425 2722; x_wconf 90' lang='lat' dir='ltr'>Nee</span> <span class='ocrx_word' id='word_1_184' title='bbox 457 2657 528 2722; x_wconf 90' lang='lat' dir='ltr'>ideo</span> <span class='ocrx_word' id='word_1_185' title='bbox 559 2657 697 2722; x_wconf 89' lang='lat' dir='ltr'>liberum</span> <span class='ocrx_word' id='word_1_186' title='bbox 729 2657 895 2723; x_wconf 85' lang='lat' dir='ltr'>arbitrium</span> <span class='ocrx_word' id='word_1_187' title='bbox 928 2676 989 2723; x_wconf 91' lang='lat' dir='ltr'>non</span> <span class='ocrx_word' id='word_1_188' title='bbox 1022 2658 1194 2739; x_wconf 87' lang='lat' dir='ltr'>habebunt,</span> <span class='ocrx_word' id='word_1_189' title='bbox 1226 2657 1303 2740; x_wconf 89' lang='lat' dir='ltr'>quia</span> <span class='ocrx_word' id='word_1_190' title='bbox 1332 2657 1482 2740; x_wconf 71' lang='lat' dir='ltr'>peccabo</span> <span class='ocrx_word' id='word_1_191' title='bbox 1561 2654 1562 2697; x_wconf 72' lang='lat' dir='ltr'>l</span> 
     </span>
     <span class='ocr_line' id='line_1_22' title="bbox 312 2761 1562 2848; baseline -0.003 -21"><span class='ocrx_word' id='word_1_192' title='bbox 312 2782 366 2828; x_wconf 82' lang='lat' dir='ltr'>eos</span> <span class='ocrx_word' id='word_1_193' title='bbox 386 2763 541 2828; x_wconf 85' lang='lat' dir='ltr'>delectare</span> <span class='ocrx_word' id='word_1_194' title='bbox 560 2783 621 2828; x_wconf 90' lang='lat' dir='ltr'>non</span> <span class='ocrx_word' id='word_1_195' title='bbox 640 2767 801 2848; x_wconf 91' lang='lat' dir='ltr'>poterunt.</span> <span class='ocrx_word' id='word_1_196' title='bbox 825 2765 930 2848; x_wconf 86' lang='lat' dir='ltr'>Magis</span> <span class='ocrx_word' id='word_1_197' title='bbox 950 2766 1068 2848; x_wconf 84' lang='lat' dir='ltr'>quippe</span> <span class='ocrx_word' id='word_1_198' title='bbox 1087 2765 1148 2829; x_wconf 89' lang='lat' dir='ltr'>erit</span> <span class='ocrx_word' id='word_1_199' title='bbox 1164 2764 1303 2830; x_wconf 90' lang='lat' dir='ltr'>liberum</span> <span class='ocrx_word' id='word_1_200' title='bbox 1322 2784 1340 2829; x_wconf 85' lang='lat' dir='ltr'>a</span> <span class='ocrx_word' id='word_1_201' title='bbox 1357 2761 1445 2826; x_wconf 88' lang='lat' dir='ltr'>delec-</span> <span class='ocrx_word' id='word_1_202' title='bbox 1561 2784 1562 2839; x_wconf 55' lang='lat' dir='ltr'><strong><em>g</em></strong></span> 
     </span>
     <span class='ocr_line' id='line_1_23' title="bbox 315 2867 1562 2954; baseline -0.002 -21"><span class='ocrx_word' id='word_1_203' title='bbox 315 2869 433 2934; x_wconf 87' lang='lat' dir='ltr'>tatione</span> <span class='ocrx_word' id='word_1_204' title='bbox 461 2869 613 2950; x_wconf 88' lang='lat' dir='ltr'>peccandi</span> <span class='ocrx_word' id='word_1_205' title='bbox 641 2889 744 2952; x_wconf 87' lang='lat' dir='ltr'>usque</span> <span class='ocrx_word' id='word_1_206' title='bbox 772 2871 813 2934; x_wconf 91' lang='lat' dir='ltr'>ad</span> <span class='ocrx_word' id='word_1_207' title='bbox 836 2871 1076 2936; x_wconf 84' lang='lat' dir='ltr'>delectationem</span> <span class='ocrx_word' id='word_1_208' title='bbox 1099 2890 1161 2937; x_wconf 92' lang='lat' dir='ltr'>non</span> <span class='ocrx_word' id='word_1_209' title='bbox 1193 2869 1345 2954; x_wconf 88' lang='lat' dir='ltr'>peccandi</span> <span class='ocrx_word' id='word_1_210' title='bbox 1371 2867 1446 2932; x_wconf 81' lang='lat' dir='ltr'>inde</span> <span class='ocrx_word' id='word_1_211' title='bbox 1561 2888 1562 2891; x_wconf 44' lang='lat'>¹</span> 
     </span>
     <span class='ocr_line' id='line_1_24' title="bbox 314 2971 1562 3060; baseline -0.003 -20"><span class='ocrx_word' id='word_1_212' title='bbox 314 2976 495 3040; x_wconf 89' lang='lat' dir='ltr'>clinabilem</span> <span class='ocrx_word' id='word_1_213' title='bbox 523 2976 703 3041; x_wconf 88' lang='lat' dir='ltr'>liberatum.</span> <span class='ocrx_word' id='word_1_214' title='bbox 731 2977 814 3042; x_wconf 90' lang='lat' dir='ltr'>Nam</span> <span class='ocrx_word' id='word_1_215' title='bbox 842 2979 980 3060; x_wconf 85' lang='lat' dir='ltr'>primum</span> <span class='ocrx_word' id='word_1_216' title='bbox 1006 2978 1141 3042; x_wconf 91' lang='lat' dir='ltr'>liberum</span> <span class='ocrx_word' id='word_1_217' title='bbox 1171 2977 1348 3056; x_wconf 86' lang='lat' dir='ltr'>arbitrium,</span> <span class='ocrx_word' id='word_1_218' title='bbox 1373 2971 1445 3056; x_wconf 87' lang='lat' dir='ltr'>quod</span> <span class='ocrx_word' id='word_1_219' title='bbox 1561 3050 1562 3053; x_wconf 8' lang='grc' dir='ltr'><strong>Ἴ</strong></span> 
     </span>
     <span class='ocr_line' id='line_1_25' title="bbox 313 3079 1562 3167; baseline -0.005 -21"><span class='ocrx_word' id='word_1_220' title='bbox 313 3083 433 3148; x_wconf 89' lang='lat' dir='ltr'>homini</span> <span class='ocrx_word' id='word_1_221' title='bbox 457 3082 565 3147; x_wconf 89' lang='lat' dir='ltr'>datum</span> <span class='ocrx_word' id='word_1_222' title='bbox 590 3087 650 3162; x_wconf 87' lang='lat' dir='ltr'>est,</span> <span class='ocrx_word' id='word_1_223' title='bbox 680 3083 805 3165; x_wconf 89' lang='lat' dir='ltr'>quando</span> <span class='ocrx_word' id='word_1_224' title='bbox 829 3085 967 3167; x_wconf 87' lang='lat' dir='ltr'>primum</span> <span class='ocrx_word' id='word_1_225' title='bbox 992 3088 1117 3149; x_wconf 85' lang='lat' dir='ltr'>creatus</span> <span class='ocrx_word' id='word_1_226' title='bbox 1141 3089 1193 3149; x_wconf 86' lang='lat' dir='ltr'>eet</span> <span class='ocrx_word' id='word_1_227' title='bbox 1214 3088 1332 3162; x_wconf 85' lang='lat' dir='ltr'>rectus,</span> <span class='ocrx_word' id='word_1_228' title='bbox 1353 3079 1446 3166; x_wconf 84' lang='lat' dir='ltr'>potuit</span> <span class='ocrx_word' id='word_1_229' title='bbox 1561 3084 1562 3093; x_wconf 78' lang='grc'>’</span> 
     </span>
     <span class='ocr_line' id='line_1_26' title="bbox 313 3189 1478 3273; baseline -0.005 -19"><span class='ocrx_word' id='word_1_230' title='bbox 313 3207 374 3254; x_wconf 89' lang='lat' dir='ltr'>nou</span> <span class='ocrx_word' id='word_1_231' title='bbox 401 3208 542 3272; x_wconf 88' lang='lat' dir='ltr'>peecare,</span> <span class='ocrx_word' id='word_1_232' title='bbox 571 3189 628 3254; x_wconf 86' lang='lat' dir='ltr'>sed</span> <span class='ocrx_word' id='word_1_233' title='bbox 655 3190 762 3273; x_wconf 90' lang='lat' dir='ltr'>potuit</span> <span class='ocrx_word' id='word_1_234' title='bbox 789 3193 822 3253; x_wconf 90' lang='lat' dir='ltr'>et</span> <span class='ocrx_word' id='word_1_235' title='bbox 848 3209 993 3273; x_wconf 87' lang='lat' dir='ltr'>peecare;</span> <span class='ocrx_word' id='word_1_236' title='bbox 1020 3191 1081 3255; x_wconf 93' lang='lat' dir='ltr'>hoo</span> <span class='ocrx_word' id='word_1_237' title='bbox 1108 3193 1216 3255; x_wconf 88' lang='lat' dir='ltr'>autem</span> <span class='ocrx_word' id='word_1_238' title='bbox 1248 3189 1478 3256; x_wconf 71' lang='lat' dir='ltr'>nouissimuma</span> 
     </span>
    </p>
   </div>
   <div class='ocr_carea' id='block_1_3' title="bbox 314 3295 1444 3379">
    <p class='ocr_par' dir='ltr' id='par_1_3' title="bbox 314 3295 1444 3379">
     <span class='ocr_line' id='line_1_27' title="bbox 314 3295 1444 3379; baseline -0.003 -21"><span class='ocrx_word' id='word_1_239' title='bbox 314 3314 350 3358; x_wconf 91' lang='lat' dir='ltr'>eo</span> <span class='ocrx_word' id='word_1_240' title='bbox 374 3295 537 3376; x_wconf 88' lang='lat' dir='ltr'>potentius</span> <span class='ocrx_word' id='word_1_241' title='bbox 562 3295 631 3374; x_wconf 89' lang='lat' dir='ltr'>erit,</span> <span class='ocrx_word' id='word_1_242' title='bbox 656 3315 718 3378; x_wconf 91' lang='lat' dir='ltr'>quo</span> <span class='ocrx_word' id='word_1_243' title='bbox 737 3314 869 3379; x_wconf 82' lang='lat' dir='ltr'>peccare</span> <span class='ocrx_word' id='word_1_244' title='bbox 888 3315 948 3361; x_wconf 90' lang='lat' dir='ltr'>uon</span> <span class='ocrx_word' id='word_1_245' title='bbox 967 3297 1100 3379; x_wconf 82' lang='lat' dir='ltr'>poterit3</span> <span class='ocrx_word' id='word_1_246' title='bbox 1125 3317 1238 3362; x_wconf 84' lang='lat' dir='ltr'>uerrrm</span> <span class='ocrx_word' id='word_1_247' title='bbox 1256 3298 1316 3362; x_wconf 92' lang='lat' dir='ltr'>hoc</span> <span class='ocrx_word' id='word_1_248' title='bbox 1334 3310 1444 3379; x_wconf 86' lang='lat' dir='ltr'>quoque</span> 
     </span>
    </p>
   </div>
   <div class='ocr_carea' id='block_1_4' title="bbox 402 3554 661 3620">
    <p class='ocr_par' dir='ltr' id='par_1_4' title="bbox 402 3554 661 3620">
     <span class='ocr_line' id='line_1_28' title="bbox 402 3554 661 3620; baseline -0.004 -10"><span class='ocrx_word' id='word_1_249' title='bbox 402 3556 418 3610; x_wconf 89' lang='lat'><strong>3</strong></span> <span class='ocrx_word' id='word_1_250' title='bbox 439 3556 462 3608; x_wconf 95' lang='lat'>1.</span> <span class='ocrx_word' id='word_1_251' title='bbox 483 3554 543 3610; x_wconf 84' lang='lat' dir='ltr'>Cor.</span> <span class='ocrx_word' id='word_1_252' title='bbox 565 3556 606 3620; x_wconf 88' lang='lat'>15,</span> <span class='ocrx_word' id='word_1_253' title='bbox 626 3556 661 3609; x_wconf 80' lang='lat'>28</span> 
     </span>
    </p>
   </div>
   <div class='ocr_carea' id='block_1_5' title="bbox 312 3693 1445 4069">
    <p class='ocr_par' dir='ltr' id='par_1_5' title="bbox 312 3693 1445 4069">
     <span class='ocr_line' id='line_1_29' title="bbox 350 3693 1443 3769; baseline -0.003 -19"><span class='ocrx_word' id='word_1_254' title='bbox 350 3697 508 3751; x_wconf 86' lang='lat' dir='ltr'>luirtueb</span> <span class='ocrx_word' id='word_1_255' title='bbox 580 3698 639 3751; x_wconf 83' lang='lat' dir='ltr'>2ai</span> <span class='ocrx_word' id='word_1_256' title='bbox 659 3699 765 3752; x_wconf 85' lang='lat' dir='ltr'>enimb</span> <span class='ocrx_word' id='word_1_257' title='bbox 834 3699 943 3769; x_wconf 73' lang='lat' dir='ltr'>tirel,</span> <span class='ocrx_word' id='word_1_258' title='bbox 963 3718 976 3753; x_wconf 82' lang='lat' dir='ltr'>e</span> <span class='ocrx_word' id='word_1_259' title='bbox 995 3699 1101 3754; x_wconf 76' lang='lat' dir='ltr'>erocb</span> <span class='ocrx_word' id='word_1_260' title='bbox 1175 3693 1443 3767; x_wconf 67' lang='lat' dir='ltr'>outmwaame</span> 
     </span>
     <span class='ocr_line' id='line_1_30' title="bbox 312 3786 1445 3844; baseline -0.004 -4"><span class='ocrx_word' id='word_1_261' title='bbox 312 3786 400 3840; x_wconf 66' lang='lat' dir='ltr'>orob</span> <span class='ocrx_word' id='word_1_262' title='bbox 450 3787 623 3840; x_wconf 78' lang='lat' dir='ltr'>Seertnme</span> <span class='ocrx_word' id='word_1_263' title='bbox 677 3790 779 3841; x_wconf 84' lang='lat' dir='ltr'>sunto</span> <span class='ocrx_word' id='word_1_264' title='bbox 831 3786 861 3840; x_wconf 96' lang='lat' dir='ltr'>ll</span> <span class='ocrx_word' id='word_1_265' title='bbox 883 3788 959 3844; x_wconf 84' lang='lat' dir='ltr'>cluit.</span> <span class='ocrx_word' id='word_1_266' title='bbox 978 3789 1061 3844; x_wconf 81' lang='lat' dir='ltr'>illao</span> <span class='ocrx_word' id='word_1_267' title='bbox 1112 3789 1146 3842; x_wconf 84' lang='lat'>12</span> <span class='ocrx_word' id='word_1_268' title='bbox 1164 3787 1288 3842; x_wconf 86' lang='lat' dir='ltr'>nullueb</span> <span class='ocrx_word' id='word_1_269' title='bbox 1336 3786 1445 3839; x_wconf 68' lang='lat' dir='ltr'>litam·</span> 
     </span>
     <span class='ocr_line' id='line_1_31' title="bbox 313 3867 1445 3946; baseline -0.002 -19"><span class='ocrx_word' id='word_1_270' title='bbox 313 3875 428 3942; x_wconf 83' lang='lat' dir='ltr'>quemb</span> <span class='ocrx_word' id='word_1_271' title='bbox 485 3875 518 3928; x_wconf 81' lang='lat'>14</span> <span class='ocrx_word' id='word_1_272' title='bbox 537 3875 667 3941; x_wconf 48' lang='lat' dir='ltr'>nollet,e;</span> <span class='ocrx_word' id='word_1_273' title='bbox 686 3875 793 3929; x_wconf 88' lang='lat' dir='ltr'>nolitb</span> <span class='ocrx_word' id='word_1_274' title='bbox 858 3877 930 3946; x_wconf 89' lang='lat' dir='ltr'>quod</span> <span class='ocrx_word' id='word_1_275' title='bbox 947 3893 999 3931; x_wconf 87' lang='lat' dir='ltr'>om.</span> <span class='ocrx_word' id='word_1_276' title='bbox 1020 3877 1048 3930; x_wconf 88' lang='lat' dir='ltr'>b¹</span> <span class='ocrx_word' id='word_1_277' title='bbox 1112 3877 1239 3946; x_wconf 80' lang='lat' dir='ltr'>quamuis</span> <span class='ocrx_word' id='word_1_278' title='bbox 1250 3915 1343 3932; x_wconf 91' lang='grc'><strong><em>......</em></strong></span> <span class='ocrx_word' id='word_1_279' title='bbox 1353 3867 1445 3938; x_wconf 80' lang='lat' dir='ltr'>aceepit</span> 
     </span>
     <span class='ocr_line' id='line_1_32' title="bbox 313 3961 1445 4069; baseline -0.004 -53"><span class='ocrx_word' id='word_1_280' title='bbox 313 3979 364 4016; x_wconf 80' lang='lat' dir='ltr'>orn.</span> <span class='ocrx_word' id='word_1_281' title='bbox 384 3981 398 4018; x_wconf 84' lang='lat' dir='ltr'>e</span> <span class='ocrx_word' id='word_1_282' title='bbox 496 3963 533 4016; x_wconf 90' lang='lat' dir='ltr'>sit</span> <span class='ocrx_word' id='word_1_283' title='bbox 552 3979 602 4017; x_wconf 78' lang='lat' dir='ltr'>ono.</span> <span class='ocrx_word' id='word_1_284' title='bbox 623 3964 638 4016; x_wconf 89' lang='lat' dir='ltr'>b</span> <span class='ocrx_word' id='word_1_285' title='bbox 734 3965 908 4034; x_wconf 75' lang='lat' dir='ltr'>pacatissimo</span> <span class='ocrx_word' id='word_1_286' title='bbox 928 3967 1012 4032; x_wconf 87' lang='lat' dir='ltr'>abo;</span> <span class='ocrx_word' id='word_1_287' title='bbox 1029 3965 1204 4036; x_wconf 77' lang='lat' dir='ltr'>pacatissime</span> <span class='ocrx_word' id='word_1_288' title='bbox 1222 3983 1252 4036; x_wconf 85' lang='grc' dir='ltr'>ρ,·</span> <span class='ocrx_word' id='word_1_289' title='bbox 1269 3961 1445 4069; x_wconf 51' lang='lat' dir='ltr'>pacatissimae</span> 
     </span>
    </p>
   </div>
   <div class='ocr_carea' id='block_1_6' title="bbox 311 4073 1445 4416">
    <p class='ocr_par' dir='ltr' id='par_1_6' title="bbox 311 4073 1445 4416">
     <span class='ocr_line' id='line_1_33' title="bbox 311 4073 1445 4151; baseline -0.002 -19"><span class='ocrx_word' id='word_1_290' title='bbox 311 4078 411 4134; x_wconf 81' lang='lat' dir='ltr'>Domo.</span> <span class='ocrx_word' id='word_1_291' title='bbox 505 4079 537 4132; x_wconf 88' lang='lat'>15</span> <span class='ocrx_word' id='word_1_292' title='bbox 556 4080 592 4149; x_wconf 91' lang='lat' dir='ltr'>ei]</span> <span class='ocrx_word' id='word_1_293' title='bbox 613 4079 676 4133; x_wconf 79' lang='lat' dir='ltr'>etl&gt;</span> <span class='ocrx_word' id='word_1_294' title='bbox 768 4081 860 4150; x_wconf 89' lang='lat' dir='ltr'>quam]</span> <span class='ocrx_word' id='word_1_295' title='bbox 880 4083 960 4150; x_wconf 87' lang='lat' dir='ltr'>quie</span> <span class='ocrx_word' id='word_1_296' title='bbox 1055 4082 1089 4136; x_wconf 88' lang='grc'>16</span> <span class='ocrx_word' id='word_1_297' title='bbox 1108 4085 1151 4136; x_wconf 84' lang='lat' dir='ltr'>est</span> <span class='ocrx_word' id='word_1_298' title='bbox 1169 4081 1286 4151; x_wconf 77' lang='lat' dir='ltr'>digitur]</span> <span class='ocrx_word' id='word_1_299' title='bbox 1305 4073 1445 4150; x_wconf 73' lang='lat' dir='ltr'>adigituslt</span> 
     </span>
     <span class='ocr_line' id='line_1_34' title="bbox 314 4161 1444 4240; baseline 0.003 -20"><span class='ocrx_word' id='word_1_300' title='bbox 314 4168 346 4220; x_wconf 80' lang='lat'>17</span> <span class='ocrx_word' id='word_1_301' title='bbox 366 4167 610 4236; x_wconf 63' lang='lat' dir='ltr'>carrinatem</span> <span class='ocrx_word' id='word_1_302' title='bbox 628 4169 899 4240; x_wconf 81' lang='lat' dir='ltr'>eorporiapDomb.</span> <span class='ocrx_word' id='word_1_303' title='bbox 991 4171 1024 4225; x_wconf 88' lang='lat'>18</span> <span class='ocrx_word' id='word_1_304' title='bbox 1043 4170 1113 4224; x_wconf 77' lang='lat' dir='ltr'>aliua</span> <span class='ocrx_word' id='word_1_305' title='bbox 1130 4169 1334 4225; x_wconf 55' lang='lat' dir='ltr'>maecum</span> <span class='ocrx_word' id='word_1_306' title='bbox 1352 4161 1444 4223; x_wconf 68' lang='lat' dir='ltr'>corr-l</span> 
     </span>
     <span class='ocr_line' id='line_1_35' title="bbox 314 4251 1444 4325; baseline 0.002 -16"><span class='ocrx_word' id='word_1_307' title='bbox 314 4256 347 4310; x_wconf 88' lang='lat'>19</span> <span class='ocrx_word' id='word_1_308' title='bbox 366 4273 415 4309; x_wconf 88' lang='lat' dir='ltr'>nec</span> <span class='ocrx_word' id='word_1_309' title='bbox 434 4254 460 4325; x_wconf 83' lang='lat' dir='ltr'>p¹</span> <span class='ocrx_word' id='word_1_310' title='bbox 514 4257 547 4310; x_wconf 81' lang='lat'>21</span> <span class='ocrx_word' id='word_1_311' title='bbox 569 4273 637 4310; x_wconf 78' lang='lat' dir='ltr'>aea</span> <span class='ocrx_word' id='word_1_312' title='bbox 655 4260 684 4310; x_wconf 90' lang='lat' dir='ltr'>et</span> <span class='ocrx_word' id='word_1_313' title='bbox 702 4273 770 4312; x_wconf 79' lang='lat' dir='ltr'>corr.</span> <span class='ocrx_word' id='word_1_314' title='bbox 791 4257 821 4323; x_wconf 84' lang='lat' dir='ltr'>b,·</span> <span class='ocrx_word' id='word_1_315' title='bbox 840 4275 930 4312; x_wconf 70' lang='lat' dir='ltr'>orreo</span> <span class='ocrx_word' id='word_1_316' title='bbox 983 4260 1019 4313; x_wconf 84' lang='lat'>22</span> <span class='ocrx_word' id='word_1_317' title='bbox 1037 4259 1290 4314; x_wconf 73' lang='lat' dir='ltr'>indeclinabilebe</span> <span class='ocrx_word' id='word_1_318' title='bbox 1348 4251 1444 4322; x_wconf 63' lang='grc' dir='ltr'><strong>231)ιὶ-</strong></span> 
     </span>
     <span class='ocr_line' id='line_1_36' title="bbox 313 4344 768 4416; baseline 0.009 -21"><span class='ocrx_word' id='word_1_319' title='bbox 313 4359 385 4396; x_wconf 92' lang='lat' dir='ltr'>mum</span> <span class='ocrx_word' id='word_1_320' title='bbox 407 4344 512 4410; x_wconf 65' lang='lat' dir='ltr'>ubera·</span> <span class='ocrx_word' id='word_1_321' title='bbox 530 4345 615 4414; x_wconf 88' lang='lat' dir='ltr'>primo</span> <span class='ocrx_word' id='word_1_322' title='bbox 636 4363 650 4416; x_wconf 87' lang='grc' dir='ltr'>ρ</span> <span class='ocrx_word' id='word_1_323' title='bbox 668 4346 768 4401; x_wconf 87' lang='lat' dir='ltr'>Domb.</span> 
     </span>
    </p>
   </div>
   <div class='ocr_carea' id='block_1_7' title="bbox 0 0 1600 4959">
    <p class='ocr_par' dir='ltr' id='par_1_7' title="bbox 0 0 1600 4959">
     <span class='ocr_line' id='line_1_37' title="bbox 0 0 1600 4959; baseline 0 0"><span class='ocrx_word' id='word_1_324' title='bbox 0 0 1600 4959; x_wconf 95' lang='lat' dir='ltr'> </span> 
     </span>
    </p>
   </div>
  </div>
 </body>
</html>
