3192 4959
319 444 369 497 De
398 445 571 499 ciuitate
601 444 661 499 dei
689 444 755 499 lib.
779 445 881 499 XVIII.
906 462 980 516 cap.
1005 446 1048 501 53.
1078 447 1121 499 54.
1225 450 1290 514 359

136 642 301 721 postremo
329 643 379 703 est
407 639 495 717 deus,
525 659 586 704 non
614 642 723 705 noster
750 640 873 722 utique,
904 640 958 704 sed
983 639 1136 723 ipsorum,
1160 642 1214 725 qui
1239 643 1292 707 uel

136 746 276 809 inlectus
307 748 398 809 tanto
425 745 544 809 scelere
576 747 630 810 uel
661 745 809 827 inpulsus
837 748 888 809 est
914 746 977 811 ista
1004 752 1186 829 praestare?
1219 748 1289 813 Non

137 852 222 915 enirn
246 852 344 916 alicui
367 852 523 930 daemoni,
547 852 604 917 sed
627 852 685 917 deo
715 852 826 917 dicunt
848 852 897 917 illi
921 872 1033 919 uersus
1057 854 1135 919 haec
1159 856 1290 920 Petmm

137 964 204 1022 arte
238 958 364 1043 magica
396 958 553 1024 definisse.
591 960 700 1023 Talem
738 959 832 1023 deum
871 959 997 1035 habent,
1035 960 1088 1043 qui
1127 962 1289 1027 Christum

107 1084 199 1129 enon
224 1064 352 1129 hahent.

585 1257 722 1325 cuPuu
744 1260 844 1323 LIIII.

137 1400 188 1463 lle
208 1400 445 1469 stultissimo
464 1401 657 1466 mendacio
676 1421 916 1486 paganorum,
937 1421 1007 1485 quo
1028 1400 1287 1467 Christianam

136 1506 362 1591 religionem
404 1527 474 1571 nou
516 1508 620 1572 ultra
654 1512 847 1573 trecentos
886 1509 1083 1593 sexaginta
1120 1509 1290 1591 quinque

374 1634 488 1678 annos
513 1633 724 1678 mansuram
749 1634 830 1679 esse
855 1614 1057 1680 finxerunt.

96 1780 118 1817 ιο
179 1756 271 1820 Haec
296 1756 396 1837 adque
420 1755 624 1821 huiusmodi
646 1757 750 1821 multa
768 1757 963 1841 colligerem,
984 1758 1011 1823 si
1030 1758 1170 1822 nondum
1189 1777 1289 1823 annus

134 1865 204 1947 ipse
229 1864 410 1939 transisset,
435 1882 530 1945 quem
554 1862 707 1929 diuinatio
731 1862 807 1928 ficta
829 1863 977 1946 promisit
1000 1866 1032 1928 et
1056 1864 1186 1947 decepta
1204 1864 1291 1927 uani-

135 1974 184 2034 tas
214 1970 360 2035 credidit.
397 1970 476 2035 Cum
505 1989 593 2045 uero,
628 1989 664 2034 er
692 1990 753 2053 qno
782 1970 919 2035 nominis
949 1968 1069 2035 Christi
1098 1972 1205 2036 cultus
1235 1988 1291 2053 per

136 2078 205 2141 eius
229 2078 262 2140 in
287 2096 378 2141 carne
396 2076 608 2159 praesentiam
629 2080 661 2141 et
679 2096 734 2160 per
753 2078 915 2159 apostolos
938 2076 1107 2142 institutus
1133 2082 1193 2155 est,
1219 2081 1290 2143 ante

134 2184 259 2266 aliquot
291 2203 389 2248 annos
422 2184 495 2248 anni
527 2184 660 2248 trecenti
689 2184 850 2267 sexaginta
879 2184 1015 2266 quinque
1046 2184 1185 2266 conpleti
1214 2184 1289 2261 sint,

94 2314 116 2352 a
136 2291 213 2373 quid
243 2290 331 2354 aliud
360 2291 551 2373 quaerimus,
580 2289 663 2354 unde
690 2291 754 2354 hsta
776 2290 901 2355 falsitas
926 2290 1109 2355 refellatur?
1137 2292 1182 2357 Ut
1206 2291 1289 2355 enirn

135 2399 164 2461 in
200 2396 323 2463 Christi
355 2398 523 2462 natiuitate
555 2398 652 2461 huius
685 2397 730 2461 rei
762 2418 823 2461 non
857 2415 1012 2479 ponamus
1044 2397 1182 2474 initium,
1217 2396 1291 2480 qnia

134 2506 239 2569 infans
271 2509 304 2569 et
329 2523 409 2587 puer
436 2504 611 2587 discipulos
635 2524 696 2568 non
720 2504 866 2579 habebat,
896 2508 1001 2568 tamen
1026 2505 1149 2587 quando
1174 2504 1289 2569 habere

135 2612 253 2695 coepit.
283 2613 394 2693 procul
422 2612 519 2677 dubio
547 2615 623 2676 tunc
648 2612 788 2675 innotuit
810 2630 867 2694 per
890 2612 959 2675 eius
984 2612 1177 2695 corporalem
1202 2630 1289 2693 prae-

133 2718 275 2783 sentiam
309 2718 452 2783 doctn'na
485 2721 516 2782 et
548 2717 660 2801 religio
695 2716 885 2795 Christiana,
913 2717 945 2780 id
971 2720 1030 2793 cst,
1058 2720 1288 2800 posteaquam

92 2846 116 2886 ao
133 2826 164 2889 iu
194 2826 297 2890 fluuio
325 2826 457 2890 Iordane
485 2823 661 2889 ministerio
689 2824 839 2889 Iohannis
865 2829 914 2890 est
937 2824 1127 2906 baptizatus.
1156 2824 1290 2906 Propter

132 2934 192 2997 hoe
225 2933 310 2997 enim
340 2933 378 2996 de
405 2932 461 2996 illo
490 2932 655 3013 prophetia
682 2932 738 2996 illa
765 2933 996 3014 praecesserat:
1026 2930 1291 2995 Dominabitur

132 3060 150 3104 a
178 3039 276 3103 mari
305 3058 424 3121 usque
453 3038 496 3101 ad
524 3056 624 3101 mare
654 3040 690 3102 et
718 3057 736 3101 a
763 3038 923 3101 flumine
952 3056 1070 3120 usque
1099 3036 1142 3101 ad
1166 3035 1289 3101 termi-

132 3166 199 3211 nos
230 3146 336 3210 orbis
364 3149 495 3209 terrae.
521 3144 583 3209 Sed
608 3144 766 3226 quoniam,
790 3144 976 3227 priusquam
1004 3163 1119 3226 passus
1150 3145 1235 3207 esset
1259 3146 1292 3207 et

130 3252 362 3318 resurrexisset
386 3270 404 3314 a
425 3252 572 3327 mortuis,
600 3251 740 3315 noudum
764 3250 843 3314 fides
868 3249 1014 3314 omnibus
1038 3250 1142 3314 lauerat
1161 3250 1291 3313 definita

89 3382 113 3421 a
132 3363 178 3445 tiu
208 3359 441 3424 resurrectione
470 3358 587 3441 quippe
613 3358 730 3424 Christi
760 3356 889 3421 definita
914 3359 972 3435 est,
998 3376 1070 3421 nanr
1095 3358 1141 3422 sic
1165 3362 1290 3439 aposto-

130 3469 183 3533 lus
207 3468 333 3531 Paulus
357 3466 605 3530 Atheniensibus
623 3465 767 3547 loquitur
786 3464 908 3528 ditans:
934 3463 1008 3527 Iam
1034 3483 1131 3529 urrnc
1155 3464 1290 3527 adnun-

131 3576 209 3639 tiat
235 3573 455 3637 hominibus
485 3590 610 3636 omnes
634 3571 774 3653 ubique
804 3589 913 3654 agere
937 3572 1222 3653 paenitentiam,
1248 3588 1288 3635 eo

132 3682 236 3765 quod
275 3680 415 3745 statuit
453 3678 550 3743 diem
589 3678 759 3742 iudicare
792 3678 918 3743 orbem
950 3679 986 3741 in
1022 3680 1215 3759 aequItate
1253 3677 1288 3740 in

132 3791 218 3855 uiro
250 3808 320 3870 quo
350 3785 532 3851 definiuit
559 3785 675 3849 fidem
705 3784 878 3850 omnibus
907 3785 1143 3849 resuscitans
1177 3784 1289 3848 illum

226 4032 261 4087 21
280 4030 326 4084 Ps.
347 4031 390 4090 71,
410 4030 427 4083 8
481 4030 516 4083 26
535 4028 595 4084 Act.
617 4029 658 4093 17,
677 4029 712 4083 30
732 4045 771 4097 sq.

169 4178 255 4229 lest
271 4191 322 4227 om.
344 4190 363 4225 a
425 4172 541 4225 2111111
606 4172 638 4224 14
658 4173 721 4224 sunt
741 4188 787 4237 ap
852 4170 885 4223 15
905 4167 1080 4223 refallature
1146 4166 1288 4221 1711111111

130 4266 199 4319 hinc
216 4263 323 4332 reditp
377 4260 527 4331 discipulos
546 4260 618 4313 111111
636 4261 668 4313 in
685 4276 778 4313 uacuo
796 4258 919 4327 spaliop
964 4258 999 4311 22
1018 4262 1147 4327 terncsp
1192 4258 1227 4310 24
1246 4256 1259 4311 f
1278 4286 1290 4298 ·

131 4358 193 4409 erat
211 4351 340 4407 omnibus
353 4367 376 4419 p
444 4352 478 4405 25
498 4351 569 4403 sieut
585 4366 603 4417 p
671 4349 705 4402 29
725 4365 777 4417 quo
798 4347 841 4401 cb
853 4363 892 4415 ep
905 4364 918 4417 ρ
929 4364 946 4396 e
959 4348 982 4408 f
997 4346 1112 4411 Donoh.;
1131 4346 1158 4399 in
1179 4362 1231 4415 quo
1247 4361 1291 4415 pe
