3192 4959
395 434 445 487 De
474 434 647 488 ciuitate
676 434 740 489 dei
766 435 832 490 lib.
856 436 926 490 xvi.
952 454 1027 507 cap.
1051 439 1094 494 40.
1254 444 1316 507 197

173 631 202 693 in
225 630 420 715 Aegyptum,
445 630 568 713 quaudo
593 651 665 695 eum
688 632 720 695 iu
744 633 948 715 septuaginta
972 634 1110 717 quinque
1134 636 1316 701 hominibus

173 736 330 819 scriptura
362 740 599 816 commemorat,
631 757 693 802 non
721 758 804 803 unus
833 739 900 804 dies
928 740 980 805 uel
1007 760 1090 805 unus
1120 761 1230 821 annue,
1260 742 1317 807 sed

169 848 274 909 totum
306 843 385 908 illud
420 848 469 908 est
500 848 638 927 tempus,
677 845 829 927 quamdiu
862 846 943 909 uixit
974 848 1097 931 loseph,
1134 868 1191 931 per
1223 868 1316 931 quem

169 951 289 1014 factum
315 955 365 1014 est
386 953 424 1014 ut
447 951 609 1016 intrarent.
633 951 715 1016 Nam
740 951 777 1015 de
802 952 871 1036 ipso
896 952 1011 1035 loseph
1032 953 1140 1018 eadem
1161 956 1316 1039 scriptura

139 1058 215 1121 asic
248 1058 404 1139 loquitur:
437 1058 482 1121 nt
513 1058 706 1123 habitauit
732 1059 870 1142 Ioseph
898 1060 933 1123 in
958 1062 1139 1143 Aegypto,
1168 1061 1254 1142 ipso
1279 1064 1316 1125 et

167 1166 307 1229 fratres
332 1164 414 1229 eius
438 1168 475 1229 et
499 1166 617 1230 omnis
642 1166 877 1231 cohabitatio
901 1167 1136 1249 patriamne,
1162 1173 1198 1231 et
1216 1168 1316 1232 uixit

168 1290 283 1336 annos
312 1275 461 1337 eentum
486 1270 623 1347 decern,
653 1276 689 1336 et
711 1273 813 1337 uidit
840 1272 976 1357 Ioseph
1001 1273 1182 1355 Ephraem
1207 1274 1315 1339 filios

167 1396 288 1460 usque
321 1378 357 1441 in
391 1378 542 1442 tertiam
576 1381 868 1461 generationem.
902 1379 974 1462 lpse
1003 1384 1053 1443 est
1080 1380 1135 1444 ille
1159 1399 1313 1464 pronepos

167 1485 237 1549 eiua
265 1485 304 1548 ab
332 1485 487 1567 Ephraem
516 1485 640 1550 tertius.
671 1484 912 1550 Generationem
941 1486 1057 1569 quippe
1086 1486 1211 1551 tertiam
1237 1487 1315 1553 dicit

127 1609 151 1648 ro
167 1590 279 1666 filium,
307 1595 467 1673 nepotem,
494 1595 709 1673 pronepotem.
740 1592 861 1659 Deinde
886 1594 1044 1676 sequitur:
1073 1594 1119 1657 llt
1142 1593 1219 1658 filii
1242 1596 1314 1659 Ma-

168 1698 257 1773 cbir,
292 1697 369 1762 lilii
399 1697 586 1777 Marassa,
619 1698 700 1761 nati
733 1703 821 1763 sunt
853 1719 966 1782 supra
998 1700 1137 1765 femora
1165 1700 1312 1784 loseph.

166 1806 206 1869 Et
237 1804 290 1869 bic
321 1805 377 1869 ille
408 1805 478 1888 ipse
510 1809 560 1869 est
592 1825 690 1889 nepos
723 1806 882 1883 Manasse,
910 1824 1066 1889 pronepos
1094 1807 1220 1891 Ioseplr.
1251 1806 1313 1871 Sed

165 1911 331 1993 pluraliter
371 1912 522 1994 appellati
564 1915 648 1989 sunt,
691 1913 776 1976 sicut
817 1912 973 1993 scriptura
1010 1914 1193 1989 consueuit,
1232 1932 1312 1995 quae

166 2038 260 2082 unam
285 2038 411 2101 quoque
434 2018 531 2081 liliam
555 2018 649 2082 Iacob
672 2018 755 2083 filias
784 2020 995 2103 nuncupauit;
1021 2022 1106 2085 sicut
1128 2021 1159 2085 in
1183 2021 1313 2085 Latinae

126 2125 293 2210 ariagnae
327 2126 555 2190 cousuetudine
587 2125 679 2189 liberi
710 2125 861 2190 dicuntur
891 2128 1057 2211 pluraliter
1088 2128 1156 2205 lilii,
1187 2127 1312 2191 etiamsi

166 2252 226 2297 nou
260 2232 325 2297 eint
356 2251 418 2296 uno
447 2232 594 2314 amplius.
624 2232 704 2297 Curn
736 2252 809 2316 ergo
837 2234 940 2317 ipsius
969 2234 1083 2317 loseph
1113 2234 1312 2317 praedicetur

166 2338 314 2414 felicitae,
344 2337 419 2419 quia
445 2339 551 2421 potuit
578 2338 686 2402 uidere
714 2346 914 2425 pronepotes,
945 2342 1032 2405 nullo
1060 2341 1154 2405 modo
1179 2340 1311 2423 putandi

166 2448 242 2509 suut
277 2446 343 2509 iam
379 2446 479 2510 fuisse
515 2445 697 2510 tricensimo
734 2466 817 2512 nono
851 2467 929 2511 anno
962 2448 1072 2530 proaui
1103 2449 1152 2512 eui
1184 2448 1309 2529 Ioseph,

166 2553 291 2635 quando
315 2552 355 2616 ad
380 2552 507 2617 eumin
532 2552 711 2637 Aegyptum
735 2553 830 2617 Iacob
853 2555 943 2635 pater
970 2554 1038 2617 eius
1063 2554 1201 2617 aduenit.
1225 2553 1310 2617 lllnd

125 2670 149 2709 ²⁰
165 2663 272 2724 autem
293 2662 351 2741 eet,
372 2659 455 2741 quod
474 2658 557 2723 fallit
575 2660 682 2723 minus
699 2659 763 2723 ista
786 2660 954 2744 diligenter
972 2660 1141 2737 intuentes,
1162 2661 1310 2743 quoniam

165 2768 320 2851 scriptum
350 2770 412 2830 est:
445 2766 546 2830 Haec
574 2769 697 2829 autern
725 2767 873 2830 nomina
896 2766 1065 2831 filiorum
1090 2766 1220 2845 lsrael,
1246 2766 1307 2849 qui

164 2874 412 2938 intrauerunt
435 2874 470 2937 in
494 2874 705 2955 Aegyptum
730 2873 844 2938 simul
869 2893 949 2937 cum
972 2874 1084 2938 Iacob
1104 2878 1210 2955 patre
1230 2894 1307 2943 suu.

163 2982 231 3046 Hoc
251 2982 336 3045 euim
357 2980 557 3056 dictumest,
577 2979 651 3062 quia
669 2979 766 3044 simul
785 2999 857 3045 cum
877 2981 932 3045 illo
953 2984 1165 3063 conputantur
1184 2984 1308 3063 septua-

163 3090 250 3171 ginta
289 3088 440 3169 quinque
477 3106 538 3151 non
576 3086 651 3167 quia
686 3086 784 3151 simul
814 3088 878 3151 ianr
912 3092 998 3153 erant
1031 3108 1150 3167 ornnes,
1185 3089 1307 3171 quando

121 3205 144 3241 2³
161 3195 347 3278 Aegyptum
378 3194 540 3277 ingressus
574 3197 623 3257 est
653 3194 736 3275 ipse;
772 3196 837 3271 sed,
870 3198 906 3257 ut
938 3194 1010 3270 diri,
1043 3198 1148 3259 totum
1180 3198 1308 3276 tempus

162 3302 298 3366 babetur
324 3300 394 3365 eius
421 3300 594 3385 ingressus,
628 3320 689 3383 quo
718 3302 798 3365 uirit
826 3302 951 3384 Ioseph,
984 3320 1157 3385 perquem
1180 3302 1309 3366 uidetur

162 3428 335 3493 ingressus.

250 3599 267 3652 5
287 3596 354 3655 Gen.
374 3598 418 3665 50,
437 3599 473 3652 22

197 3725 210 3776 l
243 3722 401 3776 bominibus
437 3720 657 3791 Vabepp²o
688 3723 803 3791 Domb.;
833 3723 955 3777 homines
990 3724 1032 3794 p¹,·
1062 3724 1203 3779 animabus
1233 3732 1306 3793 pfo

160 3812 176 3863 6
196 3811 364 3864 cboabitatio
388 3810 424 3877 V;
444 3811 614 3880 habitatioy
695 3812 711 3864 7
731 3815 838 3865 centum
859 3812 950 3865 decem
974 3812 1049 3866 Vae
1057 3830 1099 3883 pp
1113 3816 1147 3879 ,ἢ
1166 3814 1257 3869 decern
1279 3821 1306 3869 et

159 3902 269 3952 centum
288 3900 317 3967 b;
337 3902 445 3953 centum
464 3903 492 3953 et
510 3900 602 3953 decern
623 3918 664 3953 ao
727 3901 798 3953 filice
816 3901 986 3971 Ephraemo
1054 3902 1158 3957 filiosuo
1178 3904 1306 3972 usqueV

160 3990 195 4041 14
214 4004 321 4058 quoque
341 4006 392 4043 om.
417 3989 452 4041 V¹
535 3990 567 4044 16
587 3989 758 4058 praedicetur
782 3990 933 4059 Vepppc
951 3991 1065 4057 Domb.;
1084 3990 1249 4060 praedicitur
1271 3998 1305 4059 ,ἢ

157 4077 361 4145 praediceretur
379 4077 449 4131 aba
506 4080 537 4131 ll
557 4078 650 4131 uidere
669 4079 793 4148 potuito
850 4080 882 4132 18
901 4082 965 4133 sunt
982 4096 1042 4147 cup.
1063 4080 1111 4134 liu.
1133 4081 1158 4133 V
1209 4082 1244 4135 20
1263 4088 1306 4137 est

157 4182 245 4219 ome
297 4167 333 4220 22
352 4170 502 4237 aegyptoe
