3192 4959
345 397 396 449 De
425 395 599 450 ciuitate
627 394 688 448 dei
716 393 781 448 lib.
814 392 872 447 1111
901 410 975 462 cap.
1006 393 1118 446 10.11.
1234 393 1299 458 455

150 591 388 658 sacerdotes
425 591 498 656 Dei
537 595 575 655 et
608 589 764 656 Christi
805 593 844 654 et
875 588 1106 672 regnabunt
1139 605 1223 650 cum
1258 605 1300 654 eo

150 699 266 763 mille
295 699 425 764 annis:
455 717 516 762 non
543 699 655 780 utique
685 698 723 762 de
752 696 831 761 solis
861 695 1018 779 episcopis
1048 697 1080 759 et
1108 692 1301 778 presbyteris

150 807 273 871 dictum
301 808 360 884 est,
389 805 443 888 qui
469 805 595 889 proprie
624 805 687 868 iam
711 807 867 868 uocantur
889 803 921 868 in
946 802 1080 868 ecclesie
1103 801 1300 874 sacerdotem

151 913 207 978 sad
234 912 321 978 sicut
346 931 456 977 omnes
480 912 617 977 christos
641 910 778 976 dicimus
806 913 935 992 propter
957 910 1130 994 mysticum
1154 907 1301 983 chrisma,

119 1041 133 1080 1
151 1021 198 1085 111
217 1038 327 1085 omues
346 1019 537 1096 sacerdotes,
557 1017 705 1100 qnoniam
729 1018 872 1082 membra
896 1020 970 1081 sunt
992 1016 1087 1080 unius
1112 1012 1301 1086 sacer·dotis;

151 1127 190 1190 de
214 1126 331 1208 quihus
350 1127 514 1208 apostolus
533 1125 665 1189 Petrus:
690 1123 823 1201 Plebs,
847 1123 961 1205 inquit,
987 1125 1139 1198 saneta,
1163 1117 1302 1202 regale

152 1232 442 1298 sacerdotium.
472 1230 564 1308 Sane,
592 1231 669 1295 licet
696 1231 837 1296 breuiter
860 1230 963 1312 adque
991 1230 1201 1302 transeunter,
1229 1224 1302 1290 insi-

151 1339 266 1404 111111
294 1357 365 1404 csse
392 1338 495 1402 Deum
526 1336 689 1402 Christum
717 1336 866 1402 dicendo:
898 1335 1140 1400 Sacerdotes
1163 1333 1237 1398 Dei
1266 1335 1305 1396 et

152 1445 323 1522 Christi,
351 1445 412 1510 hoc
441 1448 491 1509 est
516 1443 621 1509 Patris
654 1448 688 1508 et
714 1443 806 1518 Filii3
841 1442 987 1526 quamuis
1016 1444 1144 1524 propter
1170 1439 1303 1506 formam

109 1551 238 1617 1111111
262 1553 348 1616 sicut
370 1551 508 1615 hominis
530 1550 629 1629 filins,
652 1551 699 1616 ita
721 1551 818 1615 etiam
838 1549 985 1615 sacerdos
1006 1547 1152 1614 Christus
1172 1547 1303 1612 effectus

151 1660 197 1723 sit
224 1659 255 1721 in
285 1662 447 1722 aeteruum
476 1655 651 1724 secundum
675 1658 816 1723 ordinem
840 1655 1085 1722 Melchisedech.
1115 1653 1162 1720 De
1186 1672 1249 1736 qua
1271 1671 1304 1718 re

150 1766 184 1829 in
209 1765 271 1831 hoc
296 1783 388 1846 opere
412 1785 473 1830 nou
498 1763 596 1829 semel
620 1763 767 1829 diximus.

621 1957 761 2023 CAPUT
785 1957 840 2021 XI.

153 2101 210 2164 De
240 2099 326 2184 Gog
358 2104 396 2164 et
427 2100 582 2184 Magog,
616 2119 716 2182 quos
748 2099 794 2163 ad
827 2097 1149 2182 persequendam
1183 2098 1306 2163 eccle-

109 2210 256 2273 assiam
290 2207 363 2272 Dei
400 2208 565 2273 solutus
603 2227 725 2290 prope
763 2207 886 2271 finem
918 2207 1075 2272 saeculi
1115 2207 1305 2271 diabolus

627 2314 837 2378 incitabit.

201 2459 251 2522 Et
276 2475 361 2521 cum
384 2455 502 2521 finiti
525 2455 689 2533 fuerint,
714 2455 828 2538 inquit,
853 2455 966 2520 mille
990 2457 1093 2532 anni,
1119 2459 1308 2523 soluetur

155 2569 326 2630 satanas
355 2563 400 2627 de
429 2562 621 2628 custodia
650 2583 730 2638 sua,
761 2566 800 2626 et
825 2563 953 2627 exibit
982 2564 1027 2628 ad
1052 2565 1306 2630 seducendas

154 2671 358 2745 nationes,
399 2689 498 2752 quae
536 2673 631 2734 sunt
662 2670 699 2732 in
734 2672 930 2750 quattuor
962 2670 1127 2756 angulis
1162 2675 1306 2750 terrae,

108 2781 245 2864 eoGog
278 2782 317 2842 et
347 2779 502 2863 Megog,
536 2780 576 2842 et
606 2777 744 2843 trahet
776 2798 843 2846 eos
875 2779 913 2843 iu
942 2779 1107 2857 bellum,
1141 2798 1307 2862 quornm

51 2911 56 2921 ’
155 2904 349 2951 numerus
379 2889 442 2949 est
464 2888 508 2949 ut
529 2885 679 2950 harena
700 2887 833 2950 maris.
863 2885 913 2950 Ad
936 2887 995 2951 hoc
1020 2905 1093 2972 orgo
1117 2890 1192 2951 tuno
1216 2885 1307 2952 sedu-

154 2997 220 3069 cet,
252 2994 291 3055 nt
322 2991 352 3054 in
386 2991 447 3054 hoc
478 2991 599 3055 bellum
627 2991 743 3055 trahat.
775 2992 858 3056 Nam
886 2995 919 3056 et
946 2995 1038 3056 autea
1064 2993 1168 3058 modis
1193 2993 1308 3075 quibus

153 3101 285 3184 poterat
315 3117 371 3179 per
397 3097 480 3161 mala
507 3098 610 3161 multa
637 3101 670 3161 et
696 3099 786 3162 uarie
817 3098 999 3162 seducebat.
1031 3098 1170 3162 Exibit
1202 3104 1309 3164 autem

152 3207 283 3270 dictum
315 3207 366 3267 est
396 3203 437 3267 ‘in
470 3207 612 3286 apertam
644 3205 895 3286 persecutionem
932 3203 970 3270 de
1002 3205 1132 3270 latebris
1166 3209 1310 3288 erumpet

106 3310 328 3378 modiorum?
363 3311 451 3374 Haec
488 3311 570 3374 enim
609 3311 668 3376 erit
699 3310 874 3376 nouissima
904 3312 1094 3395 persecutio,
1133 3311 1309 3376 nouissimo

151 3419 331 3484 inminente
363 3416 492 3494 iudicio,
525 3437 620 3500 qnam
654 3423 763 3482 sancta
795 3420 930 3484 ecclesie
958 3422 1024 3484 toto
1053 3422 1206 3483 terrarum
1236 3419 1309 3483 orbe

151 3525 309 3609 patietur,
337 3523 487 3587 uniuersa
514 3525 638 3588 scilicet
666 3525 780 3589 ciuitas
811 3524 928 3591 Christi
957 3527 995 3590 ab
1020 3525 1170 3590 uniuersa
1193 3524 1310 3589 diaboli

151 3632 303 3710 ciuitate,
341 3634 595 3714 quantacumque
633 3632 692 3696 erit
729 3635 863 3715 utraque
902 3652 998 3716 snper
1034 3635 1157 3696 terram.
1192 3631 1309 3696 Gerrtes

250 3855 267 3907 6
289 3856 312 3909 l.
331 3854 404 3908 Pctr.
424 3855 449 3920 2,
469 3855 485 3908 9
541 3854 573 3908 17
595 3855 677 3924 Apoc.
696 3856 740 3920 20,
760 3856 774 3908 7
795 3871 834 3924 sq.

192 4037 208 4089 1
233 4050 292 4088 cnm
312 4033 369 4094 illo,
387 4031 420 4086 tn
436 4049 522 4101 nrorp.
542 4011 616 4095 e0,e
723 4034 740 4086 4
760 4033 876 4087 christos
897 4033 1011 4087 dicimus
1031 4034 1125 4104 ahep
1132 4051 1177 4104 pp
1196 4033 1310 4101 Darat,-

151 4122 257 4180 christi
276 4121 392 4176 dicimur
410 4139 440 4186 1,·
459 4121 629 4176 Christianos
648 4121 793 4176 dicimuso
847 4123 863 4176 8
884 4139 942 4178 esse
962 4139 1042 4176 ome
1114 4122 1202 4176 Deum
1224 4139 1311 4177 essee

154 4216 190 4270 10
211 4210 457 4267 filiushominisa
564 4210 662 4280 xposp
754 4213 786 4264 15
807 4210 935 4264 diabulus
953 4229 970 4280 p
1061 4212 1093 4265 17
1113 4213 1310 4280 inquitom.p

153 4303 189 4357 19
212 4299 338 4370 angelus,
357 4299 389 4351 in
407 4315 492 4367 murp.
513 4317 546 4353 m.
567 4303 586 4352 2
605 4300 721 4369 angulis,
740 4316 754 4354 c
866 4300 901 4355 20
921 4317 1002 4369 casp
1109 4303 1144 4355 24
1163 4302 1227 4370 qnia
1246 4303 1311 4370 inp
