3192 4959
350 446 399 499 De
428 446 602 501 ciuitate
630 445 690 498 dei
719 444 785 498 lib.
815 444 870 498 XX.
896 461 970 513 cap.
995 443 1038 498 30.
1201 447 1265 510 509

121 642 232 722 spiritu
260 641 380 723 gratiae
407 644 439 704 et
466 639 699 705 misericordiae
723 640 787 703 iam
817 639 924 702 fideles
949 657 1008 702 non
1035 638 1267 703 damnabuntur

120 767 187 812 cum
221 747 319 829 inpiis
350 749 534 830 parentibus
567 747 646 826 suis,
685 747 839 812 dolebunt
870 750 974 810 tamen
1008 750 1170 828 tamquam
1202 746 1266 829 ipsi

120 855 258 931 feceriut,
288 855 372 936 quod
395 853 434 918 ab
458 854 523 920 illis
547 854 667 918 iactum
692 857 752 920 eet.
780 852 852 918 Non
876 853 976 937 igitur
1000 853 1153 918 dolebunt
1175 861 1265 916 reatu

120 962 269 1038 criminis,
297 961 354 1026 eed
381 961 510 1044 pietatis
539 960 675 1024 adfectu.
702 959 783 1025 Sane
813 959 869 1024 ubi
894 959 1037 1024 dixerunt
1062 960 1266 1043 septuaginta

93 1067 318 1148 sinterpretee:
351 1067 397 1130 itt
429 1065 642 1148 adspicient
670 1066 713 1130 ad
741 1085 795 1129 me
825 1085 888 1148 pro
914 1085 953 1131 eo
984 1065 1081 1146 quod
1104 1066 1265 1129 insulto-

119 1177 261 1250 uerunt‚
294 1173 341 1237 sio
373 1173 613 1254 interpretatum
645 1176 695 1236 est
718 1192 755 1236 ex
781 1173 942 1236 Hebraeo:
976 1173 1022 1236 Et
1050 1171 1265 1254 adspiciens

120 1281 159 1344 ad
186 1299 252 1354 me,
282 1298 389 1361 quem
417 1279 672 1356 confixerunt3
703 1298 765 1361 quo
794 1278 922 1360 quidem
951 1279 1049 1344 uerbo
1083 1279 1264 1344 euidentius

120 1385 262 1451 Christus
290 1386 457 1451 crucifixus
485 1390 623 1470 apparat.
654 1386 715 1452 Sed
739 1387 793 1450 illa
817 1387 993 1463 insultatio,
1023 1405 1117 1468 qoam
1138 1390 1262 1468 septua-

119 1493 203 1574 ginta
233 1512 349 1576 ponere
377 1494 568 1568 maluerunt,
601 1494 670 1558 eius
698 1493 867 1558 uniuersae
895 1512 956 1557 non
986 1492 1087 1557 defuit
1110 1491 1261 1575 passioni.

81 1623 103 1660 10
118 1599 194 1662 >lani
224 1605 256 1663 et
283 1600 410 1665 detento
434 1604 466 1664 et
489 1600 630 1683 adligato
659 1605 692 1665 et
719 1600 900 1665 adiudicato
929 1602 962 1664 et
985 1599 1151 1682 obprobrio
1176 1599 1263 1684 iguo·

118 1705 266 1770 minioeae
289 1707 392 1772 uestis
415 1707 527 1772 induto
552 1711 585 1771 et
608 1707 708 1790 spinis
731 1709 879 1772 coronato
904 1711 936 1772 ot
959 1708 1080 1772 calamo
1104 1706 1136 1769 in
1161 1707 1263 1789 capite

117 1830 266 1893 percusso
294 1816 327 1877 et
353 1813 524 1878 inridenter
550 1813 621 1878 fixis
649 1814 782 1897 genibus
812 1814 940 1878 adorato
966 1816 998 1878 et
1021 1832 1147 1878 crucem
1170 1831 1262 1878 suom

117 1923 252 2003 portanti
272 1925 304 1986 et
321 1921 354 1986 in
373 1923 459 2005 ligno
477 1922 543 1986 iam
560 1921 710 2004 pendenti
729 1922 842 2003 utique
861 1921 1108 1986 insultauerunt.
1126 1919 1262 1984 Proinde

117 2029 406 2113 interpretationem
433 2047 495 2093 non
523 2031 693 2110 sequentes
722 2049 828 2107 unam,
857 2029 913 2093 sed
941 2032 1108 2110 utramque
1132 2027 1261 2110 iungen-

79 2152 100 2190 a
116 2138 172 2207 tes.
197 2155 271 2199 erum
296 2140 329 2200 et
350 2135 639 2200 insultauerunt
657 2140 689 2201 et
708 2137 948 2200 confixerunt
966 2135 1116 2219 legimus,
1137 2133 1261 2216 plenius

116 2242 280 2306 ueritatem
304 2241 480 2307 dominicae
502 2242 660 2324 passionis
684 2243 899 2326 agnoscimus.

158 2348 237 2413 Cum
274 2368 348 2433 ergo
374 2349 407 2412 in
435 2349 630 2431 propheticis
657 2349 774 2414 litteris
803 2349 842 2413 ad
869 2348 1081 2413 nouissimum
1105 2345 1260 2410 iudicium

117 2454 291 2520 laciendum
321 2455 409 2520 Deus
438 2455 557 2538 legitur
584 2475 656 2520 esee
679 2460 843 2532 uenturus,
868 2455 929 2520 etsi
953 2455 1022 2519 eius
1047 2453 1108 2518 alia
1132 2451 1259 2516 distinc-

115 2562 158 2624 tio
185 2580 246 2626 non
275 2565 420 2643 ponatur,
448 2561 668 2627 tantummodo
697 2565 827 2645 propter
852 2562 960 2643 ipsum
986 2559 1141 2624 iudicium
1172 2557 1259 2623 Chri-

77 2683 99 2722 u
115 2673 182 2730 stus
210 2667 307 2732 debet
332 2669 487 2751 intellegi,
517 2669 590 2751 quia
617 2669 677 2734 etsi
701 2669 796 2734 Pater
817 2667 983 2743 iudicabit,
1008 2685 1063 2750 per
1086 2665 1258 2730 aduentum

114 2773 170 2838 lilii
195 2774 333 2840 hominis
359 2774 523 2840 iudicabit.
551 2775 634 2839 Nam
662 2775 810 2859 ipseper
838 2793 913 2840 suaa
942 2772 1139 2858 praesentiae
1162 2771 1259 2835 mani-

114 2880 314 2946 festationem
337 2901 407 2946 nou
431 2880 578 2946 iudicat
601 2901 834 2965 quemquam,
860 2881 923 2946 sed
948 2898 1052 2946 omne
1071 2877 1258 2944 iudicium

114 2986 217 3052 dedit
237 2987 348 3062 Filio,
368 2989 424 3071 qui
442 2988 699 3053 manifestabitur
717 2989 811 3053 homo
830 2988 1040 3062 iudicaturus,
1061 2985 1146 3050 sicut
1164 2985 1258 3048 homo

113 3096 162 3157 est
188 3093 360 3159 iudicatus.
391 3093 469 3173 Quis
495 3097 545 3160 eet
567 3095 650 3160 enim
674 3095 767 3171 alius,
797 3095 836 3160 de
860 3114 921 3177 quo
945 3095 1022 3158 item
1045 3092 1133 3156 Deus
1156 3090 1258 3172 loqui·

75 3213 97 3255 ²³
113 3203 163 3264 tur
185 3219 241 3282 per
262 3201 391 3266 Esaiam
415 3202 475 3266 sub
499 3202 626 3266 nomine
649 3202 744 3266 Iacob
768 3206 801 3266 et
822 3203 932 3280 Israel,
961 3201 999 3265 de
1023 3201 1114 3266 cuius
1139 3197 1258 3262 semine

113 3325 225 3388 corpus
253 3308 398 3392 accepit?
431 3308 515 3390 qnod
541 3309 588 3373 ita
615 3309 857 3391 scriptumest:
889 3307 1000 3373 Iacob
1029 3325 1121 3390 poor
1143 3324 1257 3383 meae,

113 3413 317 3497 suscipiam
346 3414 469 3490 illum;
499 3415 619 3480 Israel
643 3415 792 3489 electus
822 3434 935 3492 meus,
965 3413 1152 3478 adsumsit
1176 3429 1257 3476 eum

113 3519 232 3584 anima
257 3539 346 3586 mea.
376 3521 471 3585 Dedi
499 3520 685 3605 Spiritum
713 3541 833 3587 meum
861 3521 898 3586 in
922 3522 1043 3598 illum,
1072 3519 1257 3584 iudicium

113 3626 292 3707 gentibus
311 3625 488 3709 proferet.
513 3627 591 3693 Non
611 3628 793 3694 clamabit
810 3649 929 3712 neque
949 3626 1116 3692 cessabit
1135 3643 1256 3707 neque

72 3732 285 3797 meridiatur
326 3734 421 3799 ioris
459 3755 529 3799 uox
565 3735 659 3800 eius.
699 3735 889 3802 Calamam
928 3738 1149 3818 quassatum
1187 3751 1255 3796 non

200 3957 292 4012 2210.
311 3959 337 4026 5,
356 3959 392 4012 22
446 3961 480 4015 26
499 3959 573 4014 Esai.
592 3961 636 4024 42,
657 3961 669 4015 l
691 3978 751 4031 sqq.

145 4080 295 4152 Sappatet
313 4083 486 4138 cmcifixuso
533 4085 564 4138 ll
585 4086 702 4154 caputb
750 4085 783 4139 12
802 4084 982 4140 inridentest
1031 4086 1063 4140 15
1083 4088 1114 4138 ut
1133 4086 1256 4140 confine

112 4169 144 4221 18
163 4169 290 4239 eliquat
338 4172 372 4224 19
390 4172 532 4240 penitere
576 4173 611 4227 20
629 4173 771 4228 iudicabat
786 4172 827 4242 p¹;
848 4173 986 4228 iudicatio
1033 4176 1068 4229 24
1088 4173 1154 4239 Quis
1174 4176 1254 4241 euim,

109 4257 209 4312 ornieao
227 4262 277 4323 eet,
297 4259 313 4312 b
405 4261 438 4314 25
458 4264 487 4313 et
505 4261 589 4315 lsrael
607 4278 693 4330 usquc
711 4262 751 4316 od
766 4261 849 4316 lacob
869 4279 920 4316 om.
940 4279 954 4316 e
1039 4264 1073 4316 27
1093 4269 1121 4316 et
1139 4264 1218 4318 israel
1239 4265 1254 4318 b

110 4345 260 4402 dilectusb
296 4349 332 4402 29
349 4347 512 4418 ligentibus,
530 4350 559 4403 iu
578 4367 690 4416 erasme
743 4351 873 4421 cessabit]
894 4349 1063 4422 contenditp
1099 4352 1254 4408 doloroso
