3192 4959
343 466 394 519 De
423 467 598 519 ciuitate
627 465 688 518 dei
716 465 780 519 lib.
809 466 894 522 XVII.
925 482 1000 536 cap.
1029 468 1053 519 4.
1206 472 1268 533 211

129 662 222 725 Deus
247 662 494 725 scientiarum
518 660 715 736 Dominus,
740 664 777 724 et
798 661 898 725 Deus
922 680 1149 743 praeparans
1170 662 1269 726 adiu-

130 769 321 832 uentiones
351 787 451 831 suas.
479 770 613 832 Arcum
644 767 856 851 potentium
888 768 981 831 lecit
1004 767 1209 847 infirmum,
1234 774 1270 833 et

128 874 267 938 infirmi
296 875 509 955 praecincti
538 876 626 937 suut
654 874 809 937 uirtute.
839 874 946 937 Pleni
970 873 1130 955 panibus
1154 876 1269 939 miuo-

127 982 192 1045 rali
237 986 336 1057 sunt,
380 986 416 1046 et
454 983 668 1045 esurientes
711 980 949 1044 transierunt
986 984 1133 1044 terram.
1174 978 1268 1059 Quia

103 1089 272 1153 nsterilis
306 1089 457 1171 peperit
490 1093 644 1171 septem,
677 1092 713 1152 et
741 1088 861 1151 multa
889 1088 1047 1153 insiliis
1073 1088 1270 1153 infirmata

127 1199 186 1259 est.
212 1196 394 1278 Dominus
417 1194 629 1259 mortificat
652 1198 688 1257 et
711 1194 901 1271 nidificat,
932 1195 1086 1259 deducit
1109 1194 1153 1258 ad
1176 1195 1267 1259 infe-

127 1322 180 1367 ros
204 1306 242 1365 et
264 1302 423 1367 reducit.
447 1302 630 1366 Dominus
650 1320 834 1384 pauperes
854 1302 949 1365 facit
968 1306 1004 1365 et
1024 1300 1131 1379 dicat,
1152 1302 1268 1366 humi-

127 1410 191 1472 liat
218 1413 256 1472 et
280 1409 430 1473 exaltat.
460 1407 634 1473 Suscitat
657 1428 676 1472 a
699 1412 798 1472 terra
827 1428 1027 1491 pauperem
1052 1410 1088 1472 et
1113 1408 1153 1471 de
1179 1412 1269 1473 ster-

128 1535 204 1579 core
234 1515 349 1597 erigit
376 1516 537 1596 inopem,
566 1519 608 1577 ut
636 1515 812 1579 conlocet
836 1534 914 1577 euru
940 1514 1267 1597 competentibus

93 1646 112 1682 n
128 1622 263 1705 populi,
292 1626 329 1685 et
357 1621 483 1684 sedem
512 1621 655 1705 gloriae
684 1620 937 1684 hereditatem
963 1621 1051 1684 daus
1077 1621 1146 1694 eis3
1177 1620 1267 1685 daus

129 1733 252 1792 uotum
289 1728 460 1803 unoculi,
500 1732 537 1792 et
566 1728 761 1793 benedixit
794 1746 907 1791 annos
945 1728 1051 1806 iusti,
1090 1728 1265 1810 quoniam

128 1857 188 1900 non
226 1837 264 1899 iu
300 1835 448 1899 uirtute
484 1837 619 1916 potens
659 1838 717 1897 est
754 1835 821 1899 uir.
861 1834 1041 1898 Dominus
1077 1834 1266 1899 infirmum

129 1943 239 2006 saciet
262 1940 522 2005 aduersarium
546 1959 665 2017 suum,
690 1941 872 2005 Dominus
897 1945 1061 2006 sauctus.
1086 1942 1165 2006 Nou
1191 1942 1267 2026 glo-

129 2049 243 2113 rietur
278 2046 443 2129 prudens
481 2046 517 2110 in
552 2046 754 2127 prudentia
793 2066 869 2123 sua,
909 2050 944 2110 ot
977 2066 1045 2110 non
1080 2048 1269 2131 glorietur

93 2160 255 2235 rspotens
291 2155 329 2218 in
363 2153 537 2235 potentia
573 2172 649 2231 sua,
689 2158 726 2215 et
763 2172 832 2217 nou
867 2154 1055 2237 glorietur
1088 2154 1195 2219 diues
1230 2156 1265 2218 in

129 2260 272 2325 diuitiis
310 2260 405 2335 suis3
449 2259 513 2323 sed
549 2258 584 2321 iu
622 2258 691 2323 hoo
730 2259 928 2340 glorietur„
967 2260 1030 2341 qui
1068 2260 1266 2344 gloriatur,

127 2367 349 2451 intellegere
381 2370 418 2429 et
445 2366 544 2430 scire
573 2366 770 2429 Dominum
801 2370 837 2429 et
864 2366 987 2430 facere
1016 2366 1200 2431 indicium
1231 2374 1268 2431 et

127 2473 312 2537 iustitiam
335 2472 373 2535 iu
392 2471 514 2535 medio
533 2475 667 2535 terrae.
687 2471 870 2535 Dominus
890 2472 1063 2536 ascendit
1081 2474 1116 2535 in
1138 2473 1266 2537 caelos

129 2585 162 2643 et
181 2580 321 2649 tonuit:
349 2580 432 2661 ipse
455 2577 647 2642 iudicabit
671 2581 835 2641 extrema
864 2584 998 2654 terrae,
1028 2580 1116 2659 quia
1138 2580 1266 2643 iustus

91 2689 194 2763 nest3
233 2691 270 2751 et
306 2685 370 2748 dat
407 2685 590 2748 uirtutem
626 2685 781 2768 regibus
819 2686 976 2759 nostris,
1011 2688 1045 2748 et
1083 2684 1268 2751 exaltabit

130 2811 235 2857 cornu
260 2790 399 2856 christi
424 2791 491 2854 sui.

167 2900 252 2965 ltane
279 2918 355 2963 uero
383 2898 483 2961 uerba
509 2897 586 2961 haec
615 2898 708 2961 unius
732 2896 931 2979 putabuntur
955 2917 1024 2962 esse
1050 2900 1265 2967 mulierculae.

129 3005 163 3068 de
190 3010 263 3070 nato
299 3004 362 3069 sibi
392 3003 459 3068 filio
493 3004 705 3086 gratulantis?
738 3005 914 3068 Tantumne
944 3024 1032 3069 mens
1061 3006 1268 3071 homiuuma

128 3112 193 3175 luce
218 3112 364 3177 ueritatis
394 3130 507 3175 auersa
535 3115 592 3188 est,
627 3114 663 3173 ut
690 3130 752 3175 nou
780 3112 897 3175 sentiat
925 3110 1108 3195 supergredi
1136 3112 1264 3176 modum

91 3238 114 3275 a
130 3217 255 3282 feminae
278 3218 377 3282 huius
402 3217 488 3281 dicta
512 3236 592 3299 quae
620 3216 724 3281 fudit?
753 3218 849 3282 Porro
875 3215 1047 3300 qui'rebus
1071 3218 1160 3301 ipsis,
1188 3238 1266 3301 quae

130 3323 186 3387 iam
215 3327 388 3405 coeperunt
415 3324 512 3387 etiam
539 3323 571 3386 in
600 3322 660 3388 hso
688 3327 812 3387 terrena
835 3325 1084 3407 peregrinatione
1117 3325 1265 3407 conpleri,

131 3432 342 3495 conuenienter
373 3433 531 3507 mouetur,
563 3448 664 3493 noune
687 3430 825 3495 intendit
848 3434 880 3495 et
904 3431 1041 3513 adspicit
1065 3434 1097 3495 et
1122 3432 1268 3517 agnoscit

130 3536 281 3615 perhanc
309 3537 486 3612 mulierem,
516 3536 608 3601 cuius
638 3537 733 3601 etiam
757 3556 882 3614 nomeu,
911 3538 944 3601 id
968 3541 1017 3601 est
1040 3538 1138 3617 Anna,
1164 3539 1266 3621 gratia

130 3641 193 3705 eius
214 3643 446 3727 interpretatur,
474 3644 578 3726 ipsam
606 3642 791 3727 religionem
815 3642 1037 3720 Christianam,
1063 3644 1164 3727 ipsam
1189 3644 1265 3707 ciui-

164 3834 178 3884 3
201 3834 296 3888 infirmi
325 3832 504 3903 alr²eppo
532 3834 651 3887 infirmes
680 3835 759 3904 b¹pa
786 3834 885 3888 Donad¹
914 3834 1023 3901 (infirmi
1052 3836 1115 3894 212,
1145 3837 1164 3885 8
1192 3838 1263 3899 mss.)

131 3922 288 3993 bscptimp
378 3923 614 3992 ilprineipibusp
706 3926 736 3977 11
757 3923 896 3977 benedicit
915 3921 941 3977 e²
1033 3924 1065 3976 12
1084 3924 1111 3975 iu
1131 3923 1265 3976 uirtutes

132 4014 215 4076 polest
231 4012 272 4065 uir
288 4030 323 4065 m.
344 4013 539 4080 &empty
593 4012 627 4065 13
646 4012 748 4065 faciens
763 4030 792 4081 p,
808 4014 933 4079 sortasse
954 4017 1023 4065 recle
1046 4010 1080 4077 cf.
1101 4026 1264 4080 praepararis

134 4097 630 4163 l.1eldaus—dansl.10,·lacitb
720 4102 809 4169 suum]
830 4102 887 4154 eius
906 4108 930 4167 f
1011 4102 1042 4153 15
1062 4100 1149 4153 uerba
1168 4104 1264 4168 potens

132 4190 411 4258 aequcadglorietor
429 4190 446 4242 1.
466 4193 503 4243 16
520 4206 604 4243 onae
660 4189 965 4243 liminelimine
1021 4190 1052 4242 19
1073 4190 1176 4257 etipse
1196 4187 1264 4257 bpa

135 4274 444 4347 aoalrmmetom.p
508 4278 725 4333 exultauitbra
760 4281 793 4332 21
816 4294 897 4332 cornu
918 4278 1202 4347 abeppo;cornunr
1223 4293 1265 4344 ρα

134 4360 222 4420 Domo.
272 4368 306 4422 25
324 4368 406 4420 huius
425 4367 541 4421 ferninae
561 4367 674 4433 hpipee
728 4368 761 4421 28
782 4368 864 4420 etiarn
885 4384 935 4421 om.
957 4384 970 4435 p

1181 4470 1228 4522 14*
