<?xml version="1.0" encoding="UTF-8"?>
<!DOCTYPE html PUBLIC "-//W3C//DTD XHTML 1.0 Transitional//EN"
    "http://www.w3.org/TR/xhtml1/DTD/xhtml1-transitional.dtd">
<html xmlns="http://www.w3.org/1999/xhtml" xml:lang="en" lang="en">
 <head>
  <title>
</title>
<meta http-equiv="Content-Type" content="text/html;charset=utf-8" />
  <meta name='ocr-system' content='tesseract 3.04.00' />
  <meta name='ocr-capabilities' content='ocr_page ocr_carea ocr_par ocr_line ocrx_word'/>
</head>
<body>
  <div class='ocr_page' id='page_1' title='image "./lta-2000/corpusscriptoru07wiengoog/corpusscriptoru07wiengoog_0403.png"; bbox 0 0 3192 4959; ppageno 0'>
   <div class='ocr_carea' id='block_1_1' title="bbox 317 411 1285 483">
    <p class='ocr_par' dir='ltr' id='par_1_1' title="bbox 317 411 1285 483">
     <span class='ocr_line' id='line_1_1' title="bbox 317 411 1285 483; baseline 0.008 -16"><span class='ocrx_word' id='word_1_1' title='bbox 317 413 367 467; x_wconf 89' lang='lat' dir='ltr'>De</span> <span class='ocrx_word' id='word_1_2' title='bbox 395 413 570 468; x_wconf 85' lang='lat' dir='ltr'>ciuitate</span> <span class='ocrx_word' id='word_1_3' title='bbox 598 411 659 467; x_wconf 87' lang='lat' dir='ltr'>dei</span> <span class='ocrx_word' id='word_1_4' title='bbox 687 413 751 465; x_wconf 88' lang='lat' dir='ltr'>lib.</span> <span class='ocrx_word' id='word_1_5' title='bbox 779 412 894 468; x_wconf 83' lang='lat' dir='ltr'>XVIIII.</span> <span class='ocrx_word' id='word_1_6' title='bbox 924 429 998 483; x_wconf 85' lang='lat' dir='ltr'>cap.</span> <span class='ocrx_word' id='word_1_7' title='bbox 1028 413 1052 469; x_wconf 81' lang='lat'>7.</span> <span class='ocrx_word' id='word_1_8' title='bbox 1080 413 1105 468; x_wconf 85' lang='lat'>8.</span> <span class='ocrx_word' id='word_1_9' title='bbox 1222 418 1285 480; x_wconf 83' lang='grc'>385</span> 
     </span>
    </p>
   </div>
   <div class='ocr_carea' id='block_1_2' title="bbox 590 607 838 674">
    <p class='ocr_par' dir='ltr' id='par_1_2' title="bbox 590 607 838 674">
     <span class='ocr_line' id='line_1_2' title="bbox 590 607 838 674; baseline -0.008 0"><span class='ocrx_word' id='word_1_10' title='bbox 590 607 729 674; x_wconf 82' lang='lat' dir='ltr'><strong>CAPUT</strong></span> <span class='ocrx_word' id='word_1_11' title='bbox 752 609 838 672; x_wconf 88' lang='lat' dir='ltr'>VIII.</span> 
     </span>
    </p>
   </div>
   <div class='ocr_carea' id='block_1_3' title="bbox 138 749 1287 1028">
    <p class='ocr_par' dir='ltr' id='par_1_3' title="bbox 138 749 1287 1028">
     <span class='ocr_line' id='line_1_3' title="bbox 138 749 1286 834; baseline 0.002 -19"><span class='ocrx_word' id='word_1_12' title='bbox 138 749 253 829; x_wconf 83' lang='lat' dir='ltr'>Quod</span> <span class='ocrx_word' id='word_1_13' title='bbox 286 749 427 814; x_wconf 87' lang='lat' dir='ltr'>amicit</span> <span class='ocrx_word' id='word_1_14' title='bbox 434 750 472 813; x_wconf 88' lang='lat' dir='ltr'>ia</span> <span class='ocrx_word' id='word_1_15' title='bbox 502 750 697 813; x_wconf 91' lang='lat' dir='ltr'>bonorum</span> <span class='ocrx_word' id='word_1_16' title='bbox 732 768 877 814; x_wconf 90' lang='lat' dir='ltr'>secura</span> <span class='ocrx_word' id='word_1_17' title='bbox 910 769 1104 814; x_wconf 88' lang='lat' dir='ltr'>essenon</span> <span class='ocrx_word' id='word_1_18' title='bbox 1141 752 1286 834; x_wconf 77' lang='lat' dir='ltr'><strong>possit,</strong></span> 
     </span>
     <span class='ocr_line' id='line_1_4' title="bbox 138 857 1287 942; baseline 0.001 -21"><span class='ocrx_word' id='word_1_19' title='bbox 138 858 228 922; x_wconf 89' lang='lat' dir='ltr'>dum</span> <span class='ocrx_word' id='word_1_20' title='bbox 258 877 275 920; x_wconf 88' lang='lat' dir='ltr'>a</span> <span class='ocrx_word' id='word_1_21' title='bbox 303 857 512 940; x_wconf 78' lang='lat' dir='ltr'>periculis,</span> <span class='ocrx_word' id='word_1_22' title='bbox 542 875 641 938; x_wconf 85' lang='lat' dir='ltr'>quae</span> <span class='ocrx_word' id='word_1_23' title='bbox 670 863 707 920; x_wconf 87' lang='lat' dir='ltr'>in</span> <span class='ocrx_word' id='word_1_24' title='bbox 736 857 811 920; x_wconf 89' lang='lat' dir='ltr'>hac</span> <span class='ocrx_word' id='word_1_25' title='bbox 835 857 898 920; x_wconf 93' lang='lat' dir='ltr'>uit</span> <span class='ocrx_word' id='word_1_26' title='bbox 906 861 1054 935; x_wconf 86' lang='lat' dir='ltr'>asunt,</span> <span class='ocrx_word' id='word_1_27' title='bbox 1083 857 1287 942; x_wconf 79' lang='lat' dir='ltr'>trepidari</span> 
     </span>
     <span class='ocr_line' id='line_1_5' title="bbox 582 967 849 1028; baseline 0.004 -1"><span class='ocrx_word' id='word_1_28' title='bbox 582 983 752 1027; x_wconf 88' lang='lat' dir='ltr'>necesse</span> <span class='ocrx_word' id='word_1_29' title='bbox 777 967 849 1028; x_wconf 88' lang='lat' dir='ltr'>est.</span> 
     </span>
    </p>
   </div>
   <div class='ocr_carea' id='block_1_4' title="bbox 98 1105 1296 3425">
    <p class='ocr_par' dir='ltr' id='par_1_4' title="bbox 108 1105 1291 1615">
     <span class='ocr_line' id='line_1_6' title="bbox 108 1105 1289 1190; baseline 0.006 -25"><span class='ocrx_word' id='word_1_30' title='bbox 108 1129 118 1165; x_wconf 72' lang='grc' dir='ltr'>ι</span> <span class='ocrx_word' id='word_1_31' title='bbox 183 1106 218 1172; x_wconf 88' lang='lat' dir='ltr'>Si</span> <span class='ocrx_word' id='word_1_32' title='bbox 243 1109 435 1170; x_wconf 84' lang='lat' dir='ltr'>autemnon</span> <span class='ocrx_word' id='word_1_33' title='bbox 460 1106 624 1190; x_wconf 84' lang='lat' dir='ltr'>contingat</span> <span class='ocrx_word' id='word_1_34' title='bbox 648 1105 802 1187; x_wconf 83' lang='lat' dir='ltr'><strong>quaedam</strong></span> <span class='ocrx_word' id='word_1_35' title='bbox 827 1106 1003 1189; x_wconf 75' lang='lat' dir='ltr'>ignorantia</span> <span class='ocrx_word' id='word_1_36' title='bbox 1026 1107 1141 1172; x_wconf 89' lang='lat' dir='ltr'>similis</span> <span class='ocrx_word' id='word_1_37' title='bbox 1165 1107 1289 1172; x_wconf 84' lang='lat' dir='ltr'>dernen-</span> 
     </span>
     <span class='ocr_line' id='line_1_7' title="bbox 137 1213 1290 1296; baseline 0 -18"><span class='ocrx_word' id='word_1_38' title='bbox 137 1214 212 1292; x_wconf 83' lang='lat' dir='ltr'>tiae,</span> <span class='ocrx_word' id='word_1_39' title='bbox 252 1231 332 1294; x_wconf 88' lang='lat' dir='ltr'>quae</span> <span class='ocrx_word' id='word_1_40' title='bbox 368 1215 473 1276; x_wconf 88' lang='lat' dir='ltr'>tamen</span> <span class='ocrx_word' id='word_1_41' title='bbox 510 1213 542 1276; x_wconf 89' lang='lat' dir='ltr'>in</span> <span class='ocrx_word' id='word_1_42' title='bbox 580 1213 675 1277; x_wconf 87' lang='lat' dir='ltr'>huius</span> <span class='ocrx_word' id='word_1_43' title='bbox 709 1213 794 1276; x_wconf 89' lang='lat' dir='ltr'>uitae</span> <span class='ocrx_word' id='word_1_44' title='bbox 828 1213 943 1277; x_wconf 87' lang='lat' dir='ltr'>misera</span> <span class='ocrx_word' id='word_1_45' title='bbox 981 1214 1163 1278; x_wconf 89' lang='lat' dir='ltr'>condicione</span> <span class='ocrx_word' id='word_1_46' title='bbox 1196 1233 1290 1296; x_wconf 81' lang='lat' dir='ltr'>saepe</span> 
     </span>
     <span class='ocr_line' id='line_1_8' title="bbox 138 1318 1290 1402; baseline 0 -18"><span class='ocrx_word' id='word_1_47' title='bbox 138 1319 308 1402; x_wconf 81' lang='lat' dir='ltr'>contingIt,</span> <span class='ocrx_word' id='word_1_48' title='bbox 337 1324 374 1383; x_wconf 88' lang='lat' dir='ltr'>ut</span> <span class='ocrx_word' id='word_1_49' title='bbox 398 1318 545 1383; x_wconf 89' lang='lat' dir='ltr'>credatur</span> <span class='ocrx_word' id='word_1_50' title='bbox 567 1321 620 1383; x_wconf 89' lang='lat' dir='ltr'>uel</span> <span class='ocrx_word' id='word_1_51' title='bbox 644 1321 766 1383; x_wconf 88' lang='lat' dir='ltr'>amicus</span> <span class='ocrx_word' id='word_1_52' title='bbox 792 1339 872 1398; x_wconf 89' lang='lat' dir='ltr'>esse,</span> <span class='ocrx_word' id='word_1_53' title='bbox 903 1320 957 1402; x_wconf 90' lang='lat' dir='ltr'>qui</span> <span class='ocrx_word' id='word_1_54' title='bbox 980 1321 1129 1384; x_wconf 88' lang='lat' dir='ltr'>inimicus</span> <span class='ocrx_word' id='word_1_55' title='bbox 1154 1323 1212 1395; x_wconf 91' lang='lat' dir='ltr'>est,</span> <span class='ocrx_word' id='word_1_56' title='bbox 1237 1323 1290 1384; x_wconf 95' lang='lat' dir='ltr'>uel</span> 
     </span>
     <span class='ocr_line' id='line_1_9' title="bbox 137 1427 1291 1508; baseline 0.001 -18"><span class='ocrx_word' id='word_1_57' title='bbox 137 1427 301 1503; x_wconf 90' lang='lat' dir='ltr'>inimicus,</span> <span class='ocrx_word' id='word_1_58' title='bbox 326 1427 380 1507; x_wconf 94' lang='lat' dir='ltr'>qui</span> <span class='ocrx_word' id='word_1_59' title='bbox 404 1427 526 1490; x_wconf 88' lang='lat' dir='ltr'>amicus</span> <span class='ocrx_word' id='word_1_60' title='bbox 550 1430 614 1490; x_wconf 90' lang='lat' dir='ltr'>est:</span> <span class='ocrx_word' id='word_1_61' title='bbox 638 1427 715 1508; x_wconf 92' lang='lat' dir='ltr'>quid</span> <span class='ocrx_word' id='word_1_62' title='bbox 738 1446 794 1491; x_wconf 90' lang='lat' dir='ltr'>nos</span> <span class='ocrx_word' id='word_1_63' title='bbox 820 1427 1001 1492; x_wconf 87' lang='lat' dir='ltr'>consolatur</span> <span class='ocrx_word' id='word_1_64' title='bbox 1023 1428 1055 1490; x_wconf 92' lang='lat' dir='ltr'>iu</span> <span class='ocrx_word' id='word_1_65' title='bbox 1075 1428 1133 1491; x_wconf 89' lang='lat' dir='ltr'>hac</span> <span class='ocrx_word' id='word_1_66' title='bbox 1152 1427 1291 1492; x_wconf 90' lang='lat' dir='ltr'>humana</span> 
     </span>
     <span class='ocr_line' id='line_1_10' title="bbox 138 1531 1290 1615; baseline -0.002 -17"><span class='ocrx_word' id='word_1_67' title='bbox 138 1533 295 1598; x_wconf 85' lang='lat' dir='ltr'>societate</span> <span class='ocrx_word' id='word_1_68' title='bbox 332 1531 490 1597; x_wconf 87' lang='lat' dir='ltr'>erroribus</span> <span class='ocrx_word' id='word_1_69' title='bbox 532 1533 754 1615; x_wconf 80' lang='lat' dir='ltr'>aerumnisque</span> <span class='ocrx_word' id='word_1_70' title='bbox 795 1533 983 1615; x_wconf 85' lang='lat' dir='ltr'>plenissima</span> <span class='ocrx_word' id='word_1_71' title='bbox 1016 1533 1078 1597; x_wconf 87' lang='lat' dir='ltr'>nisi</span> <span class='ocrx_word' id='word_1_72' title='bbox 1115 1533 1192 1598; x_wconf 85' lang='lat' dir='ltr'>tides</span> <span class='ocrx_word' id='word_1_73' title='bbox 1230 1553 1290 1598; x_wconf 93' lang='lat' dir='ltr'>non</span> 
     </span>
    </p>

    <p class='ocr_par' dir='ltr' id='par_1_5' title="bbox 99 1637 1292 2150">
     <span class='ocr_line' id='line_1_11' title="bbox 99 1637 1290 1718; baseline -0.003 -13"><span class='ocrx_word' id='word_1_74' title='bbox 99 1658 121 1695; x_wconf 84' lang='lat'>1⁰</span> <span class='ocrx_word' id='word_1_75' title='bbox 138 1642 215 1705; x_wconf 84' lang='lat' dir='ltr'>ficta</span> <span class='ocrx_word' id='word_1_76' title='bbox 239 1643 272 1704; x_wconf 90' lang='lat' dir='ltr'>et</span> <span class='ocrx_word' id='word_1_77' title='bbox 295 1643 408 1703; x_wconf 89' lang='lat' dir='ltr'>mutua</span> <span class='ocrx_word' id='word_1_78' title='bbox 431 1639 558 1704; x_wconf 86' lang='lat' dir='ltr'>dilectio</span> <span class='ocrx_word' id='word_1_79' title='bbox 584 1659 733 1704; x_wconf 87' lang='lat' dir='ltr'>neronum</span> <span class='ocrx_word' id='word_1_80' title='bbox 757 1642 789 1703; x_wconf 88' lang='lat' dir='ltr'>et</span> <span class='ocrx_word' id='word_1_81' title='bbox 808 1640 962 1704; x_wconf 91' lang='lat' dir='ltr'>bonorum</span> <span class='ocrx_word' id='word_1_82' title='bbox 983 1641 1179 1704; x_wconf 86' lang='lat' dir='ltr'>amicorum?</span> <span class='ocrx_word' id='word_1_83' title='bbox 1204 1637 1290 1718; x_wconf 80' lang='lat' dir='ltr'>Quos</span> 
     </span>
     <span class='ocr_line' id='line_1_12' title="bbox 139 1746 1292 1830; baseline -0.001 -19"><span class='ocrx_word' id='word_1_84' title='bbox 139 1751 261 1830; x_wconf 87' lang='lat' dir='ltr'>quanto</span> <span class='ocrx_word' id='word_1_85' title='bbox 294 1747 401 1830; x_wconf 85' lang='lat' dir='ltr'>plures</span> <span class='ocrx_word' id='word_1_86' title='bbox 434 1751 467 1811; x_wconf 92' lang='lat' dir='ltr'>et</span> <span class='ocrx_word' id='word_1_87' title='bbox 498 1747 529 1810; x_wconf 93' lang='lat' dir='ltr'>in</span> <span class='ocrx_word' id='word_1_88' title='bbox 562 1747 642 1811; x_wconf 86' lang='lat' dir='ltr'>locis</span> <span class='ocrx_word' id='word_1_89' title='bbox 670 1747 816 1828; x_wconf 87' lang='lat' dir='ltr'>pluribus</span> <span class='ocrx_word' id='word_1_90' title='bbox 844 1747 1009 1823; x_wconf 67' lang='lat' dir='ltr'>habemus</span> <span class='ocrx_word' id='word_1_91' title='bbox 1042 1751 1130 1811; x_wconf 89' lang='lat' dir='ltr'>tanto</span> <span class='ocrx_word' id='word_1_92' title='bbox 1163 1746 1292 1830; x_wconf 83' lang='lat' dir='ltr'>longius</span> 
     </span>
     <span class='ocr_line' id='line_1_13' title="bbox 138 1852 1292 1937; baseline -0.002 -19"><span class='ocrx_word' id='word_1_93' title='bbox 138 1855 303 1936; x_wconf 86' lang='lat' dir='ltr'>latiusque</span> <span class='ocrx_word' id='word_1_94' title='bbox 336 1853 521 1930; x_wconf 68' lang='lat' dir='ltr'>metuimus</span> <span class='ocrx_word' id='word_1_95' title='bbox 555 1873 593 1917; x_wconf 94' lang='lat' dir='ltr'>ne</span> <span class='ocrx_word' id='word_1_96' title='bbox 626 1852 702 1934; x_wconf 91' lang='lat' dir='ltr'>quid</span> <span class='ocrx_word' id='word_1_97' title='bbox 736 1853 782 1917; x_wconf 87' lang='lat' dir='ltr'>eis</span> <span class='ocrx_word' id='word_1_98' title='bbox 816 1855 979 1937; x_wconf 86' lang='lat' dir='ltr'>contingat</span> <span class='ocrx_word' id='word_1_99' title='bbox 1010 1853 1086 1917; x_wconf 84' lang='lat' dir='ltr'>mali</span> <span class='ocrx_word' id='word_1_100' title='bbox 1124 1855 1161 1917; x_wconf 88' lang='lat' dir='ltr'>de</span> <span class='ocrx_word' id='word_1_101' title='bbox 1195 1853 1292 1918; x_wconf 88' lang='lat' dir='ltr'>tantis</span> 
     </span>
     <span class='ocr_line' id='line_1_14' title="bbox 140 1958 1292 2044; baseline -0.001 -19"><span class='ocrx_word' id='word_1_102' title='bbox 140 1960 299 2025; x_wconf 86' lang='lat' dir='ltr'>malorum</span> <span class='ocrx_word' id='word_1_103' title='bbox 337 1960 506 2044; x_wconf 84' lang='lat' dir='ltr'>aggeribus</span> <span class='ocrx_word' id='word_1_104' title='bbox 543 1958 639 2023; x_wconf 87' lang='lat' dir='ltr'>huius</span> <span class='ocrx_word' id='word_1_105' title='bbox 678 1959 808 2026; x_wconf 85' lang='lat' dir='ltr'>saeculi.</span> <span class='ocrx_word' id='word_1_106' title='bbox 846 1959 915 2023; x_wconf 94' lang='lat' dir='ltr'>Non</span> <span class='ocrx_word' id='word_1_107' title='bbox 953 1959 1036 2024; x_wconf 90' lang='lat' dir='ltr'>enim</span> <span class='ocrx_word' id='word_1_108' title='bbox 1071 1960 1292 2025; x_wconf 87' lang='lat' dir='ltr'>tantummodo</span> 
     </span>
     <span class='ocr_line' id='line_1_15' title="bbox 141 2065 1292 2150; baseline -0.003 -17"><span class='ocrx_word' id='word_1_109' title='bbox 141 2067 276 2133; x_wconf 82' lang='lat' dir='ltr'>solliciti</span> <span class='ocrx_word' id='word_1_110' title='bbox 305 2085 429 2143; x_wconf 81' lang='lat' dir='ltr'>eumue,</span> <span class='ocrx_word' id='word_1_111' title='bbox 457 2085 496 2130; x_wconf 88' lang='lat' dir='ltr'>ne</span> <span class='ocrx_word' id='word_1_112' title='bbox 524 2065 619 2142; x_wconf 78' lang='lat' dir='ltr'>fame,</span> <span class='ocrx_word' id='word_1_113' title='bbox 648 2086 686 2130; x_wconf 89' lang='lat' dir='ltr'>ne</span> <span class='ocrx_word' id='word_1_114' title='bbox 709 2065 815 2140; x_wconf 86' lang='lat' dir='ltr'>bellis,</span> <span class='ocrx_word' id='word_1_115' title='bbox 844 2086 881 2130; x_wconf 93' lang='lat' dir='ltr'>ne</span> <span class='ocrx_word' id='word_1_116' title='bbox 905 2066 1034 2144; x_wconf 82' lang='lat' dir='ltr'>morbis,</span> <span class='ocrx_word' id='word_1_117' title='bbox 1064 2087 1101 2130; x_wconf 91' lang='lat' dir='ltr'>ne</span> <span class='ocrx_word' id='word_1_118' title='bbox 1126 2066 1292 2150; x_wconf 87' lang='lat' dir='ltr'>captiuita-</span> 
     </span>
    </p>

    <p class='ocr_par' dir='ltr' id='par_1_6' title="bbox 98 2172 1296 3425">
     <span class='ocr_line' id='line_1_16' title="bbox 100 2172 1293 2257; baseline 0.005 -26"><span class='ocrx_word' id='word_1_119' title='bbox 100 2191 124 2231; x_wconf 77' lang='grc' dir='ltr'>ιι</span> <span class='ocrx_word' id='word_1_120' title='bbox 140 2174 231 2238; x_wconf 84' lang='lat' dir='ltr'>tibus</span> <span class='ocrx_word' id='word_1_121' title='bbox 255 2173 454 2257; x_wconf 81' lang='lat' dir='ltr'>adfligentur,</span> <span class='ocrx_word' id='word_1_122' title='bbox 478 2193 517 2238; x_wconf 91' lang='lat' dir='ltr'>ue</span> <span class='ocrx_word' id='word_1_123' title='bbox 540 2174 571 2237; x_wconf 91' lang='lat' dir='ltr'>in</span> <span class='ocrx_word' id='word_1_124' title='bbox 591 2173 701 2238; x_wconf 87' lang='lat' dir='ltr'>eadem</span> <span class='ocrx_word' id='word_1_125' title='bbox 721 2174 877 2238; x_wconf 87' lang='lat' dir='ltr'>seruitute</span> <span class='ocrx_word' id='word_1_126' title='bbox 896 2172 973 2237; x_wconf 87' lang='lat' dir='ltr'>talia</span> <span class='ocrx_word' id='word_1_127' title='bbox 993 2173 1162 2256; x_wconf 82' lang='lat' dir='ltr'>patiantur,</span> <span class='ocrx_word' id='word_1_128' title='bbox 1186 2173 1293 2256; x_wconf 89' lang='lat' dir='ltr'>qualia</span> 
     </span>
     <span class='ocr_line' id='line_1_17' title="bbox 141 2279 1292 2364; baseline 0 -20"><span class='ocrx_word' id='word_1_129' title='bbox 141 2299 201 2344; x_wconf 87' lang='lat' dir='ltr'>nec</span> <span class='ocrx_word' id='word_1_130' title='bbox 229 2280 370 2364; x_wconf 85' lang='lat' dir='ltr'>cogitare</span> <span class='ocrx_word' id='word_1_131' title='bbox 398 2280 592 2355; x_wconf 78' lang='lat' dir='ltr'>sufficimus3</span> <span class='ocrx_word' id='word_1_132' title='bbox 626 2300 738 2344; x_wconf 89' lang='lat' dir='ltr'>uerum</span> <span class='ocrx_word' id='word_1_133' title='bbox 768 2281 874 2354; x_wconf 86' lang='lat' dir='ltr'>etiam,</span> <span class='ocrx_word' id='word_1_134' title='bbox 908 2281 963 2343; x_wconf 91' lang='lat' dir='ltr'>ubi</span> <span class='ocrx_word' id='word_1_135' title='bbox 990 2281 1086 2344; x_wconf 89' lang='lat' dir='ltr'>timor</span> <span class='ocrx_word' id='word_1_136' title='bbox 1114 2283 1163 2344; x_wconf 89' lang='lat' dir='ltr'>est</span> <span class='ocrx_word' id='word_1_137' title='bbox 1191 2279 1292 2344; x_wconf 89' lang='lat' dir='ltr'>multo</span> 
     </span>
     <span class='ocr_line' id='line_1_18' title="bbox 142 2385 1295 2469; baseline -0.003 -19"><span class='ocrx_word' id='word_1_138' title='bbox 142 2387 289 2464; x_wconf 87' lang='lat' dir='ltr'>amarior,</span> <span class='ocrx_word' id='word_1_139' title='bbox 326 2406 364 2450; x_wconf 89' lang='lat' dir='ltr'>ne</span> <span class='ocrx_word' id='word_1_140' title='bbox 396 2387 427 2451; x_wconf 93' lang='lat' dir='ltr'>in</span> <span class='ocrx_word' id='word_1_141' title='bbox 463 2387 628 2469; x_wconf 87' lang='lat' dir='ltr'>perfidiam</span> <span class='ocrx_word' id='word_1_142' title='bbox 661 2387 816 2452; x_wconf 88' lang='lat' dir='ltr'>malitiam</span> <span class='ocrx_word' id='word_1_143' title='bbox 849 2385 1086 2469; x_wconf 76' lang='lat' dir='ltr'>nequitiamque</span> <span class='ocrx_word' id='word_1_144' title='bbox 1123 2388 1295 2450; x_wconf 89' lang='lat' dir='ltr'>mutentur.</span> 
     </span>
     <span class='ocr_line' id='line_1_19' title="bbox 142 2491 1294 2578; baseline -0.002 -22"><span class='ocrx_word' id='word_1_145' title='bbox 142 2493 184 2556; x_wconf 84' lang='lat' dir='ltr'>Et</span> <span class='ocrx_word' id='word_1_146' title='bbox 219 2491 343 2575; x_wconf 84' lang='lat' dir='ltr'>quando</span> <span class='ocrx_word' id='word_1_147' title='bbox 375 2493 438 2557; x_wconf 87' lang='lat' dir='ltr'>ista</span> <span class='ocrx_word' id='word_1_148' title='bbox 471 2493 659 2578; x_wconf 87' lang='lat' dir='ltr'>contingunt</span> <span class='ocrx_word' id='word_1_149' title='bbox 687 2491 787 2576; x_wconf 90' lang='lat' dir='ltr'>(tauto</span> <span class='ocrx_word' id='word_1_150' title='bbox 821 2493 932 2575; x_wconf 92' lang='lat' dir='ltr'>utique</span> <span class='ocrx_word' id='word_1_151' title='bbox 960 2493 1061 2574; x_wconf 84' lang='lat' dir='ltr'>plura,</span> <span class='ocrx_word' id='word_1_152' title='bbox 1095 2493 1212 2573; x_wconf 90' lang='lat' dir='ltr'>quanto</span> <span class='ocrx_word' id='word_1_153' title='bbox 1245 2491 1294 2555; x_wconf 90' lang='lat' dir='ltr'>iIIi</span> 
     </span>
     <span class='ocr_line' id='line_1_20' title="bbox 143 2599 1295 2685; baseline -0.003 -22"><span class='ocrx_word' id='word_1_154' title='bbox 143 2602 222 2663; x_wconf 85' lang='lat' dir='ltr'>sunt</span> <span class='ocrx_word' id='word_1_155' title='bbox 249 2599 370 2685; x_wconf 88' lang='lat' dir='ltr'>plures)</span> <span class='ocrx_word' id='word_1_156' title='bbox 400 2605 432 2664; x_wconf 90' lang='lat' dir='ltr'>et</span> <span class='ocrx_word' id='word_1_157' title='bbox 457 2600 488 2663; x_wconf 95' lang='lat' dir='ltr'>in</span> <span class='ocrx_word' id='word_1_158' title='bbox 519 2603 659 2663; x_wconf 89' lang='lat' dir='ltr'>nostram</span> <span class='ocrx_word' id='word_1_159' title='bbox 687 2601 835 2664; x_wconf 89' lang='lat' dir='ltr'>notitiam</span> <span class='ocrx_word' id='word_1_160' title='bbox 863 2600 1071 2682; x_wconf 76' lang='lat' dir='ltr'>perferuntur,</span> <span class='ocrx_word' id='word_1_161' title='bbox 1101 2599 1216 2680; x_wconf 90' lang='lat' dir='ltr'>quibus</span> <span class='ocrx_word' id='word_1_162' title='bbox 1241 2617 1295 2662; x_wconf 88' lang='lat' dir='ltr'>cor</span> 
     </span>
     <span class='ocr_line' id='line_1_21' title="bbox 99 2705 1293 2790; baseline -0.001 -21"><span class='ocrx_word' id='word_1_163' title='bbox 99 2722 125 2759; x_wconf 60' lang='grc' dir='ltr'>ει</span> <span class='ocrx_word' id='word_1_164' title='bbox 144 2708 293 2769; x_wconf 86' lang='lat' dir='ltr'>nostrum</span> <span class='ocrx_word' id='word_1_165' title='bbox 325 2705 432 2790; x_wconf 81' lang='lat' dir='ltr'>flagris</span> <span class='ocrx_word' id='word_1_166' title='bbox 464 2711 584 2784; x_wconf 89' lang='lat' dir='ltr'>uratur,</span> <span class='ocrx_word' id='word_1_167' title='bbox 623 2707 695 2789; x_wconf 86' lang='lat' dir='ltr'>quie</span> <span class='ocrx_word' id='word_1_168' title='bbox 732 2710 850 2790; x_wconf 89' lang='lat' dir='ltr'>potest,</span> <span class='ocrx_word' id='word_1_169' title='bbox 888 2706 948 2770; x_wconf 92' lang='lat' dir='ltr'>nisi</span> <span class='ocrx_word' id='word_1_170' title='bbox 985 2707 1040 2788; x_wconf 92' lang='lat' dir='ltr'>qui</span> <span class='ocrx_word' id='word_1_171' title='bbox 1072 2706 1150 2770; x_wconf 86' lang='lat' dir='ltr'>talia</span> <span class='ocrx_word' id='word_1_172' title='bbox 1187 2707 1293 2784; x_wconf 80' lang='lat' dir='ltr'>sentit,</span> 
     </span>
     <span class='ocr_line' id='line_1_22' title="bbox 142 2812 1294 2897; baseline 0.001 -22"><span class='ocrx_word' id='word_1_173' title='bbox 142 2812 334 2877; x_wconf 82' lang='lat' dir='ltr'>aduertere?</span> <span class='ocrx_word' id='word_1_174' title='bbox 361 2813 506 2879; x_wconf 84' lang='lat' dir='ltr'>Mortuos</span> <span class='ocrx_word' id='word_1_175' title='bbox 530 2815 647 2897; x_wconf 88' lang='lat' dir='ltr'>quippe</span> <span class='ocrx_word' id='word_1_176' title='bbox 666 2813 775 2877; x_wconf 88' lang='lat' dir='ltr'>audire</span> <span class='ocrx_word' id='word_1_177' title='bbox 799 2815 978 2888; x_wconf 74' lang='lat' dir='ltr'>mallemua</span> <span class='ocrx_word' id='word_1_178' title='bbox 1008 2813 1154 2895; x_wconf 88' lang='lat' dir='ltr'>quamuis</span> <span class='ocrx_word' id='word_1_179' title='bbox 1179 2816 1211 2878; x_wconf 90' lang='lat' dir='ltr'>et</span> <span class='ocrx_word' id='word_1_180' title='bbox 1233 2813 1294 2877; x_wconf 90' lang='lat' dir='ltr'>hoc</span> 
     </span>
     <span class='ocr_line' id='line_1_23' title="bbox 142 2919 1294 3003; baseline -0.002 -19"><span class='ocrx_word' id='word_1_181' title='bbox 142 2921 215 2985; x_wconf 87' lang='lat' dir='ltr'>sine</span> <span class='ocrx_word' id='word_1_182' title='bbox 239 2920 347 2984; x_wconf 88' lang='lat' dir='ltr'>dolore</span> <span class='ocrx_word' id='word_1_183' title='bbox 371 2940 431 2984; x_wconf 91' lang='lat' dir='ltr'>non</span> <span class='ocrx_word' id='word_1_184' title='bbox 450 2921 613 3002; x_wconf 86' lang='lat' dir='ltr'>possimus</span> <span class='ocrx_word' id='word_1_185' title='bbox 633 2921 749 2985; x_wconf 86' lang='lat' dir='ltr'>audire.</span> <span class='ocrx_word' id='word_1_186' title='bbox 775 2919 917 2999; x_wconf 84' lang='lat' dir='ltr'>Quorum</span> <span class='ocrx_word' id='word_1_187' title='bbox 937 2919 1020 2983; x_wconf 84' lang='lat' dir='ltr'>anim</span> <span class='ocrx_word' id='word_1_188' title='bbox 1040 2939 1097 2984; x_wconf 88' lang='lat' dir='ltr'>nos</span> <span class='ocrx_word' id='word_1_189' title='bbox 1116 2922 1185 2984; x_wconf 89' lang='lat' dir='ltr'>uita</span> <span class='ocrx_word' id='word_1_190' title='bbox 1203 2939 1294 3003; x_wconf 90' lang='lat' dir='ltr'>prop-</span> 
     </span>
     <span class='ocr_line' id='line_1_24' title="bbox 141 3027 1294 3109; baseline -0.003 -16"><span class='ocrx_word' id='word_1_191' title='bbox 141 3033 194 3093; x_wconf 87' lang='lat' dir='ltr'>ter</span> <span class='ocrx_word' id='word_1_192' title='bbox 217 3027 378 3091; x_wconf 86' lang='lat' dir='ltr'>amicitiae</span> <span class='ocrx_word' id='word_1_193' title='bbox 407 3028 525 3092; x_wconf 86' lang='lat' dir='ltr'>solacia</span> <span class='ocrx_word' id='word_1_194' title='bbox 548 3027 735 3103; x_wconf 86' lang='lat' dir='ltr'>delectabat,</span> <span class='ocrx_word' id='word_1_195' title='bbox 764 3027 847 3090; x_wconf 89' lang='lat' dir='ltr'>unde</span> <span class='ocrx_word' id='word_1_196' title='bbox 871 3027 937 3090; x_wconf 90' lang='lat' dir='ltr'>fieri</span> <span class='ocrx_word' id='word_1_197' title='bbox 970 3030 1088 3109; x_wconf 89' lang='lat' dir='ltr'>potest,</span> <span class='ocrx_word' id='word_1_198' title='bbox 1117 3030 1154 3090; x_wconf 92' lang='lat' dir='ltr'>ut</span> <span class='ocrx_word' id='word_1_199' title='bbox 1186 3046 1294 3091; x_wconf 88' lang='lat' dir='ltr'>eorum</span> 
     </span>
     <span class='ocr_line' id='line_1_25' title="bbox 142 3132 1296 3220; baseline 0 -20"><span class='ocrx_word' id='word_1_200' title='bbox 142 3155 232 3200; x_wconf 90' lang='lat' dir='ltr'>mors</span> <span class='ocrx_word' id='word_1_201' title='bbox 250 3135 373 3198; x_wconf 88' lang='lat' dir='ltr'>nullam</span> <span class='ocrx_word' id='word_1_202' title='bbox 390 3134 481 3200; x_wconf 86' lang='lat' dir='ltr'>nobis</span> <span class='ocrx_word' id='word_1_203' title='bbox 501 3135 624 3220; x_wconf 85' lang='lat' dir='ltr'>ingerat</span> <span class='ocrx_word' id='word_1_204' title='bbox 641 3134 922 3199; x_wconf 81' lang='lat' dir='ltr'>maestitudInem‘?</span> <span class='ocrx_word' id='word_1_205' title='bbox 944 3132 1045 3212; x_wconf 85' lang='lat' dir='ltr'>Quam</span> <span class='ocrx_word' id='word_1_206' title='bbox 1065 3135 1119 3216; x_wconf 92' lang='lat' dir='ltr'>qui</span> <span class='ocrx_word' id='word_1_207' title='bbox 1138 3134 1296 3216; x_wconf 84' lang='lat' dir='ltr'>prohibet,</span> 
     </span>
     <span class='ocr_line' id='line_1_26' title="bbox 98 3239 1292 3324; baseline 0.003 -24"><span class='ocrx_word' id='word_1_208' title='bbox 98 3263 123 3300; x_wconf 77' lang='lat' dir='ltr'>aa</span> <span class='ocrx_word' id='word_1_209' title='bbox 143 3241 323 3324; x_wconf 81' lang='lat' dir='ltr'>prohibeat,</span> <span class='ocrx_word' id='word_1_210' title='bbox 361 3239 389 3304; x_wconf 90' lang='lat' dir='ltr'>si</span> <span class='ocrx_word' id='word_1_211' title='bbox 424 3243 541 3324; x_wconf 85' lang='lat' dir='ltr'>potest,</span> <span class='ocrx_word' id='word_1_212' title='bbox 580 3240 682 3305; x_wconf 85' lang='lat' dir='ltr'>amica</span> <span class='ocrx_word' id='word_1_213' title='bbox 709 3240 887 3321; x_wconf 88' lang='lat' dir='ltr'>conloquia,</span> <span class='ocrx_word' id='word_1_214' title='bbox 925 3240 1092 3304; x_wconf 78' lang='lat' dir='ltr'>interdicat</span> <span class='ocrx_word' id='word_1_215' title='bbox 1129 3241 1292 3305; x_wconf 86' lang='lat' dir='ltr'>amicalem</span> 
     </span>
     <span class='ocr_line' id='line_1_27' title="bbox 143 3347 1294 3425; baseline -0.001 -13"><span class='ocrx_word' id='word_1_216' title='bbox 143 3351 197 3414; x_wconf 92' lang='lat' dir='ltr'>uel</span> <span class='ocrx_word' id='word_1_217' title='bbox 225 3348 395 3412; x_wconf 85' lang='lat' dir='ltr'>intercidat</span> <span class='ocrx_word' id='word_1_218' title='bbox 421 3349 592 3425; x_wconf 86' lang='lat' dir='ltr'>adfectum,</span> <span class='ocrx_word' id='word_1_219' title='bbox 616 3349 823 3412; x_wconf 89' lang='lat' dir='ltr'>humanarum</span> <span class='ocrx_word' id='word_1_220' title='bbox 856 3347 994 3411; x_wconf 88' lang='lat' dir='ltr'>omniurn</span> <span class='ocrx_word' id='word_1_221' title='bbox 1024 3348 1294 3412; x_wconf 85' lang='lat' dir='ltr'>necessitudinum</span> 
     </span>
    </p>
   </div>
   <div class='ocr_carea' id='block_1_5' title="bbox 182 3685 1295 3758">
    <p class='ocr_par' dir='ltr' id='par_1_7' title="bbox 182 3685 1295 3758">
     <span class='ocr_line' id='line_1_28' title="bbox 182 3685 1295 3758; baseline -0.005 -15"><span class='ocrx_word' id='word_1_222' title='bbox 182 3690 316 3758; x_wconf 85' lang='lat' dir='ltr'>3quac</span> <span class='ocrx_word' id='word_1_223' title='bbox 309 3705 337 3742; x_wconf 92' lang='grc' dir='ltr'>ιιι</span> <span class='ocrx_word' id='word_1_224' title='bbox 356 3688 407 3742; x_wconf 81' lang='lat' dir='ltr'>heo</span> <span class='ocrx_word' id='word_1_225' title='bbox 425 3688 484 3741; x_wconf 87' lang='lat' dir='ltr'>uita</span> <span class='ocrx_word' id='word_1_226' title='bbox 503 3689 576 3756; x_wconf 86' lang='lat' dir='ltr'>sunt]</span> <span class='ocrx_word' id='word_1_227' title='bbox 597 3687 749 3756; x_wconf 85' lang='lat' dir='ltr'>praesentis</span> <span class='ocrx_word' id='word_1_228' title='bbox 767 3686 858 3757; x_wconf 74' lang='lat' dir='ltr'>uItqp</span> <span class='ocrx_word' id='word_1_229' title='bbox 898 3687 971 3740; x_wconf 87' lang='lat' dir='ltr'>4cst</span> <span class='ocrx_word' id='word_1_230' title='bbox 987 3687 1067 3755; x_wconf 76' lang='lat' dir='ltr'><strong><em>yfp;</em></strong></span> <span class='ocrx_word' id='word_1_231' title='bbox 1087 3685 1123 3738; x_wconf 86' lang='lat' dir='ltr'>sit</span> <span class='ocrx_word' id='word_1_232' title='bbox 1143 3685 1295 3753; x_wconf 76' lang='lat' dir='ltr'>quorrcb.</span> 
     </span>
    </p>
   </div>
   <div class='ocr_carea' id='block_1_6' title="bbox 143 3802 1296 3964">
    <p class='ocr_par' dir='ltr' id='par_1_8' title="bbox 143 3802 1296 3964">
     <span class='ocr_line' id='line_1_29' title="bbox 144 3802 1296 3874; baseline -0.003 -16"><span class='ocrx_word' id='word_1_233' title='bbox 144 3805 380 3874; x_wconf 74' lang='lat' dir='ltr'>Icontingitur.</span> <span class='ocrx_word' id='word_1_234' title='bbox 399 3807 482 3858; x_wconf 74' lang='lat' dir='ltr'>utne.</span> <span class='ocrx_word' id='word_1_235' title='bbox 502 3807 529 3867; x_wconf 84' lang='lat'>2,</span> <span class='ocrx_word' id='word_1_236' title='bbox 547 3820 565 3872; x_wconf 76' lang='lat' dir='ltr'>q</span> <span class='ocrx_word' id='word_1_237' title='bbox 620 3805 650 3857; x_wconf 94' lang='lat' dir='ltr'>ll</span> <span class='ocrx_word' id='word_1_238' title='bbox 672 3802 824 3872; x_wconf 83' lang='lat' dir='ltr'>habelmus,</span> <span class='ocrx_word' id='word_1_239' title='bbox 845 3817 958 3867; x_wconf 75' lang='lat' dir='ltr'>aeros,</span> <span class='ocrx_word' id='word_1_240' title='bbox 977 3820 994 3871; x_wconf 78' lang='lat' dir='ltr'>q</span> <span class='ocrx_word' id='word_1_241' title='bbox 1051 3802 1083 3855; x_wconf 83' lang='lat'>15</span> <span class='ocrx_word' id='word_1_242' title='bbox 1102 3802 1264 3870; x_wconf 76' lang='lat' dir='ltr'>nesciantur,</span> <span class='ocrx_word' id='word_1_243' title='bbox 1284 3817 1296 3854; x_wconf 92' lang='lat' dir='ltr'>r</span> 
     </span>
     <span class='ocr_line' id='line_1_30' title="bbox 143 3890 1296 3964; baseline -0.004 -17"><span class='ocrx_word' id='word_1_244' title='bbox 143 3911 227 3956; x_wconf 66' lang='lat' dir='ltr'>eron,</span> <span class='ocrx_word' id='word_1_245' title='bbox 243 3911 263 3964; x_wconf 77' lang='lat' dir='ltr'>q</span> <span class='ocrx_word' id='word_1_246' title='bbox 308 3895 341 3946; x_wconf 80' lang='lat'>17</span> <span class='ocrx_word' id='word_1_247' title='bbox 359 3893 556 3962; x_wconf 79' lang='lat' dir='ltr'>malitiamque,</span> <span class='ocrx_word' id='word_1_248' title='bbox 576 3892 746 3959; x_wconf 74' lang='lat' dir='ltr'>adscripto&#39;</span> <span class='ocrx_word' id='word_1_249' title='bbox 733 3908 766 3944; x_wconf 84' lang='lat' dir='ltr'>m</span> <span class='ocrx_word' id='word_1_250' title='bbox 783 3908 869 3959; x_wconf 67' lang='lat' dir='ltr'>maru.</span> <span class='ocrx_word' id='word_1_251' title='bbox 889 3891 1101 3960; x_wconf 85' lang='lat' dir='ltr'>nequitiamque,</span> <span class='ocrx_word' id='word_1_252' title='bbox 1122 3907 1136 3944; x_wconf 86' lang='lat' dir='ltr'>e</span> <span class='ocrx_word' id='word_1_253' title='bbox 1183 3891 1215 3943; x_wconf 87' lang='grc'>19</span> <span class='ocrx_word' id='word_1_254' title='bbox 1234 3890 1296 3959; x_wconf 90' lang='lat' dir='ltr'>plu·</span> 
     </span>
    </p>
   </div>
   <div class='ocr_carea' id='block_1_7' title="bbox 143 3991 1296 4088">
    <p class='ocr_par' dir='ltr' id='par_1_9' title="bbox 143 3991 1296 4088">
     <span class='ocr_line' id='line_1_31' title="bbox 143 3991 1296 4088; baseline -0.004 -15"><span class='ocrx_word' id='word_1_255' title='bbox 143 4037 190 4074; x_wconf 86' lang='lat' dir='ltr'>res</span> <span class='ocrx_word' id='word_1_256' title='bbox 210 4017 302 4086; x_wconf 82' lang='lat' dir='ltr'>codd.‚·</span> <span class='ocrx_word' id='word_1_257' title='bbox 321 4020 412 4088; x_wconf 80' lang='lat' dir='ltr'>plures</span> <span class='ocrx_word' id='word_1_258' title='bbox 432 4019 506 4072; x_wconf 79' lang='lat' dir='ltr'>otiu</span> <span class='ocrx_word' id='word_1_259' title='bbox 524 4017 648 4088; x_wconf 86' lang='lat' dir='ltr'>pluribus</span> <span class='ocrx_word' id='word_1_260' title='bbox 667 4016 762 4070; x_wconf 86' lang='lat' dir='ltr'>Iociso</span> <span class='ocrx_word' id='word_1_261' title='bbox 813 4017 847 4068; x_wconf 82' lang='lat'>23</span> <span class='ocrx_word' id='word_1_262' title='bbox 865 3991 973 4078; x_wconf 72' lang='lat' dir='ltr'>solatia,</span> <span class='ocrx_word' id='word_1_263' title='bbox 992 4016 1024 4067; x_wconf 82' lang='lat' dir='ltr'>in</span> <span class='ocrx_word' id='word_1_264' title='bbox 1043 4031 1127 4082; x_wconf 71' lang='lat' dir='ltr'>rnorq.</span> <span class='ocrx_word' id='word_1_265' title='bbox 1146 3991 1296 4078; x_wconf 68' lang='lat' dir='ltr'>socialius</span> 
     </span>
    </p>
   </div>
   <div class='ocr_carea' id='block_1_8' title="bbox 143 4115 1297 4376">
    <p class='ocr_par' dir='ltr' id='par_1_10' title="bbox 143 4115 1297 4376">
     <span class='ocr_line' id='line_1_32' title="bbox 143 4115 1297 4213; baseline -0.006 -15"><span class='ocrx_word' id='word_1_266' title='bbox 143 4146 183 4198; x_wconf 83' lang='lat'>24</span> <span class='ocrx_word' id='word_1_267' title='bbox 197 4144 307 4213; x_wconf 86' lang='lat' dir='ltr'>proibet</span> <span class='ocrx_word' id='word_1_268' title='bbox 316 4143 468 4212; x_wconf 70' lang='lat' dir='ltr'>proibeatq</span> <span class='ocrx_word' id='word_1_269' title='bbox 504 4143 540 4195; x_wconf 76' lang='lat'>25</span> <span class='ocrx_word' id='word_1_270' title='bbox 549 4159 588 4210; x_wconf 82' lang='lat' dir='ltr'>sq.</span> <span class='ocrx_word' id='word_1_271' title='bbox 598 4141 746 4195; x_wconf 85' lang='lat' dir='ltr'>interdicat</span> <span class='ocrx_word' id='word_1_272' title='bbox 757 4183 763 4194; x_wconf 91' lang='lat'><strong>.</strong></span> <span class='ocrx_word' id='word_1_273' title='bbox 775 4183 780 4193; x_wconf 95' lang='lat'><em>.</em></span> <span class='ocrx_word' id='word_1_274' title='bbox 792 4115 946 4202; x_wconf 86' lang='lat' dir='ltr'>interdicat,</span> <span class='ocrx_word' id='word_1_275' title='bbox 956 4141 987 4192; x_wconf 80' lang='lat' dir='ltr'>iu</span> <span class='ocrx_word' id='word_1_276' title='bbox 1002 4156 1085 4208; x_wconf 72' lang='lat' dir='ltr'>trcurq.</span> <span class='ocrx_word' id='word_1_277' title='bbox 1101 4115 1255 4204; x_wconf 82' lang='lat' dir='ltr'>intercidat,</span> <span class='ocrx_word' id='word_1_278' title='bbox 1269 4155 1297 4202; x_wconf 79' lang='lat' dir='ltr'>e,-</span> 
     </span>
     <span class='ocr_line' id='line_1_33' title="bbox 144 4228 1296 4296; baseline -0.006 -10"><span class='ocrx_word' id='word_1_279' title='bbox 144 4231 297 4287; x_wconf 81' lang='lat' dir='ltr'>interoidat</span> <span class='ocrx_word' id='word_1_280' title='bbox 317 4273 323 4286; x_wconf 93' lang='lat'><strong>.</strong></span> <span class='ocrx_word' id='word_1_281' title='bbox 343 4275 350 4287; x_wconf 93' lang='lat'><strong><em>.</em></strong></span> <span class='ocrx_word' id='word_1_282' title='bbox 370 4231 517 4285; x_wconf 82' lang='lat' dir='ltr'>intercidat</span> <span class='ocrx_word' id='word_1_283' title='bbox 540 4231 555 4283; x_wconf 81' lang='lat' dir='ltr'><em>b</em></span> <span class='ocrx_word' id='word_1_284' title='bbox 687 4228 835 4282; x_wconf 85' lang='lat' dir='ltr'>interdicat</span> <span class='ocrx_word' id='word_1_285' title='bbox 859 4228 999 4282; x_wconf 83' lang='lat' dir='ltr'>amicalem</span> <span class='ocrx_word' id='word_1_286' title='bbox 1024 4229 1254 4281; x_wconf 84' lang='lat' dir='ltr'>conuersationenr</span> <span class='ocrx_word' id='word_1_287' title='bbox 1274 4243 1296 4296; x_wconf 77' lang='lat' dir='ltr'><strong><em>p</em></strong></span> 
     </span>
     <span class='ocr_line' id='line_1_34' title="bbox 144 4320 448 4376; baseline -0.007 -1"><span class='ocrx_word' id='word_1_288' title='bbox 144 4323 184 4376; x_wconf 78' lang='lat'>26</span> <span class='ocrx_word' id='word_1_289' title='bbox 203 4321 322 4374; x_wconf 89' lang='lat' dir='ltr'>omnium</span> <span class='ocrx_word' id='word_1_290' title='bbox 340 4320 448 4376; x_wconf 82' lang='lat' dir='ltr'>humo</span> 
     </span>
    </p>
   </div>
   <div class='ocr_carea' id='block_1_9' title="bbox 176 4421 1260 4495">
    <p class='ocr_par' dir='ltr' id='par_1_11' title="bbox 176 4421 1260 4495">
     <span class='ocr_line' id='line_1_35' title="bbox 176 4421 1260 4495; baseline -0.014 -8"><span class='ocrx_word' id='word_1_291' title='bbox 176 4446 260 4487; x_wconf 78' lang='lat' dir='ltr'>xxxx</span> <span class='ocrx_word' id='word_1_292' title='bbox 275 4445 336 4495; x_wconf 60' lang='lat' dir='ltr'>nug.</span> <span class='ocrx_word' id='word_1_293' title='bbox 350 4456 421 4495; x_wconf 71' lang='lat' dir='ltr'>oper·</span> <span class='ocrx_word' id='word_1_294' title='bbox 435 4443 511 4486; x_wconf 71' lang='lat' dir='ltr'>sessu</span> <span class='ocrx_word' id='word_1_295' title='bbox 526 4445 545 4486; x_wconf 91' lang='lat' dir='ltr'>v</span> <span class='ocrx_word' id='word_1_296' title='bbox 559 4454 611 4494; x_wconf 73' lang='grc' dir='ltr'>μη</span> <span class='ocrx_word' id='word_1_297' title='bbox 626 4444 656 4484; x_wconf 93' lang='grc' dir='ltr'>ιι.</span> <span class='ocrx_word' id='word_1_298' title='bbox 1227 4421 1260 4472; x_wconf 84' lang='grc'>25</span> 
     </span>
    </p>
   </div>
   <div class='ocr_carea' id='block_1_10' title="bbox 0 0 1608 4959">
    <p class='ocr_par' dir='ltr' id='par_1_12' title="bbox 0 0 1608 4959">
     <span class='ocr_line' id='line_1_36' title="bbox 0 0 1608 4959; baseline 0 0"><span class='ocrx_word' id='word_1_299' title='bbox 0 0 1608 4959; x_wconf 95' lang='lat' dir='ltr'> </span> 
     </span>
    </p>
   </div>
  </div>
 </body>
</html>
