3192 4959
322 436 386 499 208
668 432 695 485 S.
723 433 881 486 Aurelii
908 432 1126 501 Augustini

322 629 501 705 caelestem,
524 628 675 692 nonnulla
699 627 738 690 ad
761 629 940 708 utramque.
970 625 1128 709 Exemplis
1151 626 1246 690 uideo
1270 625 1458 709 probandum

321 754 392 800 esse
416 734 500 817 quod
524 734 604 799 dieo.
624 734 746 798 Missus
765 737 815 798 est
833 732 959 797 Nathan
978 733 1142 815 propbeta,
1163 733 1217 815 qui
1236 750 1344 815 regem
1364 731 1459 795 Dauid

321 843 467 927 argueret
499 840 538 904 de
565 843 695 922 peceato
725 839 816 922 graui
844 843 875 903 et
904 839 943 915 ei,
973 857 1053 921 quae
1082 842 1254 903 consecuta
1276 843 1353 902 sunt
1376 840 1458 915 mala,

319 950 429 1013 futura
455 946 658 1029 praediceret.
687 945 775 1009 Haeo
805 946 905 1027 adque
935 946 1030 1009 huius
1059 945 1147 1009 modi
1175 946 1244 1010 siue
1268 945 1405 1028 publiee,
1433 945 1460 1008 id

322 1059 371 1118 est
403 1072 458 1137 pro
493 1053 596 1117 salute
630 1052 683 1116 uel
710 1053 852 1117 utilitate
880 1052 1002 1135 populi,
1032 1052 1101 1117 siue
1124 1052 1286 1133 priuatim,
1316 1070 1389 1115 eum
1411 1070 1492 1134 pros

321 1161 389 1227 suis
422 1160 557 1241 quisque
585 1159 680 1223 rebus
709 1159 818 1222 diuina
844 1162 1075 1241 promereretur
1104 1158 1239 1240 eloquia,
1269 1158 1385 1239 quibus
1412 1176 1460 1239 pro

320 1287 381 1331 usu
409 1266 595 1349 temporalis
627 1266 714 1329 uitae
742 1266 843 1329 futuri
871 1265 992 1347 aliquid
1020 1268 1217 1342 nosceretur,
1246 1265 1285 1328 ad
1312 1267 1461 1329 terrenam

323 1373 488 1437 ciuitatem
512 1372 704 1454 pertinuisse
729 1372 800 1454 quis
826 1372 987 1455 ambigat?
1011 1372 1074 1437 Ubi
1094 1375 1201 1436 autem
1220 1372 1353 1456 legitur:
1377 1371 1462 1435 Eooe

323 1480 403 1543 dies
431 1478 602 1553 ueniunt,
637 1478 732 1542 dieit
759 1478 951 1555 Dominus,
986 1482 1022 1543 et
1050 1478 1314 1543 consummabo
1345 1476 1461 1542 domui

322 1585 444 1649 Israel
490 1590 528 1648 et
573 1585 698 1648 domui
744 1584 838 1648 Inda
881 1587 1152 1649 testamentum
1198 1604 1351 1659 nouum,
1399 1602 1496 1647 nono

323 1691 529 1756 seeundum
580 1693 868 1769 testamentum,
917 1674 1016 1773 quod
1068 1691 1243 1772 disposui
1292 1690 1462 1775 patribus

324 1816 451 1862 eorum
475 1798 511 1860 in
537 1797 605 1874 die,
631 1817 700 1879 qua
729 1797 959 1879 adprehendi
988 1817 1135 1861 menum
1165 1816 1297 1877 eorum,
1322 1799 1363 1861 ut
1386 1796 1463 1860 edu·

324 1924 442 1969 cerem
476 1922 540 1968 eos
574 1903 616 1968 de
649 1908 748 1969 terra
778 1904 953 1987 Aegypti,
984 1905 1158 1985 quoniam
1186 1904 1262 1987 ipsi
1290 1923 1361 1968 non
1391 1921 1465 1984 per-

290 2012 541 2091 ‚manserunt
572 2010 609 2074 in
643 2012 870 2075 testamento
907 2030 998 2089 meo,
1037 2013 1073 2075 et
1107 2030 1172 2095 ego
1211 2010 1363 2095 neglexi
1397 2028 1463 2083 eos,

324 2117 420 2182 dieit
446 2117 638 2181 Dominus.
668 2114 762 2195 Quia
784 2118 853 2181 hoo
878 2121 936 2181 est
959 2119 1240 2197 testamentum,
1270 2117 1501 2199 0110110011

324 2224 483 2289 stitnam
512 2222 638 2288 domui
661 2224 779 2287 lsrael
806 2227 895 2306 post
919 2224 999 2287 dies
1023 2224 1125 2299 illos,
1155 2224 1250 2288 dicit
1273 2223 1465 2297 Dominus,

325 2330 442 2395 dando
475 2330 580 2414 leges
613 2349 713 2395 meas
746 2329 782 2395 in
810 2334 969 2395 mentem
1000 2350 1125 2396 eorum
1155 2336 1191 2395 et
1219 2350 1332 2413 super
1359 2328 1466 2393 eorda

324 2456 449 2502 eornm
487 2436 652 2500 scribam
691 2456 762 2515 eas,
802 2440 837 2501 et
873 2436 1009 2501 uidebo
1048 2456 1122 2515 eos,
1156 2440 1193 2501 et
1225 2456 1286 2501 ero
1319 2436 1402 2500 illis
1434 2434 1465 2497 in

324 2544 451 2621 Deum,
485 2546 521 2606 et
548 2543 624 2624 ipsi
654 2547 763 2607 erunt
790 2544 883 2607 mibi
910 2544 946 2607 in
973 2543 1136 2626 plebem:
1169 2543 1373 2608 Hierusalem
1403 2542 1467 2607 0110

324 2648 420 2712 dubio
449 2667 584 2731 superne
620 2649 836 2731 prophetatur,
866 2648 958 2713 onius
986 2648 1072 2712 Deus
1106 2649 1174 2731 ipse
1201 2649 1379 2732 praemium
1412 2651 1502 2727 este

325 2773 460 2836 eumque
493 2754 607 2818 babere
640 2754 741 2835 adque
772 2756 875 2837 ipsius
908 2775 978 2820 esse
1017 2774 1178 2819 summum
1210 2755 1256 2819 ibi
1288 2759 1338 2819 est
1371 2755 1468 2835 adque

324 2865 428 2925 totum
456 2861 584 2925 bouum.
613 2861 662 2923 Ad
690 2865 858 2945 utramque
885 2882 960 2928 uero
989 2863 1126 2943 pertinet
1153 2862 1213 2927 hoo
1241 2864 1359 2945 ipsum,
1389 2858 1470 2944 quod

324 2967 526 3031 Hierusalem
559 2966 675 3030 dieitur
703 2969 762 3032 Dei
791 2970 916 3047 ciritae,
947 2974 979 3034 et
1005 2970 1036 3033 11
1067 2989 1103 3033 ea
1131 2970 1337 3053 prophetatur
1365 2970 1471 3032 futura

327 3074 439 3138 domus
473 3072 542 3148 Dei,
577 3091 674 3155 eaque
708 3076 875 3156 prophetia
902 3076 1029 3140 uidetur
1060 3076 1183 3158 inpleri,
1217 3095 1290 3139 oum
1324 3074 1470 3139 Salomon

325 3200 378 3243 101
410 3178 555 3243 aedificet
585 3179 666 3242 illud
692 3181 928 3245 nobilissimum
958 3184 1123 3265 templum.
1151 3182 1239 3247 Haec
1268 3182 1351 3246 enim
1381 3184 1415 3245 et
1443 3181 1470 3241 iu
1487 3193 1508 3231 ²⁵

324 3289 448 3350 terrena
470 3284 673 3349 Hierusalem
697 3287 871 3350 seeundum
896 3288 1064 3351 historiam
1089 3288 1300 3371 contigerunt,
1322 3290 1354 3350 et
1373 3288 1472 3351 00010-

327 3392 385 3456 stis
417 3392 618 3455 Hierusalem
649 3392 768 3476 figurae
801 3394 937 3458 fuerunt.
973 3392 1064 3471 Quod
1093 3413 1192 3477 genus
1223 3394 1411 3476 prophetiae
1440 3410 1472 3455 01

325 3505 459 3581 utroque
491 3498 594 3562 ueluti
626 3502 816 3580 conpactum
844 3500 944 3582 adque
974 3500 1179 3564 commixtum
1208 3500 1239 3564 11
1267 3500 1357 3563 libris
1388 3502 1473 3563 uete-

326 3608 414 3670 ribus
434 3605 602 3683 eauoniois,
622 3606 737 3687 quibus
753 3625 858 3670 rerum
875 3611 1038 3689 gestarum
1054 3607 1247 3671 narrationes
1262 3606 1473 3678 eontinentur,

418 3851 434 3903 2
453 3850 519 3918 Reg.
538 3850 573 3913 Π,
595 3852 636 3913 12,
658 3853 671 3905 1
727 3851 880 3905 8Η101011.
900 3855 943 3916 31,
963 3854 996 3908 31
1017 3870 1088 3923 sqq.;
1109 3852 1190 3906 Hebr.
1210 3854 1235 3920 8,
1255 3855 1272 3908 8
1291 3870 1350 3923 sqq.

363 3974 625 4043 2101110111οθνῇ
678 3976 736 4044 qui]
756 3975 836 4045 adp¹
891 3978 1102 4046 regemom.p¹
1156 3978 1236 4031 duel
1255 3978 1377 4030 utilitate
1393 3992 1476 4029 0100

327 4081 376 4135 pro
396 4081 446 4118 om.
464 4082 482 4133 p
537 4066 762 4134 irascereturp
815 4067 1020 4135 dpertenuisse
1040 4084 1078 4136 ep
1133 4064 1323 4119 9uenieute²
1382 4067 1417 4118 15
1437 4066 1477 4116 est

329 4169 412 4206 0000
499 4152 532 4204 16
550 4152 614 4204 illos
634 4152 723 4205 diese
809 4156 840 4207 17
860 4154 949 4207 dando
969 4155 1047 4208 codd.
1066 4156 1124 4208 1101
1142 4154 1215 4222 qued
1232 4152 1333 4207 receati
1351 4170 1388 4206 m.
1410 4154 1441 4205 11
1460 4168 1477 4203 0

329 4246 534 4295 correctorem
554 4240 634 4304 dabor
655 4242 728 4296 0100
775 4244 807 4296 19
827 4243 1029 4313 iupopulume
1075 4246 1106 4297 21
1128 4242 1176 4312 ibi]
1195 4242 1270 4295 illio
1315 4243 1478 4296 22111111-

330 4346 417 4399 quep
470 4330 711 4399 2500111000110
