3192 4959
302 464 367 527 236
648 462 675 516 S.
703 458 859 513 Aurelii
887 458 1103 527 Augustini

300 656 381 721 libro
413 676 581 741 regnorum
614 662 690 723 sunt
720 640 836 741 posita,
874 654 1026 737 quaedam
1060 653 1105 718 ibi
1138 654 1256 720 similia
1289 655 1442 731 dicuntur,

303 763 388 827 sieut
410 768 474 830 est:
498 765 628 830 Iuraui
651 763 774 830 Dauid
800 782 906 829 seruo
931 780 1025 826 meo:
1051 762 1177 844 Usque
1200 763 1235 827 in
1255 766 1443 827 aeternum

302 873 529 953 praeparabo
565 891 686 936 semen
716 875 836 945 tuum;
871 868 1060 933 etiterum:
1095 866 1195 932 Tune
1222 868 1380 933 loa-utus
1408 887 1442 931 es

301 976 338 1040 in
367 977 554 1061 adspectu
583 978 681 1041 filiis
713 977 791 1041 tuis
827 978 863 1039 et
896 974 1040 1038 dixisti:
1070 973 1184 1037 Posui
1217 974 1442 1039 adiutorium

303 1102 414 1165 super
435 1088 641 1166 potentem,
666 1083 832 1148 exaltasi
858 1082 1018 1146 electum
1044 1080 1086 1145 de
1109 1081 1249 1163 populo
1273 1100 1365 1146 meo.
1393 1081 1444 1144 ln·
1469 1099 1479 1137 ⁵

301 1190 387 1254 ueni
420 1191 543 1256 Dauid
574 1210 723 1256 seruum
752 1209 884 1267 meum,
917 1188 951 1253 in
982 1189 1063 1253 olea
1093 1191 1222 1253 saneto
1251 1206 1330 1252 meo
1361 1189 1443 1252 uari

302 1316 393 1361 eum.
426 1297 561 1361 Manus
591 1297 687 1360 enim
714 1316 794 1361 mea
824 1295 1076 1361 auxiliabitur
1103 1294 1136 1358 ei
1165 1298 1202 1359 et
1228 1294 1442 1358 bracehium

301 1422 422 1468 meum
451 1403 684 1468 confortabit
714 1422 807 1468 eum.
835 1402 914 1467 Non
938 1401 1119 1483 proficiet
1141 1401 1321 1464 inimicus
1346 1402 1380 1465 in
1404 1420 1441 1465 eo

302 1512 341 1573 et
367 1509 479 1573 filius
508 1508 729 1591 iniquitatis
754 1528 823 1574 non
848 1508 1010 1590 adponet
1032 1525 1167 1571 nocere
1191 1508 1235 1571 ei.
1258 1508 1304 1572 lli
1328 1508 1441 1573 esaei-

302 1614 383 1678 dam
415 1614 590 1679 inimices
625 1615 706 1679 eius
735 1635 753 1678 a
780 1615 878 1679 faeie
908 1614 1000 1689 eius,
1033 1617 1164 1691 etuas,
1198 1615 1261 1696 qui
1287 1614 1476 1679 oderunta

302 1742 393 1799 eum,
429 1719 580 1804 fugabo.
618 1721 665 1785 Et
700 1721 847 1785 ueritas
885 1740 963 1785 mea
1001 1724 1037 1785 et
1069 1720 1336 1785 misericordia
1366 1739 1438 1784 mea

303 1846 386 1891 cum
418 1828 513 1910 ipse,
548 1829 584 1891 et
610 1827 646 1891 in
674 1827 822 1892 nomine
849 1846 928 1891 meo
959 1826 1190 1891 exaltabitur
1214 1846 1327 1892 cornu
1351 1828 1435 1891 eius.

300 1935 346 1997 Et
373 1953 505 2017 penam
533 1934 569 1998 in
597 1934 689 1998 mari
717 1954 861 1998 manum
892 1934 973 1997 eius
998 1934 1092 1998 etin
1117 1934 1341 1999 fluminibus
1365 1933 1435 1997 der·

300 2046 418 2105 teram
456 2042 547 2107 eius.
586 2042 672 2123 Ipse
710 2040 906 2106 innodabit
937 2061 1007 2105 me:
1044 2041 1156 2105 Pater
1188 2060 1291 2105 meus
1325 2060 1361 2105 es
1389 2045 1433 2114 tu,

300 2147 402 2211 Deus
426 2167 531 2212 meus
556 2152 593 2211 et
616 2151 819 2230 susceptor
842 2147 981 2211 salutis
1004 2166 1115 2212 meae.
1139 2147 1185 2211 Et
1212 2166 1281 2231 ego
1309 2148 1468 2230 primo-¹⁵

300 2254 468 2337 genitum
492 2273 625 2336 ponam
655 2273 747 2332 eum,
776 2253 965 2319 excelsum
995 2256 1085 2336 aput
1111 2272 1221 2337 reges
1249 2258 1378 2317 terrae.
1399 2252 1433 2315 la

300 2366 492 2425 aeternum
529 2361 688 2427 seruabo
722 2359 756 2425 ei
787 2360 1089 2425 misericordiam
1123 2380 1237 2425 meam
1268 2364 1304 2425 et
1331 2363 1434 2424 testa-

300 2471 465 2532 mentum
502 2486 622 2531 meum
660 2466 776 2531 fidele
814 2468 897 2551 ipsi.
934 2468 981 2531 st
1016 2486 1148 2551 ponam
1181 2468 1216 2531 in
1249 2468 1435 2532 saeculum

301 2574 448 2638 saeculi
471 2594 594 2638 semen
619 2574 714 2651 eiua,
740 2577 776 2637 et
798 2576 972 2639 thronum
1002 2575 1082 2638 eius
1109 2575 1210 2639 sieut
1233 2575 1313 2639 dies
1339 2572 1437 2639 caeli.

300 2677 387 2758 Quae
424 2682 529 2745 omnia
566 2680 604 2744 de
641 2680 776 2746 Domino
814 2682 887 2746 Iesu
924 2681 1165 2765 intelleguntur,
1205 2682 1329 2764 quando
1361 2684 1475 2744 recrea

298 2786 537 2870 intelleguntur,
563 2786 622 2850 sub
647 2787 772 2851 nomine
796 2787 901 2851 Dauid
924 2792 1052 2870 propter
1073 2789 1207 2852 formam
1231 2790 1326 2869 semi,
1351 2807 1439 2871 quam

300 2891 336 2955 de
370 2892 489 2956 semine
513 2891 618 2956 Dauid
649 2892 733 2957 idem
765 2893 923 2958 Mediator
955 2894 1113 2958 adsumsit
1139 2913 1176 2958 ex
1204 2894 1334 2979 uirgine.
1364 2895 1440 2960 Con·

297 2998 386 3061 tinue
424 2998 518 3062 etiam
551 2999 667 3062 dieitur
700 2999 737 3064 de
769 3002 909 3083 peccatis
945 3001 1082 3065 filiorum
1116 3002 1184 3065 eius
1216 3002 1281 3065 tale
1314 3001 1440 3083 aliquid,

299 3102 391 3185 quale
422 3104 452 3168 in
486 3124 655 3188 regnorum
683 3106 764 3170 libro
792 3109 933 3190 positum
964 3112 1073 3173 estet
1101 3108 1191 3190 quasi
1214 3109 1253 3173 de
1277 3108 1440 3173 Salomone

297 3210 470 3293 procliuius
499 3212 661 3295 aeeipitur.
688 3213 737 3276 lbi
764 3232 911 3296 namque,
940 3215 999 3279 boe
1029 3218 1079 3279 est
1100 3216 1131 3278 in
1155 3233 1326 3298 regnorum
1348 3216 1438 3279 libro:
1455 3228 1477 3268 τὸ

298 3317 343 3380 st
370 3317 402 3381 si
431 3319 592 3395 uenerit,
620 3318 735 3399 inquit,
764 3319 949 3402 iniquitas
973 3322 1065 3397 eius,
1089 3321 1309 3405 redarguam
1334 3322 1438 3385 illum

298 3425 334 3490 in
368 3424 475 3509 uirga
507 3425 674 3489 uirorum
707 3428 744 3489 et
775 3426 810 3489 in
840 3426 1011 3491 tactibus
1040 3426 1210 3491 filiorum
1237 3428 1437 3502 bominum

385 3686 402 3738 2
420 3684 465 3738 Ps.
484 3684 528 3749 88,
547 3687 572 3739 4.
592 3688 608 3740 5
663 3688 680 3741 3
699 3687 735 3740 ib.
755 3688 789 3741 ab
810 3704 868 3757 sqq.
924 3688 958 3740 26
977 3688 1043 3757 Bag.
1063 3687 1099 3751 Π,
1120 3688 1144 3755 7,
1166 3689 1199 3741 14
1218 3704 1258 3758 sq.

332 3828 348 3879 3
367 3831 432 3880 tune
452 3830 480 3880 et
497 3827 624 3883 iterume
669 3832 685 3883 5
706 3830 824 3883 exaltasi
840 3846 881 3899 qp
900 3828 1013 3895 Domb.,·
1033 3834 1061 3883 et
1080 3829 1159 3887 exalt.
1180 3830 1300 3899 ababa
1347 3830 1436 3885 acon-

296 3916 411 3970 iortubit
430 3917 587 3986 abeypv,·
607 3918 772 3972 confortarit
792 3936 821 3988 p,-
839 3919 1009 3973 confirmauit
1028 3937 1046 3969 α
1058 3923 1081 3982 ,Ρ
1172 3920 1188 3972 9
1208 3918 1330 3989 adponet
1348 3934 1437 3973 uocare

297 4004 322 4056 ei
342 4004 461 4075 abeqp
473 4022 530 4073 ae5
546 4023 607 4075 app.
627 4023 686 4060 nee.
707 4023 766 4060 eum
786 4010 822 4074 ᾗ·
840 4006 950 4061 nocebit
970 4024 1029 4060 eum
1047 4026 1059 4077 ρ
1078 4007 1176 4061 Donat.
1234 4006 1266 4061 10
1286 4008 1344 4061 eius
1362 4023 1436 4062 orae

296 4108 312 4144 a
331 4092 401 4145 lucie
421 4094 478 4146 eiua
497 4094 620 4148 inimicos
641 4096 698 4147 eius
713 4111 756 4148 av
812 4097 845 4148 12
863 4096 923 4165 ipso
943 4096 1021 4150 codd.
1036 4102 1149 4165 praeter
1163 4114 1184 4164 ρ,
1199 4114 1229 4161 v;
1246 4096 1294 4150 illo
1310 4116 1324 4166 ρ
1343 4096 1434 4151 Domb.

296 4197 406 4234 cornum
424 4181 523 4236 Domb.
625 4184 658 4236 14
676 4200 720 4236 me
738 4200 823 4237 ome
929 4186 961 4237 16
981 4200 1041 4237 eum
1062 4202 1128 4254 aeq
1147 4184 1354 4251 Donab.;illum
1373 4184 1435 4252 bpa·

296 4271 329 4322 17
350 4270 375 4322 ei
394 4285 459 4340 eqp
478 4270 651 4337 Domb.;illi
671 4271 740 4325 aba
794 4271 829 4324 20
849 4274 906 4325 iesu
925 4272 1018 4341 llpoe
1099 4271 1206 4341 quaudo
1226 4276 1299 4327 reete
1319 4272 1434 4339 intellag.

295 4374 363 4411 ome
432 4358 466 4411 27
486 4358 593 4412 actibus
612 4358 637 4412 e¹
