3192 4959
394 425 445 479 De
469 425 643 480 ciuitate
667 424 727 478 dci
750 423 816 478 lib.
839 423 910 476 XXI.
935 440 1010 493 cap.
1036 425 1077 477 18.

159 641 222 687 000
251 625 310 699 est,
334 622 494 703 inquiunt,
519 620 604 703 quod
632 620 700 686 sine
727 619 795 683 ulla
823 619 1006 684 condicione
1033 619 1196 702 praedixit.
1238 619 1309 684 Non

160 730 245 793 enim
269 729 327 793 ait:
352 729 485 793 ‘Nineue
505 730 676 804 coartetur,
697 727 805 791 sinon
825 727 947 809 egerint
965 727 1193 809 paenitentiam
1212 746 1309 809 seque

130 922 132 926 ι
159 836 376 908 correxerint'3
411 835 467 900 sed
494 835 554 898 boo
585 853 645 897 non
669 834 777 898 addito
802 833 1037 914 praenuntiauit
1059 833 1199 898 futuram
1224 852 1311 898 ouer·

158 943 283 1006 sionem
305 941 395 1006 illius
420 941 571 1006 ciuitatis.
605 939 708 1020 Quam
731 938 1009 1004 comminationem
1033 942 1199 1022 propterea
1221 958 1310 1004 uera-

126 1068 231 1113 scem
258 1050 383 1131 putant,
408 1048 484 1130 quia
511 1048 571 1112 hoc
598 1046 754 1129 praedixit
782 1045 870 1109 Deus
899 1045 983 1127 quod
1011 1063 1086 1110 uere
1111 1045 1197 1129 digni
1223 1047 1311 1109 erant

157 1155 238 1238 pati,
259 1155 405 1236 quamuis
429 1155 489 1218 boc
513 1173 575 1217 non
600 1157 687 1218 esset
704 1153 773 1235 ipse
791 1153 945 1216 facturus.
970 1150 1051 1216 Nam
1071 1151 1132 1216 etsi
1150 1153 1309 1234 paeniten-

158 1261 249 1326 tibus
276 1261 428 1344 pepercit,
452 1261 612 1342 inquiunt,
636 1260 749 1341 utique
776 1259 850 1323 illos
879 1259 1106 1340 paenitentiam
1137 1277 1197 1324 non
1221 1259 1309 1342 igno·

156 1368 249 1432 rabat
274 1372 411 1446 acturos,
431 1372 464 1431 et
481 1371 586 1430 tamen
605 1367 752 1431 absolute
771 1385 808 1429 ac
827 1365 954 1429 definite
979 1384 1087 1428 eorum
1113 1364 1308 1430 euersionem

157 1476 300 1538 futuram
330 1493 399 1539 esse
426 1474 591 1557 praedixit.
628 1473 698 1538 Hoc
727 1492 801 1556 ergo
832 1476 908 1548 erat,
931 1471 1089 1554 inquiunt,
1113 1472 1145 1536 iu
1175 1472 1309 1536 ueritate

113 1607 138 1644 m
157 1581 352 1655 seueritatis,
382 1581 457 1662 quia
484 1581 514 1644 id
544 1583 632 1644 erant
659 1579 761 1663 digni3
796 1578 853 1642 sed
885 1579 916 1642 iu
950 1578 1069 1642 ratione
1096 1577 1308 1642 miserationis

157 1706 221 1752 non
253 1691 330 1764 erat,
360 1707 455 1769 quam
487 1707 548 1751 non
582 1687 741 1751 continuit
771 1685 802 1748 in
835 1687 882 1749 ira
917 1705 984 1762 sua,
1013 1690 1052 1749 ut
1078 1686 1117 1750 ab
1146 1705 1183 1748 ea
1209 1703 1310 1767 poena

158 1793 361 1875 supplicibus
389 1795 541 1874 parceret,
567 1811 659 1873 quam
688 1794 794 1856 fuerat
821 1793 1060 1856 contumacibus
1086 1791 1309 1855 comminatus.

159 1899 214 1964 Sic
238 1919 312 1984 ergo
337 1904 413 1964 tunc
437 1899 589 1982 pepercit,
614 1899 713 1973 aiunt,
738 1901 863 1980 quando
888 1903 1034 1962 sanctum
1059 1917 1152 1962 suum
1177 1897 1310 1980 propbe-

157 2011 224 2070 tam
247 2007 351 2070 fuerat
373 2006 530 2088 parcendo
556 2008 812 2084 contristaturus,
837 2009 954 2087 quanto
979 2005 1082 2089 magis
1111 2011 1188 2068 tunc
1217 2003 1309 2068 mise·

112 2138 138 2178 re
155 2113 290 2176 rebilius
315 2113 570 2196 supplicantibus
593 2115 713 2196 parcet,
734 2111 857 2195 quando
883 2115 918 2175 ut
940 2115 1051 2192 parcat
1074 2131 1182 2174 omnes
1208 2109 1309 2174 sancti

157 2221 227 2283 eius
257 2220 405 2286 orabunt!
444 2217 506 2284 Sed
533 2219 606 2297 boc,
630 2219 716 2301 quod
743 2219 805 2302 ipsi
831 2219 897 2282 suis
923 2217 1069 2282 cordibus
1095 2217 1308 2300 suspicantur,

155 2326 229 2390 ideo
252 2329 367 2409 putant
391 2325 565 2408 scripturas
590 2327 731 2390 tacuisse
757 2325 894 2402 diuinas,
914 2329 951 2390 ut
973 2324 1067 2388 multi
1093 2343 1127 2388 se
1152 2323 1310 2407 conigant

156 2434 211 2497 uel
237 2432 430 2514 prolixarum
459 2433 511 2496 uel
539 2436 737 2496 aeternarum
767 2433 879 2496 timore
903 2451 1086 2514 poenarum,
1112 2433 1144 2494 et
1167 2429 1231 2494 sint
1255 2429 1309 2510 qui

155 2539 283 2622 possint
307 2558 394 2603 orare
417 2557 474 2620 pro
499 2539 556 2613 eis,
581 2539 635 2621 qui
659 2559 719 2604 non
743 2557 778 2602 se
802 2539 1004 2613 correxerint
1031 2555 1088 2600 nec
1112 2540 1217 2600 tamen
1243 2535 1308 2618 opi·

109 2671 139 2712 ao
155 2649 273 2709 uantur
297 2645 382 2709 omni
405 2644 499 2710 modo
523 2645 557 2710 id
582 2645 708 2726 eloquia
731 2645 839 2709 diuina
862 2645 1011 2710 tacuisse.
1049 2642 1130 2706 Nam
1155 2661 1216 2724 quo
1240 2661 1307 2724 per-

154 2752 247 2828 tinet,
282 2751 440 2833 inquiunt,
474 2752 559 2833 quod
593 2753 747 2835 scriptum
781 2754 845 2815 est:
884 2748 998 2828 Quam
1031 2750 1150 2812 multa
1182 2749 1307 2812 multi-

155 2857 248 2921 tudo
297 2857 513 2922 dulcedinis
560 2864 658 2933 tuae,
700 2858 868 2932 Domine,
916 2876 1024 2937 quam
1071 2854 1308 2920 abscondisti

155 2964 383 3029 timentibus
411 2970 458 3041 te,
482 2964 545 3029 nisi
573 2967 611 3028 ut
636 2965 862 3048 intellegamus
886 2967 1015 3045 propter·
1037 2963 1184 3027 timorem
1208 2961 1308 3026 fuisse

153 3071 373 3135 absconditam
402 3071 637 3136 misericordiae
666 3071 792 3135 diuinae
825 3073 892 3134 tam
924 3069 1058 3133 multam
1092 3071 1309 3148 secretamque

107 3207 133 3247 2⁵
154 3177 379 3242 dulcedinem?
402 3177 534 3241 Addunt
557 3179 654 3242 etiam
676 3181 843 3259 propterea
863 3177 979 3240 dixisse
999 3175 1195 3256 apostolum:
1221 3173 1308 3239 Con·

154 3284 277 3348 clusit
306 3285 401 3348 onim
430 3285 532 3348 lleus
562 3303 688 3350 omnes
720 3285 757 3348 in
791 3282 1041 3359 infidelitate,
1072 3285 1113 3344 ut
1146 3281 1306 3345 ornniunr

152 3392 396 3469 miscreatur,
421 3411 483 3474 quo
508 3391 712 3475 signiticaret,
733 3391 817 3472 quod
842 3390 959 3454 abillo
984 3409 1076 3454 nemo
1097 3387 1307 3452 damnabitur.

151 3497 224 3562 Nec
253 3497 311 3561 isti
345 3500 464 3574 tamen,
499 3497 553 3579 qui
590 3498 651 3561 hoo
691 3495 842 3573 sentiunt,
880 3495 962 3559 hanc
1001 3494 1180 3576 opinionem
1218 3512 1307 3556 suem

152 3623 257 3685 usque
282 3604 320 3667 ad
343 3604 564 3668 liberationem
589 3605 642 3667 uel
665 3603 785 3667 nullam
812 3602 1044 3666 damnationem
1069 3600 1184 3665 diaboli
1205 3599 1307 3680 adque

106 3741 132 3778 ao
153 3713 341 3794 angelorum
371 3711 440 3774 eius
469 3711 655 3785 extendunt;
689 3712 827 3774 humana
852 3709 967 3790 quippe
992 3709 1075 3772 circa
1099 3706 1184 3770 solos
1209 3705 1308 3768 homi-

246 3937 278 3991 21
300 3938 345 3992 Ps.
364 3937 408 4001 30,
427 3936 462 3990 20
517 3937 551 3990 25
570 3937 647 3989 Rom.
668 3936 711 3999 ll,
731 3937 766 3989 32

190 4064 203 4115 1
226 4059 304 4125 dixit,
323 4061 507 4129 cupieracreplo
523 4078 555 4113 00,
572 4063 590 4112 2
606 4062 686 4125 ait‚p
723 4061 739 4111 2
760 4057 1030 4126 egerit—correxerit
1039 4071 1061 4124 p
1100 4056 1132 4110 13
1152 4054 1309 4122 inquiente

152 4152 187 4205 14
206 4150 332 4219 parcitp
406 4151 438 4202 18
458 4165 487 4200 se
506 4164 593 4201 0000
659 4148 692 4200 19
711 4149 918 4212 correxeruntp
990 4145 1023 4197 21
1045 4159 1125 4212 quarn
1143 4159 1244 4211 magne
1264 4158 1306 4196 ae

150 4241 186 4292 22
205 4236 407 4292 abscondidisti
424 4237 524 4291 Dcrnb.
598 4237 632 4288 23
651 4235 813 4288 timentibus
833 4250 911 4299 0000,Ι
930 4231 1115 4284 metuentibus
1134 4248 1149 4286 a
1223 4231 1256 4284 26
1277 4231 1308 4282 ut

148 4346 200 4382 ona
221 4346 236 4382 c
306 4325 430 4380 omnibns
450 4326 465 4379 b
531 4326 564 4378 20
584 4323 738 4394 opinionem
761 4321 949 4390 obcppav3
968 4321 1151 4389 opinationem
1173 4339 1186 4388 p
1205 4318 1306 4373 Donrb·
