3192 4959
329 406 394 470 474
676 402 702 455 S.
731 401 888 455 Aurelii
916 398 1133 468 Augustini

327 597 422 660 multi
453 596 602 659 haeretici
631 595 669 660 de
697 595 801 658 medio
830 593 992 668 ecclesiae,
1027 613 1106 675 quos
1134 593 1255 656 multos
1284 591 1357 655 dicit
1381 592 1455 656 tnti-

328 703 479 767 chn'stos:
508 703 555 765 ita
579 721 687 766 omnes
711 705 787 765 tuno
811 701 884 765 inde
908 701 1045 778 exibunt,
1075 699 1129 782 qni
1152 718 1212 762 non
1238 699 1277 763 ad
1302 699 1453 774 Christum,

327 808 384 872 sed
411 808 451 872 ad
478 809 571 872 illum
598 809 810 873 nouissimum
834 807 1068 873 Antichristum
1095 805 1306 889 pertinebunt,
1336 809 1365 868 et
1391 807 1453 866 tunc

326 915 532 978 reuelabitur.

370 1021 462 1085 Alius
487 1040 561 1103 ergo
586 1021 642 1096 sic,
667 1021 749 1084 alius
774 1025 881 1084 autem
906 1020 951 1084 sic
975 1019 1111 1102 apostoli
1131 1020 1266 1085 obscura
1286 1019 1378 1084 uerba
1395 1037 1453 1082 con·
1479 1035 1488 1074 ⁵

325 1127 460 1202 iectant;
486 1127 570 1209 quod
592 1131 697 1190 tamen
724 1146 795 1190 eum
822 1126 938 1190 dixisse
962 1145 1023 1190 uon
1044 1126 1176 1190 dubium
1197 1135 1262 1190 est:
1287 1145 1344 1190 non
1363 1124 1454 1188 ueniet

326 1233 366 1296 ad
393 1233 486 1298 uiuos
515 1237 548 1296 et
574 1237 718 1297 mortuos
746 1232 933 1298 iudicandos
961 1233 1118 1310 Christus,
1149 1232 1210 1296 nisi
1238 1233 1324 1315 prius
1347 1231 1454 1295 uenerit

325 1339 365 1402 ad
383 1339 578 1404 seducendos
598 1340 628 1402 in
650 1339 755 1402 anima
772 1343 915 1404 mortuos
935 1339 1135 1404 aduersarius
1155 1339 1223 1402 eius
1238 1337 1452 1410 Antichristus

325 1445 472 1526 quamuis
504 1446 545 1509 ad
572 1448 734 1510 occultum
761 1447 824 1510 iam
854 1446 1009 1511 iudicium
1037 1445 1097 1510 Dei
1126 1445 1291 1529 pertineat,
1324 1443 1401 1527 quod
1422 1445 1452 1508 ab

324 1551 379 1614 illo
404 1552 604 1616 seducentur.
628 1552 870 1616 Praesentia
894 1554 1009 1636 quippe
1029 1552 1116 1617 eius
1137 1553 1226 1629 erit,
1246 1552 1330 1616 sicut
1347 1551 1450 1614 dietum
1467 1569 1486 1606 n

325 1661 384 1732 est,
408 1658 627 1723 secundum
646 1659 926 1740 operationem
948 1663 1112 1724 satanae
1132 1659 1170 1723 in
1191 1659 1293 1724 omni
1311 1659 1451 1722 uirtute

325 1768 365 1827 et
394 1764 529 1848 signis
553 1769 591 1828 et
614 1764 818 1848 prodigiis
848 1765 1048 1830 mendacii
1077 1769 1116 1830 et
1144 1767 1181 1829 in
1207 1765 1311 1829 omni
1334 1764 1451 1828 seduc·

325 1871 440 1935 tione
473 1871 716 1952 iniquitatis
754 1872 828 1949 hie,
866 1873 934 1952 qui
962 1875 1142 1955 pereunt.
1178 1872 1266 1936 Tunc
1294 1873 1371 1934 euim
1401 1869 1450 1933 sol·

324 1979 419 2040 uetur
441 1983 566 2042 satanas
591 1983 622 2042 et
644 1978 813 2060 perillum
836 1979 1068 2044 Antichristum
1096 1979 1128 2043 in
1158 1979 1242 2044 omni
1271 1997 1328 2044 sua
1348 1978 1450 2040 uirtute

323 2084 511 2148 mirabiliter
548 2084 685 2166 quidem,
725 2084 781 2149 sed
814 2086 1009 2151 mendaciter
1040 2087 1230 2168 operabitur.
1267 2083 1351 2165 erae
1382 2083 1483 2147 sonte
1547 2149 1548 2184 p

324 2190 443 2273 ambigi
465 2194 573 2255 utrum
595 2194 762 2273 propterea
786 2192 872 2256 diota
895 2193 959 2258 sint
982 2194 1072 2276 signa
1091 2196 1123 2257 et
1141 2193 1284 2277 prodigia
1302 2189 1449 2264 mendacii,
1547 2185 1548 2190 ’

324 2298 471 2378 quoniam
498 2298 648 2361 mortales
672 2317 786 2362 sensus
811 2318 866 2380 per
888 2299 1111 2380 phantasmata
1135 2300 1324 2382 decepturus
1347 2299 1449 2374 estut

323 2404 407 2486 quod
440 2424 500 2467 non
533 2403 610 2469 facit
640 2405 742 2468 tacere
775 2405 931 2480 uideatur,
965 2425 1002 2469 an
1037 2407 1110 2488 quia
1143 2406 1198 2471 iiia
1229 2407 1309 2488 ipsa,
1341 2401 1449 2469 etiamsi

323 2515 415 2573 erunt
437 2530 513 2574 uera
533 2511 689 2595 prodigia,
718 2511 756 2575 ad
781 2513 980 2576 mendacium
1003 2513 1185 2595 pertrahent
1208 2513 1379 2577 credituros
1399 2527 1447 2574 non
1546 2513 1547 2528 ³

322 2635 360 2679 ea
390 2617 534 2697 potuisse
561 2617 623 2682 nisi
651 2618 805 2682 diuinitus
834 2618 911 2696 fieri,
943 2620 1096 2685 uirtutem
1126 2620 1243 2685 diaboli
1280 2621 1482 2690 nescientesu

321 2724 456 2787 maxime
485 2725 607 2806 quando
632 2728 762 2800 tantam,
792 2733 941 2808 quantam
966 2747 1137 2809 numquam
1162 2727 1284 2803 habuit,
1314 2722 1450 2807 acceperit

321 2834 524 2910 potestatem.
553 2831 622 2896 Non
652 2831 733 2895 enim
764 2833 887 2914 quando
917 2835 955 2898 de
984 2834 1070 2898 caelo
1100 2835 1184 2918 ignis
1210 2833 1325 2898 cecidit
1347 2840 1377 2896 et
1397 2839 1449 2893 tan-

320 2939 387 2999 tam
418 2937 572 3000 familiam
605 2957 677 3002 curn
711 2941 808 3004 tantis
837 2941 988 3025 gregibus
1017 2959 1166 3023 pecorum
1196 2942 1297 3006 sancti
1321 2941 1374 3005 Iob
1398 2953 1448 3002 uro

320 3043 431 3125 inpetu
464 3043 622 3108 absumsit
654 3049 686 3108 et
717 3047 811 3110 turbo
844 3048 971 3112 inruens
1000 3051 1032 3112 et
1060 3047 1191 3112 domum
1220 3048 1356 3112 deiciens
1381 3043 1447 3108 tilios

323 3149 390 3212 eius
420 3149 547 3220 occidit,
569 3150 792 3232 phantasmata
816 3153 960 3228 fuerunt;
990 3173 1070 3235 quae
1093 3159 1199 3218 tamen
1223 3155 1350 3219 inerunt
1371 3157 1479 3233 opera³⁵

322 3259 460 3333 satanae,
498 3257 549 3320 cui
585 3257 673 3321 Deus
711 3258 839 3322 dederat
871 3259 951 3323 hauc
989 3263 1191 3342 potestatem.
1227 3261 1358 3342 Propter
1385 3252 1445 3338 quid
1544 3267 1545 3310 t

322 3363 434 3426 horum
458 3382 532 3445 ergo
556 3363 641 3427 dicta
664 3365 728 3428 sint
752 3365 896 3448 prodigia
919 3371 952 3430 et
971 3367 1062 3449 signa
1080 3367 1246 3442 mendacii,
1266 3371 1340 3431 tunc
1356 3362 1445 3446 potius

322 3469 493 3551 apparebit.
523 3467 585 3534 Sed
612 3475 740 3553 propter
763 3471 928 3555 quodlibet
955 3473 1066 3537 horum
1096 3473 1216 3538 dictum
1242 3475 1294 3539 sit.
1318 3471 1444 3538 seducen-

321 3579 374 3638 tur
406 3576 451 3640 eis
480 3576 580 3661 signis
609 3578 709 3660 adque
737 3580 901 3663 prodigiis,
936 3581 990 3663 qui
1014 3581 1123 3644 seduci
1151 3581 1361 3651 merebuntur,
1389 3591 1444 3648 1³1⁰

322 3701 364 3746 eo
395 3683 500 3763 quod
528 3684 805 3761 dilectionem,
839 3687 952 3766 inquit,
986 3688 1182 3752 ueritatis
1212 3707 1286 3752 non
1310 3687 1473 3763 recepe-‘³'

320 3794 423 3867 runt,
457 3796 501 3854 ut
532 3790 638 3854 salui
673 3791 832 3856 fierent.
866 3793 932 3856 Nec
967 3793 1127 3857 dubitauit
1155 3793 1319 3876 apostolus
1350 3787 1443 3854 audere

358 3999 368 4050 i
393 3999 486 4051 eretici
503 4017 521 4068 p
589 4001 604 4052 5
625 4015 688 4052 uero
708 4017 727 4052 a
800 4001 1108 4070 coniecturaeque
1127 4001 1266 4055 coniectat
1284 4019 1343 4071 epp
1360 3993 1441 4050 bomo.

320 4113 413 4166 serus
432 4115 519 4166 omo
576 4115 608 4167 rs
628 4081 805 4176 roraret
887 4117 984 4170 sunto
1057 4117 1092 4170 ao
1112 4133 1143 4172 ea
1162 4119 1250 4172 aaa
1325 4110 1442 4174 ursana

321 4203 353 4254 ¹21
374 4219 489 4270 nequam
511 4204 526 4256 b
572 4206 605 4257 26
625 4205 697 4272 quod
709 4203 767 4273 p²p
818 4207 850 4258 27
870 4207 965 4258 horum
984 4207 1123 4275 usquead
1141 4206 1440 4264 ornamentaque·

321 4307 406 4342 aranu
426 4293 457 4342 in
477 4309 596 4360 ωαψς
650 4294 685 4346 30
704 4294 829 4346 ueritatis
849 4295 972 4364 inquito
