3192 4959
312 477 362 531 De
393 478 566 531 ciuitate
595 477 657 531 dei
685 477 750 531 lib.
778 476 835 530 XX.
865 495 939 547 cap.
971 479 1012 532 13.
1043 479 1084 532 14.
1200 481 1261 544 461

106 674 168 736 erit
191 673 224 736 in
250 673 390 738 secunda
411 672 643 736 resurrectione
671 674 879 748 mortuorum,
909 691 989 755 quae
1014 691 1179 754 corporum
1205 677 1264 746 est,

106 780 348 863 recapitulando
382 797 510 843 narrans
543 797 604 860 quo
638 778 732 842 mede
767 778 828 842 sibi
861 779 957 842 fuerit
989 779 1183 844 reuelatum:
1218 780 1265 842 Et

106 886 340 968 uidi,inquit,
358 887 548 950 thronum
568 889 813 967 magnumst
837 884 1050 949 candidum
1071 885 1265 950 etseden·

107 995 189 1057 tem
215 1011 456 1075 supereum,
481 990 1262 1074 cuiusafacisfugitcaelumatterra,

81 1103 149 1163 aec
171 1099 292 1163 locus
316 1118 453 1163 eorum
476 1098 672 1162 inuentus
696 1116 769 1161 non
796 1100 867 1162 est.
892 1095 962 1161 Non
988 1097 1047 1162 ait:
1072 1097 1156 1162 ‘Vidi
1179 1098 1264 1162 thro-

107 1225 185 1270 num
219 1225 372 1288 magnum
405 1209 438 1269 et
469 1204 637 1269 candidum
672 1210 704 1267 et
736 1203 899 1268 sedentem
928 1223 1024 1286 super
1051 1223 1134 1282 eum,
1169 1209 1200 1268 et
1224 1205 1262 1268 ab

109 1313 179 1376 eius
207 1311 289 1377 facie
316 1312 401 1396 fugit
429 1313 552 1376 caelum
581 1314 613 1375 et
639 1315 743 1386 terra,
777 1311 925 1393 quoniam
955 1331 1015 1376 non
1044 1314 1119 1376 tunc
1143 1312 1262 1375 iactum

108 1423 168 1493 est,
201 1417 236 1482 id
264 1420 324 1494 est,
356 1420 525 1499 antequam
553 1421 639 1481 esset
667 1417 704 1480 de
732 1417 817 1482 uiuis
847 1420 877 1481 11
905 1417 1039 1482 mortuis
1069 1417 1260 1490 iudicatum:

109 1525 166 1588 sed
195 1543 267 1588 eum
297 1541 332 1588 se
359 1523 482 1588 uidisse
510 1523 590 1586 dixit
615 1523 647 1587 in
676 1523 788 1588 threno
818 1525 991 1601 sedentem,
1022 1544 1039 1588 a
1068 1525 1159 1588 cuius
1183 1525 1262 1588 facie

71 1631 195 1714 afugit
227 1630 350 1694 caelum
384 1632 417 1694 et
446 1633 539 1706 terra,
577 1628 633 1694 sed
664 1635 786 1712 postea.
820 1631 951 1694 Peracto
984 1631 1100 1713 quippe
1131 1631 1261 1708 iudicis,

108 1743 186 1802 tunc
214 1757 285 1802 esse
314 1737 439 1802 desinet
464 1738 525 1800 hcc
549 1736 672 1800 caelum
702 1739 734 1800 et
760 1736 838 1800 haec
861 1742 954 1812 terra,
984 1737 1107 1818 quando
1131 1736 1264 1818 incipiet

110 1865 181 1908 esse
210 1845 332 1908 caelum
361 1862 480 1908 nouum
505 1846 538 1907 et
560 1847 643 1907 terra
665 1862 757 1907 noua.
785 1843 964 1907 Mutationis
988 1863 1122 1926 namque
1145 1863 1261 1920 rerum,

109 1969 171 2014 non
200 1950 287 2014 omni
312 1949 408 2014 modo
435 1949 567 2014 interitu
594 1949 745 2013 transibit
766 1950 819 2012 hic
842 1949 990 2014 mundus.
1019 1949 1108 2014 Unde
1133 1953 1166 2014 et
1189 1969 1262 2033 apo·

110 2057 216 2121 stolus
236 2057 331 2122 dicit:
354 2057 562 2121 Praeterit
581 2056 683 2120 enim
703 2056 840 2140 figura
858 2054 981 2120 huius
1000 2055 1146 2132 mundi,
1165 2059 1260 2121 uolo

70 2180 182 2229 duos
212 2164 298 2228 sine
322 2162 615 2229 sollicitudine
646 2181 747 2227 esse.
774 2162 893 2246 Figura
917 2181 990 2246 ergo
1014 2163 1174 2244 praeterit,
1199 2183 1260 2228 non

109 2276 233 2336 natura.
257 2270 339 2335 Cum
362 2289 436 2354 ergo
461 2289 495 2334 se
518 2269 675 2334 Iohannes
693 2268 816 2333 uidisse
836 2268 968 2332 dixisset
986 2269 1147 2332 sedentem
1166 2289 1262 2351 super

108 2377 270 2452 thronum,
295 2378 387 2441 cuius
411 2395 429 2439 a
446 2375 538 2451 facie,
557 2375 643 2459 qued
661 2379 773 2457 postea
791 2374 935 2439 futurum
955 2379 1014 2444 est,
1034 2376 1119 2458 sugit
1137 2377 1258 2440 caelum

110 2489 141 2548 et
162 2489 265 2548 terra:
288 2483 337 2547 Et
359 2481 456 2554 uidi,
480 2481 593 2563 inquit,
617 2484 798 2545 mortuos
819 2501 982 2564 magnes
1008 2487 1046 2545 et
1065 2483 1257 2564 pusillos,

109 2594 148 2654 et
170 2590 305 2673 aperti
329 2596 423 2653 sunt
445 2589 562 2661 libri;
588 2591 627 2652 et
650 2588 758 2652 alius
781 2588 889 2652 liber
909 2593 1075 2668 apertus
1096 2592 1167 2664 est,
1189 2589 1257 2670 qui

67 2701 172 2762 aesc
199 2698 313 2761 uitae
339 2695 682 2777 uniuscuiusque:
713 2698 752 2758 et
778 2693 958 2758 iudicati
986 2699 1081 2759 sunt
1108 2695 1256 2760 mortui

109 2823 153 2868 ex
178 2803 286 2885 ipsis
315 2801 537 2884 scripturis
564 2800 760 2865 librarum
790 2799 1011 2865 secundum
1035 2801 1146 2864 facta
1174 2821 1254 2866 sua.

106 2911 218 2974 Libros
242 2909 321 2973 dixit
347 2927 418 2972 esse
445 2911 571 2989 apertos
601 2912 634 2972 et
661 2908 792 2981 librum;
823 2907 879 2971 sed
907 2907 1023 2972 librum
1053 2907 1256 2972 cuiusmodi

107 3036 169 3081 nou
190 3016 307 3080 tacuit:
334 3011 409 3092 Qui
433 3018 505 3092 est,
529 3014 645 3096 inquit,
668 3015 782 3078 uitae
805 3014 1147 3095 uniuscuiusque.
1171 3015 1254 3098 Ergo

105 3123 156 3187 illi
186 3122 269 3198 libri,
302 3139 382 3203 quos
414 3121 517 3202 priore
549 3122 619 3184 leco
652 3121 770 3202 posuit,
804 3120 1010 3204 intellegendi
1038 3125 1114 3184 sunt
1143 3122 1255 3196 sancti,

64 3246 89 3285 aa
107 3235 140 3293 et
167 3234 290 3292 ueteres
319 3230 351 3291 et
378 3226 462 3302 noui,
491 3227 586 3291 utin
614 3227 679 3291 illis
709 3226 939 3303 ostenderetur,
968 3245 1048 3308 quae
1076 3227 1164 3292 Deus
1188 3227 1255 3292 fieri

106 3355 166 3399 sua
185 3335 330 3399 mandata
347 3333 513 3408 iussisset3
534 3333 566 3397 in
585 3334 641 3397 illc
661 3335 778 3411 autem,
805 3333 859 3415 qui
879 3336 928 3397 est
947 3333 1032 3396 nitne
1052 3333 1254 3399 uniuscuius-

105 3461 180 3524 que,
202 3441 277 3523 quid
299 3442 412 3505 horum
438 3440 572 3522 quisque
595 3460 656 3503 non
678 3438 810 3504 fecisset
834 3440 902 3502 siue
926 3439 1065 3504 iecisset.
1091 3437 1153 3518 Qui
1175 3439 1255 3504 liber

105 3549 132 3612 si
162 3549 325 3612 carnaliter
352 3547 519 3630 cogitetur,
549 3545 620 3627 quis
649 3545 718 3609 eius
746 3545 1000 3628 magnitudinem
1028 3548 1083 3608 aut
1114 3545 1253 3630 lungitu-

105 3655 210 3718 dinem
246 3656 354 3719 ualeat
391 3654 580 3718 aestimare?
618 3653 684 3717 111
716 3657 834 3735 quanto
867 3657 1008 3734 tempore
1040 3651 1105 3734 legi
1137 3653 1254 3734 peterit

62 3780 87 3818 aa
103 3762 195 3836 liber,
220 3761 251 3825 in
280 3780 343 3843 quc
372 3760 508 3843 scriptae
533 3761 607 3823 sunt
631 3759 797 3823 uniuersae
827 3759 912 3822 uitae
936 3758 1181 3822 uniuersorum?
1204 3759 1252 3822 An

103 3871 213 3932 tantus
239 3869 425 3952 angelorum
454 3884 604 3930 numerus
632 3865 743 3940 aderit,
773 3869 911 3947 quantus
934 3864 1098 3929 hominum
1123 3865 1192 3942 erit,
1221 3870 1253 3929 et

192 4077 207 4128 2
225 4075 308 4146 Apoc.
328 4075 372 4142 20,
393 4075 426 4128 10
446 4091 485 4142 sq.
542 4075 576 4128 14
596 4074 621 4128 1.
641 4073 702 4128 Cer.
722 4075 746 4136 7,
766 4075 799 4127 31
822 4089 864 4142 sq.
920 4073 953 4126 18
974 4072 1055 4142 Apoc.
1076 4074 1119 4136 20,
1142 4073 1173 4126 12

139 4197 360 4254 2iueritsibic
424 4197 517 4252 51111
535 4201 637 4267 tuncp
700 4197 840 4250 611111.
860 4213 941 4266 super
961 4213 1019 4250 enm
1040 4213 1126 4266 onnp
1187 4197 1251 4250 8id

101 4291 146 4339 est
166 4289 248 4341 om.t
317 4287 468 4341 iudicatum
488 4289 562 4340 este
633 4287 802 4339 9inom.c
887 4287 919 4340 13
940 4288 1037 4339 stom.
1054 4301 1075 4354 p
1133 4285 1165 4338 14
1184 4285 1251 4338 dicit

103 4374 471 4443 ubpppDomb.;aitec
527 4377 558 4430 16
577 4374 709 4427 iohannes
728 4373 791 4426 seb
844 4375 1042 4428 liacuiusv
1090 4375 1251 4443 24priorie
