3192 4959
214 448 234 507 6
565 440 591 495 S.
620 435 780 495 Aurelii
804 439 1023 510 Augustini

214 640 415 717 peccatorum
436 637 538 719 adque
556 636 708 700 uitiorum
728 638 841 701 uolens
859 636 1003 720 intellegi
1023 656 1059 701 ex
1078 655 1205 719 corporo
1221 638 1362 703 accidere

214 742 388 825 subiungat
409 746 442 807 et
464 742 564 807 dicat:

303 870 380 929 Hinc
402 874 536 931 metuunt
558 872 745 947 cupiuntque,
770 872 872 931 dolent
889 871 1084 945 gaudentque,
1109 890 1163 931 nec
1186 890 1272 932 auras

303 960 479 1035 Suspiciuut,
504 961 620 1020 clausae
642 961 772 1019 tenebris
795 965 825 1020 et
847 977 960 1020 carcere
984 978 1084 1020 caeco:

213 1085 319 1146 tamen
347 1081 438 1145 aliter
465 1099 499 1145 se
527 1081 623 1145 habet
649 1080 728 1145 fides
760 1084 879 1145 nostra.
910 1081 993 1145 Nam
1022 1082 1180 1164 corruptio
1209 1081 1359 1165 corporis,
1391 1108 1404 1145 s

214 1206 294 1269 quae
330 1188 484 1271 adgrauat
519 1185 666 1256 animam.
706 1206 766 1252 nou
803 1187 927 1269 peccati
962 1187 1056 1268 primi
1089 1192 1139 1252 est
1171 1207 1276 1264 causa,
1305 1188 1361 1251 sed

212 1312 328 1377 poeua3
357 1313 413 1359 nec
442 1312 513 1359 caro
538 1294 752 1375 corruptibilis
777 1295 912 1359 animam
935 1294 1152 1376 peccatricem,
1181 1294 1237 1358 sed
1259 1294 1362 1358 anima

213 1402 370 1485 peccatrix
392 1400 468 1465 fecit
491 1418 560 1465 esse
584 1400 822 1483 corruptibilem
845 1418 980 1465 carnem.
1009 1400 1053 1464 Er
1077 1420 1139 1482 qua
1162 1402 1361 1484 corruptione

214 1508 315 1572 carnis
346 1506 423 1571 licet
454 1508 590 1571 existant
621 1506 774 1589 quaedam
808 1507 1013 1571 incitamenta
1045 1507 1197 1572 uitiorum
1231 1510 1262 1571 et
1292 1508 1362 1590 ipsa

214 1614 370 1679 desideria
401 1613 530 1689 uitiosa,
563 1632 623 1677 nou
656 1616 760 1677 tamen
793 1614 898 1678 omnia
924 1614 1012 1677 uitae
1042 1613 1170 1696 iniquae
1198 1614 1278 1678 uitia
1305 1616 1407 1677 tri-10

214 1720 338 1786 buenda
371 1724 447 1785 sunt
478 1719 573 1798 carui,
606 1737 644 1782 uc
673 1719 711 1783 ab
739 1720 789 1783 his
818 1720 964 1784 omnibns
991 1739 1164 1803 purgemus
1189 1721 1360 1795 diabolum,

215 1829 268 1912 qui
305 1846 365 1891 non
403 1826 498 1890 habet
531 1844 667 1889 carnem.
704 1825 774 1889 Etsi
808 1824 891 1889 cuim
929 1825 1075 1890 diabolus
1108 1826 1277 1891 fornicator
1307 1829 1360 1891 uel

214 1935 357 1999 ebriosus
390 1933 442 1997 nel
475 1932 502 1995 si
536 1932 612 2014 quid
644 1932 739 1997 huius
767 1932 854 1996 modi
881 1932 956 1995 mali
987 1936 1046 2010 est,
1079 1932 1164 2015 quod
1191 1934 1229 1997 ad
1258 1936 1360 1998 carnis

213 2042 350 2123 pertinet
381 2040 575 2121 uoluptates,
608 2058 669 2103 nou
699 2042 808 2122 potest
839 2038 911 2113 dici,
945 2058 1019 2103 cum
1050 2040 1094 2103 sit
1123 2040 1216 2103 etiam
1246 2041 1360 2104 talium

213 2150 413 2231 peccatorum
442 2164 554 2211 suasor
581 2149 613 2209 et
639 2146 809 2229 instigator
836 2147 997 2211 occultus:
1026 2151 1202 2211 esttamen
1226 2147 1405 2211 maximam

214 2254 370 2337 superbus
394 2252 496 2334 adque
518 2253 658 2316 inuidos.
684 2250 772 2332 Quae
795 2252 887 2316 illum
911 2253 1072 2317 uitiositas
1092 2253 1139 2317 sic
1158 2253 1305 2332 obtinuit,
1326 2260 1361 2317 ut

211 2362 340 2441 propter
362 2359 443 2423 hauc
467 2362 553 2424 esset
574 2359 607 2423 iu
631 2358 808 2423 carceribus
832 2358 1001 2440 caliginosi
1022 2358 1117 2425 huius
1137 2361 1217 2424 aeris
1236 2364 1360 2425 aeterno

213 2467 370 2549 supplicio
395 2466 582 2531 destinatus.
607 2466 694 2531 Haec
718 2470 825 2530 autem
848 2465 938 2539 uitia,
963 2485 1041 2548 quae
1060 2470 1167 2531 tenent
1185 2468 1216 2531 iu
1237 2466 1361 2531 diabolo

212 2574 432 2657 principatum,
452 2574 537 2638 carni
554 2572 669 2637 tribuit
687 2573 863 2655 apostolus,
883 2592 978 2655 quam
997 2578 1118 2637 nemrim
1137 2577 1187 2637 est
1201 2573 1362 2639 diabolum

212 2700 273 2744 nou
297 2680 420 2744 habere.
443 2679 532 2743 Dicit
549 2679 633 2743 euim
651 2678 846 2754 iuimicitias,
871 2679 1097 2756 contentiones,
1121 2681 1360 2756 aemulationes
1380 2703 1408 2741 ao

213 2786 444 2861 animositates,
480 2784 616 2850 inuidiae
654 2804 748 2868 opera
785 2805 855 2851 esse
894 2786 1010 2861 carnis;
1049 2806 1183 2868 quorum
1220 2788 1362 2851 omnium

213 2891 368 2956 malorum
401 2894 497 2973 caput
529 2890 630 2973 adque
663 2891 750 2975 origo
784 2892 934 2973 superbia
965 2896 1024 2968 est,
1058 2911 1138 2974 quae
1171 2894 1239 2957 sinc
1271 2912 1362 2958 carue

212 3000 323 3083 regnat
344 2997 375 3061 in
401 2996 535 3063 diabolo.
560 2995 638 3076 Quis
664 3002 770 3061 autem
794 2997 851 3061 illo
874 3001 924 3062 est
941 2998 1099 3063 inimicior
1117 3000 1258 3063 sanctis?
1282 2998 1362 3079 Quis

214 3106 366 3170 aduersus
391 3122 445 3168 eos
469 3103 703 3181 contentiosior,
729 3102 900 3168 animosior
922 3108 955 3168 ct
973 3105 1076 3189 magis
1095 3105 1240 3170 aemulus
1260 3106 1362 3189 adque

211 3209 339 3276 inuidos
362 3210 543 3275 inuenitur?
565 3210 709 3274 Athaco
733 3210 839 3275 omnia
862 3229 935 3274 cum
953 3211 1069 3275 habeat
1087 3211 1154 3275 sina
1172 3231 1274 3291 carue,
1298 3232 1360 3295 quo
1379 3236 1406 3275 aa

213 3316 305 3380 modo
334 3319 410 3380 suut
435 3314 499 3379 ista
526 3334 619 3397 opera
652 3316 763 3394 camis,
798 3316 860 3381 uisi
888 3317 963 3399 quia
990 3335 1085 3400 opera
1112 3321 1187 3382 sunt
1212 3318 1360 3396 hominis,

213 3442 316 3503 quoru,
342 3423 427 3486 sicut
450 3421 523 3500 diri,
552 3422 678 3487 nomine
703 3424 805 3487 carnis
830 3423 990 3506 appellat?
1013 3423 1082 3489 Nou
1108 3426 1192 3489 enim
1216 3425 1359 3490 habendo

213 3546 347 3606 caruem,
376 3547 470 3609 quam
498 3528 678 3593 nonhabet
701 3529 857 3607 diabolus,
886 3530 942 3594 sed
964 3530 1103 3595 uiuendo
1127 3533 1301 3596 secuudum
1326 3550 1360 3595 se

211 3636 327 3717 ipsum,
356 3635 416 3699 hoc
444 3639 494 3699 cst
521 3633 695 3700 secuudum
723 3636 895 3713 homiuem,
922 3637 1026 3701 factus
1055 3641 1106 3701 est
1127 3639 1221 3702 homo
1245 3638 1360 3703 similis

303 3824 336 3879 20
357 3822 417 3878 Gal.
436 3826 461 3887 5,
481 3824 515 3879 20

248 3949 437 4019 lauscipiuut
456 3950 507 4003 bc¹
562 3948 683 4004 5habet
701 3966 729 4004 se
749 3950 862 4005 alitere
918 3952 950 4005 12
970 3952 1050 4015 euim,
1070 3969 1103 4005 m
1124 3954 1271 4007 2le'ncob'c
1289 3952 1358 4007 dele·

213 4044 278 4101 tura,
299 4054 312 4091 e
368 4040 398 4093 ll
420 4042 531 4092 aeterua
554 4036 589 4093 V¹
654 4040 688 4093 23
708 4042 820 4093 asom
841 4057 860 4092 a
923 4042 957 4094 25
976 4040 1013 4093 At
1037 4040 1106 4108 Vl²,·
1126 4042 1160 4095 ad
1180 4041 1216 4108 l¹
1234 4047 1263 4094 et
1281 4058 1361 4109 epo

212 4170 264 4207 om.
285 4154 329 4207 ab
385 4154 474 4207 omnin
493 4170 544 4209 om.
564 4154 580 4207 b
635 4154 718 4209 habet
706 4158 756 4208 to
791 4155 828 4207 28
846 4154 965 4217 ribendo
985 4173 1014 4225 sc
1033 4156 1121 4225 ipsum
1141 4122 1291 4211 secuudum
1307 4158 1360 4211 hoo

217 4242 292 4295 Vm.
311 4247 416 4297 lcorr.
488 4244 522 4297 29
542 4243 593 4297 hoc
612 4260 697 4312 usqne
716 4243 755 4297 od
773 4262 801 4297 se
820 4245 909 4313 ipsum
923 4262 954 4314 p.
978 4251 1002 4308 7,
1021 4250 1107 4300 lom.
1127 4246 1151 4300 e¹
1242 4247 1359 4300 alterum

213 4334 255 4383 est
274 4330 357 4387 om.l
