3192 4959
359 454 409 506 De
438 455 610 507 ciuitate
639 454 699 505 dei
727 454 791 509 lib.
820 454 905 509 XVII.
936 472 1010 524 cap.
1039 458 1063 509 5.
1218 460 1282 522 223

177 648 309 729 Proprie
334 649 441 710 autem
465 645 504 707 ad
528 644 624 708 bnins
649 644 779 709 domum
798 645 883 721 Heli,
909 645 960 709 oui
984 647 1061 711 haee
1087 648 1283 723 dicebantur,

130 756 219 840 quod
244 754 391 836 seqnitur
413 752 564 833 pertinet:
588 752 633 814 Et
657 751 779 815 omnis
805 754 867 833 qni
888 755 1131 834 superauerit
1150 755 1283 819 domus

129 871 230 936 tuae,
256 860 431 924 decident
453 860 489 922 in
514 858 641 941 gladio
665 859 844 923 uirorum.
869 858 913 923 Et
936 860 1007 923 boo
1030 862 1102 924 tibi
1123 862 1283 946 signum,

131 968 231 1052 quod
268 966 400 1031 ueniet
436 984 549 1046 super
587 964 678 1029 duos
711 964 819 1028 filios
859 970 945 1030 tuos
979 968 1056 1044 hoe,
1092 967 1211 1050 Ophni
1247 976 1284 1033 et

106 1076 308 1141 erinees:
349 1072 406 1137 die
443 1090 513 1135 nno
546 1072 757 1136 morientur
790 1072 905 1137 ambo.
944 1074 1013 1137 Hoc
1047 1093 1121 1157 ergo
1155 1075 1281 1159 signum

131 1185 252 1246 laetum
286 1185 336 1245 est
369 1178 511 1242 mutandi
549 1178 717 1244 sacerdotii
753 1180 790 1242 de
825 1180 917 1243 domo
951 1180 1057 1247 buius.
1097 1200 1158 1262 qno
1190 1182 1281 1263 signo

131 1288 347 1372 significatum
377 1288 426 1349 est
452 1284 640 1349 mutandum
670 1286 884 1350 sacerdotium
914 1286 1026 1351 domus
1050 1288 1164 1353 Aaron.
1195 1288 1280 1352 Mors

133 1397 250 1479 quippe
278 1394 417 1457 filiorum
441 1392 536 1456 buius
562 1392 756 1474 significauit
779 1395 914 1457 mortem
938 1412 997 1457 non
1023 1393 1197 1471 bominum,
1227 1395 1281 1459 sed

132 1503 232 1585 ipsine
266 1498 435 1565 sacerdotii
468 1498 614 1562 daliliis
649 1501 759 1563 Aaron.
794 1499 886 1578 Quod
919 1503 1027 1564 autem
1057 1500 1211 1581 seqnitur,
1242 1502 1281 1565 ad

98 1610 223 1672 nillum
261 1608 326 1670 iam
362 1605 500 1687 pertinet
535 1605 743 1680 sacerdotem,
783 1607 874 1671 enine
908 1607 1041 1690 liguram
1076 1608 1176 1691 gessit
1208 1608 1282 1671 buia

134 1713 330 1779 succedendo
355 1711 492 1776 Samuel.
517 1711 653 1775 Proinde
678 1732 758 1794 quae
781 1717 969 1795 sequuntur,
995 1714 1033 1777 de
1057 1713 1183 1778 Christo
1207 1715 1281 1778 Iesu

134 1822 205 1885 noui
222 1819 408 1884 testamenti
428 1838 503 1882 nero
524 1819 688 1883 sacerdote
708 1818 872 1883 dicuntur:
897 1820 942 1883 Et
966 1821 1163 1885 suscitabo
1188 1822 1279 1884 mibi

136 1927 367 1992 sacerdotem
395 1925 558 1999 fidelem,
589 1925 651 2007 qni
681 1926 806 1989 omnia
830 1945 922 2008 qnae
945 1927 982 1990 in
1006 1926 1115 1991 eorde
1138 1947 1217 1991 meo
1244 1933 1280 1991 et

136 2054 227 2115 quae
260 2034 296 2097 in
329 2032 449 2095 anima
481 2051 560 2095 mea
593 2032 725 2104 faciat;
761 2036 797 2096 et
826 2032 1037 2097 aedificabo
1067 2034 1100 2096 ei
1130 2034 1280 2097 domum

99 2168 120 2206 a
135 2139 296 2202 fidelem.
321 2137 396 2217 Ipsa
419 2139 469 2199 est
493 2139 619 2199 aeterna
643 2138 675 2198 et
694 2155 829 2218 snpema
849 2137 1060 2203 Hierusalem.
1085 2139 1133 2202 Et
1156 2143 1280 2202 trans·

133 2246 218 2321 ibit,
250 2243 370 2326 inquit,
404 2259 535 2305 coram
573 2240 740 2306 Christo
779 2262 861 2306 meo
901 2243 1086 2307 omnibus
1124 2243 1279 2309 diebus.

134 2350 342 2415 Transibit
373 2348 451 2411 dixit
482 2347 760 2421 ‘conuersabitur’;
801 2346 886 2411 sient
919 2348 1065 2430 superius
1095 2348 1215 2411 dixerat
1242 2348 1280 2413 de

135 2458 223 2521 domo
256 2464 378 2521 Aaron:
412 2454 521 2517 Dixi:
555 2454 703 2517 Domus
731 2456 801 2517 tna
830 2458 868 2517 et
896 2454 1033 2518 domus
1063 2456 1194 2537 patris
1219 2456 1280 2518 tni

136 2564 371 2628 transibunt
398 2581 529 2626 eoram
557 2580 613 2624 me
641 2562 680 2624 in
710 2566 928 2626 aeternnm.
965 2561 1057 2640 Quod
1088 2566 1195 2626 antem
1218 2563 1278 2627 ait:

95 2671 269 2738 adoram
305 2669 471 2734 Christo
508 2686 592 2731 meo
625 2668 835 2745 transibit,
872 2668 909 2731 de
943 2669 1013 2751 ipsa
1042 2666 1135 2733 domo
1168 2669 1278 2751 utique

137 2776 379 2860 intellegendum
412 2777 471 2844 est,
506 2794 566 2838 non
601 2772 639 2837 de
672 2773 727 2837 illo
761 2774 936 2850 sacerdote,
969 2775 1021 2856 qui
1055 2782 1105 2838 est
1133 2774 1279 2839 Christus

139 2885 203 2964 ipse
235 2882 391 2947 mediator
423 2882 526 2963 adque
560 2880 708 2945 salrator.
742 2880 865 2945 Domus
895 2900 967 2965 orgo
998 2882 1066 2945 eius
1096 2900 1199 2945 eoram
1224 2881 1279 2946 illo

135 2989 286 3054 transibit.
314 2989 427 3052 Potest
456 2993 488 3051 et
515 2987 719 3051 transibit
746 2987 891 3070 intellegi
921 2987 958 3051 de
982 2991 1083 3051 morte
1103 2988 1141 3051 ad
1166 2988 1278 3068 uitam,

137 3098 316 3160 omnibns
346 3094 501 3169 diebus,
531 3094 647 3175 quibus
677 3094 840 3176 peragitur
863 3112 964 3175 nsque
988 3094 1018 3157 in
1042 3094 1136 3157 finem
1160 3096 1279 3158 saeculi

98 3202 224 3267 abuius
256 3204 320 3266 ista
351 3199 541 3265 mortalitas.
575 3199 669 3279 Quod
702 3206 810 3263 antem
840 3202 884 3264 ait
912 3202 1014 3265 Deus:
1045 3201 1119 3281 Qui
1149 3202 1278 3267 omnia

137 3310 296 3388 quaein
330 3306 451 3371 eorde
485 3324 569 3370 meo
603 3310 769 3387 atquae
798 3307 835 3369 in
866 3306 996 3370 anima
1024 3309 1277 3372 maalaoiat:

135 3432 189 3477 non
228 3415 419 3479 arbitremur
460 3413 574 3477 habere
613 3412 750 3476 animam
789 3413 903 3489 Deum,
947 3433 1019 3478 oum
1057 3414 1100 3477 sit
1136 3415 1279 3479 eonditor

136 3520 262 3597 auimae3
288 3522 345 3585 sed
368 3522 414 3584 ite
436 3521 497 3584 boo
521 3519 559 3582 da
579 3519 647 3583 Deo
666 3520 801 3600 inopiae,
821 3538 881 3583 non
901 3520 1025 3601 proprie
1046 3520 1172 3598 dicitur,
1194 3522 1279 3585 siout

134 3646 238 3691 manue
266 3632 299 3691 et
325 3647 381 3710 pes
407 3631 439 3691 et
462 3627 525 3690 alia
549 3626 688 3709 cerneris
712 3626 863 3689 membra.
893 3626 933 3689 llt
957 3645 995 3689 ne
1021 3627 1194 3691 seeundum
1219 3628 1277 3691 boo

97 3734 273 3798 abradatur
305 3734 401 3798 borno
434 3733 465 3796 in
500 3733 603 3797 earnis
636 3732 732 3796 huius
766 3731 871 3815 effigie
905 3734 1009 3797 faetus
1039 3733 1078 3796 ad
1106 3733 1275 3815 imaginem

169 3995 181 4044 1
200 3994 267 4062 elie
352 3995 369 4046 2
389 3994 523 4063 supererit
543 4009 561 4046 a
649 3994 665 4045 3
685 3991 812 4046 decident
829 4008 875 4061 op
888 3998 911 4058 f
926 3992 1040 4058 Domb.;
1059 3990 1167 4044 decidet
1186 3990 1277 4043 abeo

137 4079 209 4134 {odie
227 4098 278 4134 nno
297 4081 377 4135 codd.
393 4087 505 4151 praeter
523 4100 545 4151 ρ,
564 4098 596 4149 o;
613 4098 666 4134 nno
687 4080 730 4134 die
751 4098 764 4149 ρ
783 4080 882 4136 Domb.
927 4082 960 4134 13
980 4096 1049 4149 qnae
1068 4095 1118 4132 om.
1138 4078 1163 4132 e¹
1216 4094 1276 4131 meo

138 4176 226 4222 eunte
269 4172 303 4224 14
322 4171 430 4225 domum
451 4172 509 4225 eie
554 4172 587 4225 17
608 4170 685 4239 dixit]
705 4169 800 4237 inquid
818 4188 835 4239 9
880 4169 1140 4223 retransmeare
1185 4170 1276 4221 asaia

140 4261 252 4312 autema
304 4276 352 4329 per
372 4260 418 4328 qui
438 4261 536 4318 omnia.
557 4260 655 4328 quim.
676 4259 852 4323 2r'rrsert.‚e
897 4260 931 4311 29
950 4274 997 4327 pes
1017 4258 1276 4325 uyppronrb.,·

139 4343 319 4412 pedeebeav
393 4348 493 4403 haeae
551 4348 746 4417 toeffigiese
802 4341 805 4346 ’
