3192 4959
357 469 407 522 De
435 469 609 522 ciuitate
638 467 699 523 dei
725 469 791 523 lib.
819 469 907 524 xxn.
934 487 1009 540 sep.
1033 471 1076 525 30.
1226 473 1289 538 667

141 665 203 730 Dei
230 684 370 742 munere,
397 685 459 731 non
488 684 564 732 suae
590 666 806 749 possibilitate
833 670 974 732 naturae.
1001 666 1101 731 Aliud
1129 670 1180 731 est
1207 666 1290 730 enim

143 791 214 837 esse
238 773 352 854 Deum,
381 773 468 837 eliud
495 773 684 856 participem
713 773 781 838 Dei.
816 774 903 838 Deus
931 777 1044 838 natura
1070 791 1201 855 peecare
1227 792 1289 838 non

140 883 264 962 potest3
296 879 455 962 particeps
488 899 564 945 uero
597 881 657 944 Dei
689 880 728 944 ab
756 880 813 945 illo
842 881 969 963 accipit,
1001 885 1039 944 ut
1065 899 1197 963 peecare
1228 899 1289 945 non

141 987 256 1068 possit.
285 986 439 1052 Seruandi
468 991 574 1052 autem
602 987 718 1072 gradus
747 991 836 1053 erant
863 987 964 1052 diuini
990 988 1141 1066 muneris,
1169 990 1208 1051 ut
1229 987 1290 1071 pri·

111 1112 232 1157 smum
261 1092 389 1157 daretur
415 1093 550 1157 liberum
575 1093 751 1170 arbitrium,
776 1112 839 1176 quo
863 1112 925 1158 non
946 1112 1083 1176 peecare
1100 1093 1195 1159 homo
1218 1111 1290 1176 pos·

142 1203 202 1276 set,
226 1199 450 1276 nouissimum,
475 1217 536 1282 quo
560 1219 690 1282 peecare
710 1219 771 1264 non
790 1203 908 1282 potest,
933 1199 1036 1283 adque
1057 1199 1140 1264 illud
1159 1199 1198 1264 ed
1217 1219 1291 1264 eon-

142 1305 316 1388 parandum
339 1305 500 1383 meritum,
525 1306 585 1372 hoe
609 1305 648 1370 ad
671 1307 885 1390 recipiendum
910 1306 1085 1391 praemium
1110 1306 1290 1389 pertineret.

143 1411 206 1478 Sed
235 1412 310 1494 qnia
336 1412 481 1494 peccauit
507 1412 571 1477 ista
598 1416 711 1477 natura
738 1432 812 1477 oum
840 1433 969 1496 peceare
1002 1413 1118 1496 potnit,
1153 1409 1289 1497 laigiore

142 1520 245 1604 graba
274 1518 437 1597 liberatur,
471 1523 508 1582 nt
541 1518 579 1583 ad
612 1539 681 1583 eam
714 1519 906 1603 perducatur
936 1520 1129 1595 libertatem,
1162 1520 1194 1585 in
1228 1538 1290 1602 qua

97 1645 123 1686 m
141 1645 272 1710 peecare
295 1645 356 1690 non
380 1625 492 1708 possit.
517 1625 610 1691 Siout
633 1627 716 1690 enim
739 1628 841 1709 prima
863 1627 1076 1692 inmortalitas
1099 1626 1170 1706 fuit,
1194 1646 1288 1710 quam

141 1732 300 1816 peoeando
328 1732 429 1797 Adam
453 1731 602 1815 perdidit,
629 1751 725 1816 posse
748 1753 809 1798 non
832 1736 923 1810 mori.
947 1734 1125 1799 nouissima
1147 1735 1208 1798 erit
1228 1753 1290 1798 non

143 1859 238 1923 posse
261 1838 358 1904 mori:
382 1839 429 1903 ita
451 1840 587 1922 primum
612 1839 747 1904 liberum
772 1841 938 1906 arbitrium
955 1859 1050 1924 posse
1069 1859 1131 1906 non
1148 1859 1289 1923 peecare,

142 1945 355 2011 nouissimum
388 1965 450 2010 non
479 1965 573 2028 posse
605 1965 745 2030 peceare.
780 1946 833 2012 Sic
862 1947 945 2012 enim
978 1948 1039 2012 erit
1069 1947 1291 2012 inamissibilis

144 2055 294 2118 noluntas
325 2051 454 2135 pietatis
488 2057 519 2118 et
551 2056 733 2136 aequitatis,
772 2074 834 2137 quo
867 2054 962 2119 modo
994 2053 1170 2119 felicitatis.
1207 2054 1290 2118 Nam

98 2181 124 2222 m
143 2160 256 2241 utique
274 2160 433 2241 peccando
454 2179 510 2225 neo
529 2161 681 2243 pietatem
700 2180 757 2225 nee
775 2162 962 2226 felicitatem
982 2161 1155 2232 tenuimus.
1178 2161 1290 2224 uolun-

142 2270 244 2330 tatem
265 2285 341 2330 nero
365 2267 529 2332 felicitatis
553 2288 609 2332 nee
637 2269 760 2351 perdite
787 2267 941 2332 felicitate
963 2268 1168 2350 perdidimus.
1197 2265 1289 2331 Certe

143 2374 232 2438 Deus
254 2373 323 2456 ipse
342 2374 506 2456 numquid,
527 2375 674 2457 quoniam
693 2393 824 2458 peccare
846 2394 907 2440 non
926 2379 1043 2457 potest,
1062 2375 1133 2438 ideo
1151 2373 1289 2437 liberum

144 2480 308 2544 arbitrium
332 2481 447 2546 habere
470 2481 633 2564 negandus
658 2484 732 2546 est?

187 2587 258 2650 Erit
280 2605 353 2670 ergo
377 2587 466 2651 illius
491 2587 631 2651 ciuitatis
656 2591 688 2652 et
711 2607 774 2652 arua
796 2589 828 2652 in
851 2588 1000 2653 omnibus
1018 2592 1052 2651 et
1069 2585 1289 2669 inseparabilis

99 2715 124 2756 aa
142 2693 174 2758 in
204 2693 341 2778 singulis
369 2693 519 2758 uoluntas
542 2693 651 2768 libera,
676 2694 714 2758 ab
739 2695 824 2760 omni
853 2695 935 2760 melo
959 2695 1092 2759 liberate
1116 2697 1148 2756 et
1169 2692 1290 2774 inpleta

142 2799 228 2864 omni
257 2800 350 2874 bono,
374 2799 481 2864 fruens
508 2799 725 2866 indeficienter
752 2804 949 2867 aeternorum
982 2799 1182 2865 iucunditate
1214 2817 1289 2882 gau-

142 2905 279 2980 diorum,
312 2905 412 2970 oblita
444 2905 619 2989 pulparum,
649 2907 747 2972 oblita
775 2927 965 2990 poenarum
998 2927 1057 2972 nee
1083 2907 1154 2970 iden
1182 2912 1289 2970 tamen

142 3032 219 3077 suae
252 3013 447 3077 liberationis
480 3013 590 3092 oblita,
627 3018 664 3078 ut
694 3015 858 3079 liberatori
889 3034 947 3079 suo
980 3034 1041 3079 non
1074 3014 1118 3078 sit
1147 3014 1288 3098 ingrata:

142 3124 298 3201 quantum
322 3139 396 3203 ergo
421 3117 543 3184 adtinet
570 3120 609 3185 ad
637 3121 803 3185 seientiam
830 3121 1026 3196 rationalem,
1055 3139 1177 3186 memor
1202 3139 1289 3204 prae·

94 3249 122 3288 aa
140 3227 308 3290 teritorum
338 3227 433 3290 etiam
461 3227 616 3292 malorum
645 3247 792 3303 suorum3
824 3231 977 3310 quantum
1004 3233 1112 3292 autem
1135 3228 1173 3290 ad
1198 3246 1289 3308 expe-

139 3333 252 3396 rientis
278 3351 416 3409 sensum,
440 3353 570 3416 prorsus
598 3335 761 3399 inmemor.
789 3334 871 3400 Nam
899 3338 932 3399 et
953 3335 1170 3416 peritissimus
1193 3334 1290 3397 medi·

140 3458 209 3516 eus,
239 3439 324 3504 sicut
354 3443 419 3504 arte
444 3440 598 3519 scirentur,
627 3460 734 3508 omnes
763 3442 828 3506 fere
857 3442 997 3526 corporis
1024 3442 1152 3507 morbos
1181 3441 1288 3512 nouit;

178 3665 297 3719 lsunb
396 3666 753 3736 descipitbeo;accepit
772 3665 972 3735 apn¹Domla
1071 3669 1290 3721 terentem
1379 3660 1383 3666 ’

140 3757 156 3810 5
176 3771 231 3808 non
251 3771 302 3809 om.
323 3771 341 3808 a
420 3754 676 3825 homo...peeeare
695 3772 745 3810 om.
765 3773 779 3810 e
851 3759 868 3811 6
886 3757 943 3824 deq
950 3778 956 3820 ;
977 3757 1019 3809 alr
1036 3756 1113 3810 liber.
1132 3755 1201 3824 Atq3
1220 3755 1291 3808 illud

139 3845 201 3912 (eie)
220 3859 235 3897 e
286 3844 318 3898 10
336 3843 574 3908 inmortalitatisb
625 3845 658 3898 13
676 3843 703 3898 in
723 3845 900 3898 nouissimum
921 3845 950 3909 b‚·
969 3846 1145 3898 nouissimum
1165 3847 1255 3898 eutem
1272 3861 1290 3897 a

138 3933 230 3987 inanis
253 3931 371 3986 nisibilis
394 3933 523 4003 uoluptas
543 3933 558 3987 b
652 3934 682 3988 15
702 3949 751 3986 nee
770 3934 874 4003 pietate
893 3933 1054 3987 felicitatem
1074 3935 1089 3987 b
1095 3953 1105 4000 ,·
1126 3950 1176 3987 nee
1194 3933 1289 3986 felicit.

139 4037 189 4076 neo
209 4021 302 4091 pietet.
323 4037 342 4073 a
412 4020 616 4092 uoluptatemb
691 4021 723 4074 19
743 4025 772 4075 et
789 4021 899 4075 illinet
967 4023 1002 4075 20
1021 4021 1049 4074 in
1068 4022 1185 4090 singulis
1203 4037 1254 4075 om.
1271 4039 1289 4076 a

139 4109 304 4180 uoluptasb
368 4110 400 4163 21
421 4108 527 4163 iocund.
548 4107 605 4163 ab²
672 4110 706 4163 22
726 4113 818 4163 temen
837 4109 933 4164 ideoo
1001 4111 1035 4164 23
1055 4127 1108 4164 non
1128 4111 1165 4164 sit
1182 4111 1290 4179 ingrata

141 4193 246 4267 tepu-
263 4213 318 4251 non
337 4213 389 4250 om.
410 4216 440 4262 u,·
457 4213 512 4250 non
532 4197 570 4250 sit
588 4200 668 4266 grate
687 4213 730 4252 aa
811 4198 846 4251 25
866 4198 1077 4267 experimentum
1098 4197 1169 4264 a¹a,·
1187 4197 1290 4267 experi-

139 4287 227 4340 menti
247 4283 277 4340 αὮ
366 4286 401 4340 26
420 4291 546 4339 sensnum
566 4303 584 4336 α
682 4285 752 4340 Nam
772 4286 911 4340 erasumb
1003 4291 1031 4340 et
1049 4287 1141 4356 perit]
1159 4286 1289 4356 expertis-

140 4375 263 4429 simusb
