3192 4959
305 465 347 528 86
649 460 674 516 S.
703 458 860 513 Aurelii
887 458 1103 528 Augustini

303 657 472 722 restituere
505 660 616 740 postea
649 659 781 733 curaret,
814 658 853 719 ut
884 673 1028 720 summae
1060 653 1246 720 conueniret
1276 653 1455 737 integritas,

305 765 354 828 An
372 764 454 828 forte
474 763 613 828 astutius
631 762 752 828 factum
773 760 1016 826 existimandum
1035 764 1095 836 est,
1114 764 1152 824 ut
1164 761 1230 837 illa,
1251 780 1314 842 que
1327 764 1457 825 centurn

305 869 377 934 anni
396 870 485 952 prius
506 871 610 934 solent
628 868 710 934 adici
730 873 763 933 et
780 875 892 951 postea
907 868 1040 945 detrahi,
1060 869 1275 933 occultaretur·
1287 867 1456 943 industria,

305 996 378 1041 cum
403 976 534 1055 stillio,
557 976 612 1040 ubi
635 994 765 1041 necesse
788 995 849 1040 non
872 977 986 1052 fuerat,
1014 992 1076 1039 non
1104 974 1231 1056 quidem
1260 973 1299 1038 do
1327 977 1457 1039 centum

306 1083 406 1161 annis,
426 1103 537 1147 uerum
557 1086 662 1146 tamen
682 1082 719 1146 de
739 1083 1032 1164 quantulocumque
1051 1100 1182 1146 numero
1197 1080 1285 1164 prius
1301 1081 1455 1160 detracto,
1486 1101 1498 1140 e

305 1193 379 1272 post
401 1189 535 1267 reddito,
559 1191 622 1254 tale
647 1188 767 1271 aliquid
790 1188 901 1253 fierem
924 1187 988 1254 Sed
1012 1188 1252 1272 quomodolibet
1270 1188 1356 1254 istuc
1375 1189 1457 1254 acci-

212 1313 217 1318 ·
304 1296 420 1379 piatur,
445 1295 515 1361 siue
539 1295 685 1360 credatur
708 1297 753 1360 ita
776 1315 847 1360 esse
870 1296 991 1360 tactum
1015 1296 1084 1360 siue
1107 1315 1170 1360 non
1199 1295 1354 1373 credatur,
1383 1297 1456 1360 siue

305 1407 464 1485 postremo
489 1403 534 1467 ite
558 1402 626 1467 siue
650 1402 777 1467 nonita
800 1402 857 1467 sit:
885 1407 972 1467 recte
999 1402 1067 1467 fieri
1095 1402 1182 1468 nullo
1211 1403 1305 1468 modo
1329 1402 1457 1468 dubita·

305 1511 415 1584 nerim,
449 1513 495 1587 ut,
530 1527 602 1572 cum
635 1508 796 1572 diuersum
831 1507 952 1590 aliquid
979 1508 1012 1572 in
1038 1509 1181 1589 utrisque
1210 1508 1374 1574 codicibus
1408 1509 1456 1572 in·

306 1615 441 1692 denitur,
472 1614 594 1697 qnando
624 1615 752 1695 quidem
781 1613 820 1678 ad
847 1613 943 1678 fidem
966 1633 1070 1679 rerum
1095 1619 1257 1698 gestarum
1281 1619 1499 1698 utrumquem

305 1741 375 1788 esse
399 1742 460 1786 non
488 1725 596 1805 potest
624 1741 745 1799 uerum,
774 1721 804 1785 ei
832 1720 958 1805 linguae
985 1722 1092 1803 potius
1117 1722 1272 1798 credatur,
1296 1722 1379 1787 unde
1404 1728 1457 1788 est

305 1831 337 1894 in
366 1829 460 1893 aliam
488 1847 544 1911 per
571 1829 758 1910 interpretes
786 1827 871 1891 facta
898 1827 1074 1894 translatio.
1099 1826 1180 1891 Nam
1203 1827 1235 1892 in
1260 1828 1454 1910 quibusdam

306 1935 401 1999 etiem
434 1933 597 1999 codicibus
623 1933 752 1999 Graecis
785 1935 888 2000 tribus
921 1937 953 1998 et
979 1952 1042 1998 nno
1070 1935 1181 1999 Latino
1209 1938 1243 2000 et
1268 1955 1331 2000 uno
1355 1937 1452 2000 ctiam

306 2043 383 2124 Syro
417 2040 499 2106 inter
532 2059 564 2104 se
598 2041 869 2106 consentientibus
900 2041 1049 2106 inuentus
1078 2045 1129 2106 est
1155 2041 1370 2107 Mathusalam
1399 2063 1455 2107 sex

308 2147 396 2211 annis
420 2151 492 2212 ante
516 2147 675 2212 diluuium
699 2147 802 2213 luisse
825 2147 1004 2213 defunctus.
1474 2169 1500 2208 ro

742 2339 879 2406 CAPUT
903 2339 1007 2404 XIIII.

306 2483 359 2547 De
393 2483 610 2566 parilitate
644 2503 844 2557 annorum,
882 2483 949 2564 qni
982 2482 1134 2546 eisdem
1168 2484 1315 2566 quibus
1349 2506 1454 2553 nuno
1576 2560 1577 2583 χ

363 2589 518 2671 spatiis
544 2593 583 2652 et
606 2589 644 2652 in
668 2589 879 2672 prioribus
904 2589 1085 2653 saeculis
1111 2596 1391 2656 cucurrerunt.

311 2719 313 2724 ’
348 2730 439 2795 Nunc
462 2731 526 2794 iam
549 2732 716 2796 uideamus
741 2751 877 2814 quonam
896 2730 989 2796 modo
1011 2732 1174 2797 euidenter
1191 2732 1294 2816 possit
1313 2737 1454 2802 ostendi.

304 2857 363 2900 non
393 2841 457 2900 tam
486 2837 608 2914 branse,
637 2842 675 2902 nt
697 2837 743 2901 illi
768 2837 878 2901 decern
902 2857 985 2902 unus
1010 2843 1096 2902 esset
1118 2842 1235 2916 noster,
1264 2839 1321 2904 sed
1343 2844 1454 2907 tantae
1473 2861 1500 2900 so
1575 2878 1576 2913 ;

303 2942 493 3025 prolixitatis
528 2963 635 3022 annos,
670 2947 807 3027 quantae
835 2963 918 3009 nunc
945 2945 1100 3009 habemus
1129 2944 1222 3029 (quos
1250 2948 1363 3029 ntique
1393 2951 1455 3013 cir·

303 3049 409 3112 cuitus
440 3049 568 3114 conficit
601 3050 702 3131 solis),
736 3051 766 3114 in
794 3052 923 3115 illorum
950 3050 1114 3116 hominum
1142 3053 1210 3118 uita
1237 3053 1455 3136 prolixissima

304 3157 504 3239 conputatos.
538 3155 791 3222 Sescentensimo
824 3178 937 3240 nempe
969 3178 1049 3224 anno
1082 3159 1168 3223 uitae
1198 3159 1265 3226 Noe
1293 3160 1455 3243 scriptum
1574 3150 1575 3179 ³

304 3265 353 3325 est
380 3261 500 3325 lactum
531 3281 601 3326 esse
629 3262 796 3330 diluuium.
827 3262 916 3343 Quur
943 3284 1017 3350 ergo
1047 3266 1092 3329 ibi
1115 3267 1247 3350 legitur:
1276 3267 1324 3331 ut
1347 3280 1456 3350 aqua

305 3366 459 3431 diluuii
483 3368 1499 3451 Iactaestsuperterramsescentensimoannoee
1574 3372 1575 3415 l

303 3580 463 3658 mensis,
493 3581 520 3644 si
549 3600 647 3646 annus
671 3581 724 3646 ille
747 3583 908 3657 minimus,
938 3584 1047 3666 quales
1072 3584 1179 3649 decem
1203 3585 1325 3651 faciunt
1350 3608 1453 3654 uuum

303 3473 339 3536 in
363 3474 452 3537 uita
474 3473 567 3553 Noe,
593 3476 760 3540 secundi
786 3477 948 3555 mensio,
970 3479 1455 3561 septimaetuicensima
1573 3496 1574 3511 l

293 3689 457 3764 'nostrum
487 3687 616 3771 triginta
645 3707 698 3752 sex
726 3689 865 3754 habebat
893 3690 981 3754 dies?
1009 3690 1165 3756 Tantillus
1194 3693 1310 3777 quippo
1334 3713 1453 3772 annus,

391 3948 425 4002 24
446 3947 512 4002 Gen.
533 3951 556 4015 7,
577 3950 610 4003 10
629 3967 668 4018 sq.

337 4072 479 4126 loentum
500 4072 597 4128 obessae
616 4073 697 4126 deV
751 4075 921 4145 6quomodo
941 4077 998 4130 ab¹
1068 4079 1140 4132 istuc
1164 4079 1199 4146 V;
1217 4079 1308 4134 istunc
1326 4098 1355 4150 e,-
1372 4082 1455 4138 istud
1571 4074 1572 4079 ¹

303 4160 469 4228 bpo;ido
523 4163 703 4226 diste—iste
726 4163 753 4216 V
823 4164 1021 4218 dubitauerite
1077 4168 1211 4221 ruolium
1234 4169 1269 4221 V¹
1326 4171 1359 4224 19
1380 4188 1454 4240 quo·

301 4277 373 4337 niam
397 4277 423 4329 V
487 4279 521 4330 22
540 4279 567 4331 in
586 4295 637 4332 om.
658 4279 716 4348 p²f
782 4281 817 4336 23
835 4247 1039 4345 sescelaigsimo
1063 4282 1090 4336 V
1154 4285 1189 4337 24
1208 4285 1324 4353 quereb
1410 4288 1454 4343 ibi

302 4381 366 4433 ergo
387 4383 400 4418 e
453 4367 487 4418 26
507 4367 534 4419 in
555 4368 613 4420 nita
636 4368 720 4435 Veo;
739 4370 813 4424 uitae
832 4369 967 4441 obpp²o
979 4379 1004 4439 f
1054 4372 1088 4425 28
1108 4371 1165 4426 dies
1184 4371 1337 4427 habebato
