3192 4959
302 431 367 493 548
650 427 676 480 S.
703 426 859 480 Aurelii
889 425 1106 494 Augustini

301 622 437 686 Plurimi
460 642 536 686 uero
560 625 727 705 praecepto
750 621 833 705 legis
859 625 999 704 aoeepto,
1024 640 1093 685 eum
1118 621 1206 703 prius
1230 620 1311 683 uicti
1336 619 1446 684 tuerint

303 731 561 811 praeualentibus
589 729 679 794 uitiis
708 731 741 792 et
766 727 1034 810 praeuaricatores
1068 727 1137 791 eius
1166 725 1281 803 effoeti,
1308 729 1384 790 tuno
1411 724 1445 788 ad

304 835 439 918 gratiam
468 835 656 920 confugiunt
685 834 899 911 adiuuantem
929 853 991 917 qua
1019 834 1094 897 fiant
1122 835 1153 898 et
1181 833 1319 898 ammius
1346 831 1444 914 paeni-

303 941 399 1006 tendo
428 947 461 1005 et
488 943 710 1007 uehementius
734 941 905 1024 pugnando
928 941 1015 1025 prius
1039 941 1106 1006 Deo
1131 939 1259 1004 subdita
1282 939 1385 1021 adque
1405 939 1445 1002 ita

305 1049 593 1131 earni'praeposita
616 1053 721 1113 mente
745 1051 893 1114 uictores.
927 1047 1079 1129 Quisquis
1103 1047 1203 1132 igitur
1225 1046 1314 1130 eupit
1336 1065 1444 1128 poenas
1469 1067 1479 1107 a

305 1155 439 1220 euadere
463 1157 682 1238 sempiternas,
703 1176 763 1220 non
782 1157 887 1220 solum
907 1155 1096 1238 baptizetur,
1115 1173 1228 1218 uerum
1247 1153 1344 1217 etiam
1362 1152 1445 1217 iusti-

303 1261 417 1326 tioetnr
438 1263 470 1326 in
495 1262 633 1338 Christo,
651 1282 687 1327 ae
712 1264 758 1327 sio
781 1282 856 1327 uere
876 1265 1018 1326 trauseat
1037 1281 1054 1324 a
1073 1261 1198 1325 diabolo
1219 1259 1259 1323 ad
1279 1258 1444 1324 Christum.

304 1369 509 1450 Purgatorias
543 1373 650 1435 autem
678 1389 794 1452 poenas
824 1371 928 1434 nullas
956 1371 1080 1434 futuras
1109 1369 1264 1450 opinetur,
1292 1366 1355 1430 nisi
1382 1369 1445 1430 aute

303 1475 384 1539 iliud
423 1476 573 1540 ultimum
609 1476 872 1558 tremendumque
904 1476 1068 1540 iudicium.
1105 1475 1315 1556 Nequaquam
1347 1476 1443 1534 tamen

304 1582 485 1665 negandum
518 1587 570 1647 est
596 1585 692 1646 etiam
720 1583 827 1664 ipsum
857 1588 1020 1648 aeternum
1046 1583 1151 1666 ignem
1179 1599 1235 1663 pro
1269 1578 1445 1644 diuersitate
1461 1598 1480 1636 o

305 1690 490 1753 meritorum
524 1689 671 1771 quamuis
704 1690 861 1753 malorum
900 1689 971 1754 aliis
1002 1689 1166 1765 leuiorem,
1200 1686 1273 1751 aliis
1310 1687 1444 1750 futurum

305 1813 376 1860 esso
400 1795 588 1878 grauiorem,
614 1797 684 1860 siue
708 1796 811 1876 ipsius
836 1795 886 1859 nis
912 1796 1015 1878 adque
1039 1793 1131 1859 ardor
1152 1813 1208 1877 pro
1232 1811 1334 1876 poena
1360 1790 1445 1873 digna

305 1901 461 1982 cuiusque
483 1902 635 1980 norietur,
654 1902 725 1966 siue
748 1903 819 1985 ipse
843 1901 1017 1983 aequaliter
1035 1901 1153 1980 ardeat,
1173 1900 1230 1965 sed
1249 1919 1312 1966 nou
1331 1896 1445 1980 aequati

304 2007 454 2071 molestia
477 2007 643 2071 sentiatur.

748 2200 885 2266 CAPUT
909 2201 1012 2266 XVII.
1460 2237 1478 2274 a

360 2341 411 2404 De
436 2340 506 2417 his,
532 2341 595 2422 qui
618 2335 757 2424 putant
780 2342 969 2406 nullorum
993 2343 1182 2406 hominum
1206 2360 1346 2423 poenas
1369 2341 1400 2404 in

611 2451 803 2512 aeternum
833 2467 915 2513 esso
945 2469 1150 2514 mansuras.

350 2589 443 2654 Nune
467 2589 530 2653 iam
554 2609 626 2653 oum
650 2589 908 2654 misericordibus
933 2590 1049 2654 nostris
1075 2589 1232 2674 agendum
1263 2608 1333 2653 esse
1361 2585 1442 2650 uideo
1554 2651 1555 2686 1

307 2699 340 2760 et
371 2696 501 2779 paoitioe
535 2696 774 2779 disputandum,
809 2697 863 2778 qni
896 2698 948 2761 uel
982 2698 1128 2761 omnibus
1159 2696 1226 2759 illis
1264 2693 1441 2759 hominibus.

307 2823 388 2885 quos
420 2803 620 2867 iustissimus
652 2803 745 2867 iudex
779 2803 891 2886 dignos
921 2803 1083 2886 gehennae
1111 2802 1269 2884 supplicio
1293 2799 1477 2867 iudicabitis

307 2911 361 2973 uel
394 2908 584 2991 quibusdam
622 2929 731 2974 eorum
763 2911 876 2975 nolunt
908 2910 1034 2974 eredere
1065 2928 1199 2993 poenam
1233 2909 1440 2990 sempiternam

307 3015 459 3094 futuram,
484 3017 541 3081 sed
564 3022 638 3099 post
662 3017 739 3081 certi
763 3019 916 3100 temporis
940 3020 1042 3082 metas
1066 3035 1122 3098 pro
1151 3015 1308 3097 cuiusque
1336 3009 1441 3096 peceati

309 3123 484 3203 quantitate
517 3123 670 3208 longioris
705 3123 773 3187 siue
803 3123 958 3189 breuioris
987 3142 1041 3188 eos
1069 3123 1141 3187 iude
1169 3123 1351 3187 existimant
1375 3118 1443 3182 iibe-

307 3229 432 3294 randos.
458 3227 527 3307 Qua
549 3230 582 3293 in
604 3249 638 3294 re
662 3230 898 3294 misericordior
921 3231 1062 3313 proiecto
1086 3231 1148 3294 init
1166 3229 1333 3312 Origenes,
1352 3227 1444 3310 quiet

308 3336 414 3416 ipsum
439 3335 600 3400 diabolum
626 3335 727 3417 adque
752 3337 882 3419 angelos
908 3337 977 3401 eins
1001 3341 1075 3420 post
1096 3337 1244 3421 grauiora
1262 3355 1317 3418 pro
1337 3331 1444 3397 meritis
1459 3349 1480 3391 n
1552 3363 1553 3368 κ

309 3446 341 3505 et
365 3442 562 3507 diuturniora
585 3443 742 3525 supplicia
767 3461 803 3506 er
825 3443 891 3507 iliis
917 3443 1111 3507 eruciatibus
1141 3443 1297 3507 eruendos
1321 3445 1351 3506 et
1376 3437 1445 3502 soci·

309 3547 407 3613 andos
435 3550 553 3614 sanetis
583 3549 706 3632 angelis
735 3548 879 3614 eredidit.
919 3548 981 3613 Sed
1008 3548 1101 3613 iilum
1130 3553 1162 3614 ot
1188 3553 1318 3632 propter
1343 3547 1398 3610 hoo
1418 3545 1445 3605 et

308 3658 438 3737 propter
461 3656 523 3720 alia
546 3654 698 3719 nonnulla
723 3658 755 3719 et
778 3656 912 3719 maxime
936 3661 1065 3738 propter
1088 3657 1279 3720 alternantes
1303 3655 1366 3719 sine
1388 3667 1444 3714 ces·

345 3895 564 3976 tqbapticetnrq
600 3895 852 3966 9tremendumque
868 3912 881 3950 e
888 3914 933 3966 91²
943 3915 971 3964 n;
990 3896 1195 3966 timendumque
1213 3897 1314 3951 Domb.
1352 3897 1379 3948 li
1393 3907 1442 3947 nm·

310 3987 400 4092 lardi),
419 4037 464 4074 um
483 4037 598 4090 eram
639 4022 672 4074 12
690 4038 838 4113 proponam
858 4020 1004 4092 dignamy
1049 4022 1085 4076 20
1104 4039 1261 4092 geaeunqy
1305 4023 1336 4076 21
1347 3978 1443 4079 'nolunt

308 4147 341 4200 trs
359 4163 443 4215 marq.
458 4123 570 4206 'noluem
589 4162 604 4198 e
706 4147 741 4200 23
761 4147 898 4208 estimant,
917 4147 949 4199 in
968 4163 1052 4216 many.
1066 4124 1239 4215 existimant,
1259 4164 1273 4201 e
1371 4145 1401 4198 25
1418 4140 1445 4192 io

309 4235 434 4303 nrarqine
446 4251 477 4302 q.-
494 4232 630 4286 notandus
648 4234 726 4287 loeus
741 4237 823 4302 atque
838 4232 1005 4302 tractandus,
1021 4235 1067 4288 ubi
1083 4236 1216 4303 originem
1231 4235 1349 4288 adstruit
1362 4245 1443 4300 repro·
1549 4251 1550 4288 1

310 4323 405 4375 batum
479 4325 507 4375 et
525 4337 622 4389 ange
675 4323 709 4375 26
730 4325 823 4374 et—et
841 4337 918 4388 naas.,·
939 4325 1120 4392 et—atquen
1175 4323 1375 4394 aestuque
