3192 4959
348 475 399 528 Ile
428 476 602 528 ciuitate
632 475 693 529 dei
721 476 787 531 lib.
816 475 900 530 XXII.
929 493 1003 546 cap.
1032 477 1110 532 6-8,
1239 482 1303 544 595

154 670 258 751 ipsius
282 673 425 752 tempore
450 669 611 735 Ciceronis
634 670 833 752 maximeque
858 675 970 755 postea
993 672 1053 737 sub
1076 673 1223 756 Augusto
1252 673 1304 737 ad-

155 794 218 858 que
245 776 381 854 Tiberio,
410 776 637 842 eruditioribus
664 778 777 859 utique
805 778 1013 862 temporibus,
1042 779 1304 844 resurrectionem

155 883 260 947 caruis
275 881 394 949 Christi
409 883 511 966 adque
525 883 557 948 in
572 882 695 948 eaelum
715 883 967 962 adscensionem,
986 888 1149 966 tamquam
1168 884 1201 948 id
1220 886 1302 968 quod

155 990 224 1054 fieri
250 1009 312 1055 uon
339 993 457 1072 potest,
485 1009 575 1056 mene
603 991 742 1056 humana
767 991 848 1055 ferre
876 1011 936 1056 non
969 994 1080 1074 posset
1110 991 1303 1075 eludensque

127 1120 140 1154 ι
156 1096 195 1160 ab
214 1096 346 1161 auribus
365 1097 574 1177 cordibusque
592 1098 765 1179 respueret,
783 1097 845 1162 nisi
865 1115 934 1162 eam
954 1097 1022 1162 fieri
1040 1099 1182 1180 potuisse
1202 1098 1304 1181 adque

154 1204 272 1268 factam
301 1223 372 1268 esse
400 1203 550 1269 diuinitas
578 1203 682 1286 ipsius
709 1204 857 1268 ueritatis
890 1205 943 1268 nel
976 1205 1153 1270 diuinitatis
1185 1206 1303 1270 ueritas

155 1313 189 1374 et
211 1311 425 1375 contestantia
446 1310 672 1374 miraculorum
696 1309 789 1394 signa
807 1313 1034 1386 monstrarent;
1059 1314 1096 1374 ut
1114 1311 1304 1376 terrentibus

155 1422 189 1482 et
211 1415 502 1481 contradicentibus
520 1420 585 1479 tem
604 1415 716 1480 multis
735 1418 865 1497 tamque
885 1417 1010 1500 magnis
1029 1415 1303 1499 persecutionibus

154 1522 346 1604 praecedens
373 1523 405 1586 in
430 1521 568 1595 Christo,
593 1521 705 1588 deinde
732 1524 765 1586 in
794 1523 909 1588 ceteris
933 1523 971 1587 ed
996 1541 1115 1588 nouum
1140 1523 1302 1588 saeculum

111 1653 137 1689 ro
155 1634 306 1694 secutura
332 1629 520 1694 resurrectio
548 1629 651 1712 adque
679 1628 891 1694 inmortalitas
921 1631 1023 1694 earnis
1057 1633 1090 1693 et
1120 1629 1328 1695 fidelissime·

155 1735 337 1801 crederetur
359 1738 392 1800 et
413 1735 648 1818 praediceretur
670 1735 826 1818 intrepide
850 1739 884 1800 et
906 1755 961 1818 per
985 1736 1091 1802 orbem
1116 1739 1217 1800 terrae
1234 1737 1303 1818 pnl-

154 1845 296 1908 lulature
321 1842 489 1908 fecundius
517 1861 590 1907 cum
619 1847 792 1925 martyrum
822 1844 977 1926 sanguine
1005 1849 1170 1908 sereretur.
1207 1843 1303 1926 Lege-

154 1951 272 2016 bantur
294 1950 378 2014 enim
396 1951 564 2032 praeconia
580 1949 802 2032 praecedentia
821 1951 1057 2032 prophetarum,
1077 1950 1304 2016 concurrebant

156 2061 284 2122 ostenta
306 2057 476 2131 uirtutum,
496 2061 529 2120 et
546 2057 797 2139 persuadebatur
820 2058 940 2122 ueritas
964 2076 1046 2122 noue
1070 2056 1302 2122 consuetudini.

112 2184 137 2223 ιι
155 2183 216 2228 non
246 2163 402 2228 contraria
427 2163 553 2240 rationi,
580 2163 680 2228 donec
709 2163 794 2228 orbis
828 2167 938 2236 temae,
968 2165 1022 2245 qai
1055 2164 1304 2246 persequebatur

154 2273 273 2344 furore,
296 2273 483 2352 sequeretur
505 2268 576 2334 fide.

608 2460 744 2526 CIPUT
768 2461 853 2527 VIII.

155 2607 210 2669 De
242 2603 468 2680 miraculis,
503 2622 603 2684 quae
636 2606 680 2666 ut
711 2602 883 2667 muudus
915 2602 953 2664 in
984 2602 1190 2667 Christum
1225 2623 1301 2666 cre-

201 2712 317 2775 deret
344 2712 454 2775 faeta
482 2715 577 2774 sunt
606 2714 644 2772 et
670 2709 766 2772 fieri
794 2708 939 2772 mundo
969 2707 1159 2773 credente
1189 2728 1260 2773 non

110 2853 136 2888 so
631 2815 832 2879 desinunt.

201 2961 300 3040 Quur,
324 2959 483 3040 inquiunt,
508 2977 590 3023 nunc
616 2956 674 3021 illa
701 2958 864 3035 miracula,
893 2976 972 3038 quoe
1000 2957 1190 3038 praedicatis
1217 2957 1301 3020 faeta

154 3087 236 3145 esse,
269 3085 330 3131 non
367 3066 468 3129 fiunt?
505 3065 636 3129 Possem
675 3063 802 3146 quidem
841 3063 944 3128 dicere
981 3065 1160 3128 necessario
1193 3061 1301 3137 luisse,

155 3175 341 3256 priusquam
375 3173 517 3237 erederet
547 3171 697 3249 muudus,
731 3169 770 3234 ad
809 3170 870 3235 hoc
907 3174 944 3235 ut
981 3169 1122 3234 crederet
1155 3167 1302 3233 mundus.

155 3281 311 3363 Quisquis
335 3279 438 3344 adhuc
460 3279 606 3363 prodigia
628 3283 666 3343 ut
689 3278 796 3341 eredat
819 3277 960 3359 inquirit,
980 3295 1132 3360 magnum
1157 3279 1206 3339 est
1232 3275 1301 3357 ipse

108 3410 135 3449 ιι
152 3388 347 3472 prodigium,
372 3387 427 3470 qui
449 3385 567 3451 mundo
591 3384 736 3450 credent-e
761 3403 821 3448 nou
847 3382 956 3448 eredit.
994 3382 1112 3446 Verum
1142 3383 1201 3446 hoe
1231 3381 1301 3446 ideo

154 3495 315 3572 dicuntur
319 3498 412 3558 tneo
436 3496 511 3558 tunc
534 3493 592 3558 illa
614 3489 988 3556 miraculosactaiuisse
1008 3489 1138 3553 credant
1125 3495 1186 3552 tur.
1211 3487 1302 3552 Unde

154 3621 229 3686 ergo
254 3605 343 3664 tanta
364 3598 426 3664 tide
451 3599 559 3665 Christ
544 3603 597 3664 tus
621 3617 852 3680 usquequaque
872 3595 1041 3660 cantatur
1034 3615 1065 3658 ιιι
1086 3595 1209 3658 eaelum
1229 3610 1300 3657 cunr

153 3729 247 3774 earne
271 3707 439 3774 sublatus?
462 3705 553 3771 Unde
577 3704 774 3788 temporibus
799 3703 932 3769 eruditis
956 3706 988 3766 et
1012 3721 1102 3766 omne
1127 3699 1211 3782 quod
1236 3699 1301 3763 lieri

153 3835 214 3881 non
243 3819 351 3898 potest
378 3813 602 3896 respuentibus
632 3812 699 3876 sine
726 3810 802 3874 ullis
831 3809 994 3874 miraculis
1018 3807 1152 3872 nlmium
1176 3805 1301 3869 mirabi-

191 4064 358 4165 laguatop
429 4057 664 4124 2erutioribuep
736 4054 909 4121 blactump
990 4049 1091 4102 ueritas
1112 4047 1301 4102 dirdnitatisu

151 4181 168 4234 8
188 4133 393 4240 crrnIefentibue
412 4173 511 4227 litteris
527 4173 592 4226 etilo
609 4172 681 4226 eicco
699 4170 837 4238 r'rnpreeer'a
855 4171 1032 4234 correctrorrp
1086 4165 1102 4218 9
1122 4163 1302 4232 procedensp

153 4268 189 4322 ad
208 4282 309 4320 nouum
329 4261 492 4316 saeculum
486 4279 513 4314 ιιι
533 4261 681 4315 caeterisv
748 4259 777 4311 11
798 4256 958 4328 pullulatp
1015 4255 1046 4306 16
1066 4251 1154 4306 surore
1174 4268 1299 4321 sequere-

152 4393 254 4438 turm.
275 4384 372 4448 emp.
393 4379 443 4432 lin.
460 4395 478 4447 9
541 4378 575 4430 22
594 4377 730 4446 possimp
793 4376 828 4427 25
847 4371 968 4426 credenti
986 4389 1003 4440 p
1071 4371 1104 4422 ¹26
1125 4367 1301 4436 credenturp

1216 4474 1264 4527 38*
