3192 4959
305 470 356 523 De
385 469 562 523 ciuitate
591 467 653 522 dei
681 468 746 522 lib.
773 468 859 524 XXII.
889 485 964 539 cep.
996 471 1036 523 14.
1068 470 1108 524 15.
1225 471 1288 534 623

135 671 221 743 runt,
245 665 350 728 minus
374 665 527 728 haherent
548 663 670 746 aliquid
692 663 724 727 in
750 666 881 742 stature,
908 664 992 745 quod
1017 663 1062 727 eis
1086 667 1195 728 contra
1219 681 1288 727 sen-

135 773 270 838 tentiam
304 769 422 836 Christi
449 771 576 854 periret,
611 770 665 853 qui
693 770 771 834 dixit
800 789 857 834 nec
887 770 1038 852 capillum
1069 769 1182 851 cepitis
1217 787 1287 832 esse

136 878 323 963 periturum,
348 876 489 941 Creatori
511 876 634 958 ntique,
666 877 721 959 qui
745 876 867 940 creauit
890 879 1005 940 cuncta
1029 876 1066 938 de
1091 875 1200 954 nihilo,
1225 894 1287 958 quo

134 986 230 1050 modo
255 985 366 1048 deesse
388 986 499 1064 posset
521 981 605 1047 unde
629 982 758 1047 adderet
781 981 866 1065 quod
890 981 1068 1046 addendum
1093 1001 1163 1046 esse
1187 981 1287 1046 mirus

104 1091 248 1155 scutifer
271 1093 405 1156 nosset?

597 1281 735 1347 CAPUT
758 1281 827 1346 XV.

134 1431 191 1491 ,tn
221 1426 266 1489 ad
296 1423 493 1490 dominici
523 1423 709 1504 corporis
733 1423 890 1488 modum
915 1423 1088 1489 omnium
1112 1426 1286 1488 mortuo-

353 1551 437 1594 rum
461 1534 751 1594 resurrectura
775 1529 859 1593 sint
884 1547 1063 1612 corpore.

180 1672 244 1737 Sed
262 1673 374 1754 ntique
394 1669 540 1736 Christus
559 1671 590 1734 in
607 1682 652 1735 ‘ee
670 1690 818 1736 mensura
838 1671 989 1753 corporis,
1008 1671 1040 1734 in
1061 1689 1123 1754 qna
1141 1675 1286 1735 mortuus

92 1802 117 1837 cl
135 1785 195 1856 est,
218 1780 398 1855 resurrexit,
423 1796 479 1842 nee
502 1778 550 1842 fas
575 1783 625 1842 est
648 1777 762 1855 dicere,
787 1797 859 1842 cum
883 1777 1123 1842 resurrectionis
1144 1776 1284 1841 omnium

132 1889 264 1968 tempus
291 1884 424 1959 uenerit,
454 1901 655 1947 accessuram
683 1884 807 1966 corpori
836 1885 905 1948 eius
931 1903 999 1948 eam
1023 1883 1285 1968 magnitudinem,

135 2011 231 2075 quam
259 2011 319 2055 non
347 1990 468 2066 habuit,
497 1988 621 2071 quando
650 1990 681 2053 in
710 2009 747 2054 ca
774 1990 952 2074 discipulis,
981 1991 1013 2054 in
1041 2010 1104 2072 que
1132 1989 1286 2054 illiserat

133 2102 241 2176 notus,
265 2097 420 2180 apparuit,
443 2099 481 2160 ut
503 2095 701 2180 longissimis
719 2097 787 2161 fieri
814 2096 919 2178 possit
942 2097 1092 2178 aequalis.
1122 2096 1156 2161 Si
1180 2100 1285 2160 autem

134 2205 305 2268 dixerimus
343 2203 382 2268 ad
419 2203 570 2268 dominici
607 2203 746 2286 eorporis
784 2202 914 2268 modurn
954 2205 1051 2267 etiarn
1089 2222 1285 2285 quorumque

92 2311 254 2376 remaiore
291 2328 422 2393 corpora
453 2309 636 2394 redigenda,
674 2310 790 2392 peribit
823 2309 861 2374 de
894 2312 1067 2377 multorum
1101 2311 1284 2393 corporibus

131 2418 320 2501 plurimum,
344 2436 416 2480 eum
441 2418 511 2498 ipse
534 2435 593 2481 nec
617 2417 769 2500 capillum
797 2418 974 2500 periturum
999 2436 1069 2482 esse
1092 2417 1284 2500 promiserit.

131 2526 247 2590 Restat
274 2542 360 2607 ergo,
388 2526 426 2588 ut
452 2542 543 2588 suam
570 2524 704 2606 recipiat
732 2524 867 2607 quisque
892 2543 1083 2602 mensnram,
1113 2543 1208 2606 quern
1231 2523 1284 2587 uel

130 2633 247 2697 hahuit
275 2632 306 2694 in
335 2632 513 2707 iuuentute,
547 2631 672 2695 etiamsi
705 2649 799 2696 senex
829 2635 878 2695 est
905 2634 1063 2712 mortuus,
1097 2632 1151 2695 uel
1182 2629 1285 2694 lueret

131 2739 311 2816 habiturus,
341 2738 368 2800 si
397 2741 448 2802 est
475 2743 547 2801 ente
576 2737 757 2814 defunctus
787 2737 890 2819 adque
919 2737 1010 2817 illud,
1040 2736 1124 2820 quod
1148 2755 1282 2802 comme·

87 2869 113 2906 20
130 2845 271 2910 morcuit
307 2844 472 2926 apostolus
509 2845 547 2908 de
580 2863 729 2908 mensure
766 2844 880 2909 aetatis
914 2844 1120 2928 plenitudinis
1155 2843 1283 2918 Christi,

130 2955 188 3015 aut
220 2952 347 3033 propter
374 2950 462 3014 aliud
489 2950 714 3035 intellegemus
744 2950 864 3015 dictum
895 2969 975 3025 esse,
1008 2949 1041 3014 id
1071 2954 1129 3026 est,
1169 2954 1204 3014 ut
1236 2951 1284 3015 illi

129 3058 228 3141 capiti
260 3057 293 3120 iu
324 3057 452 3140 populis
487 3057 678 3122 Christianis
715 3057 883 3122 accedente
918 3056 1058 3121 omnium
1091 3058 1283 3138 pellectione

130 3163 347 3228 membrorum
375 3163 489 3227 aetatis
518 3163 587 3227 cius
614 3182 764 3228 mensura
788 3163 984 3245 conpleatur,
1013 3166 1079 3242 eut,
1110 3163 1137 3228 si
1160 3164 1220 3228 hoc
1245 3163 1283 3228 de

129 3269 359 3334 resurrectione
384 3287 550 3350 corporum
575 3270 779 3346 dictumest,
805 3269 1071 3352 sic'accipiamns
1091 3270 1223 3347 dictum,
1247 3274 1284 3335 ut

84 3403 111 3442 re
129 3395 187 3440 nee
211 3376 291 3439 infra
315 3395 370 3440 nec
394 3376 479 3440 ultre
501 3377 681 3441 iuuenalem
705 3377 839 3440 formem
863 3381 1032 3460 resurgent
1055 3397 1183 3460 corpora
1202 3397 1283 3442 mor-

128 3486 270 3559 tuorum,
300 3481 356 3547 sed
383 3482 414 3545 in
444 3482 513 3546 eius
542 3485 646 3548 aetate
674 3486 706 3547 et
734 3483 858 3560 robore,
886 3502 988 3565 usque
1013 3483 1051 3547 ed
1077 3502 1171 3564 quarn
1196 3483 1282 3548 Chri-

129 3596 218 3654 stum
245 3589 297 3654 hie
325 3591 509 3672 peruenisse
534 3590 743 3674 cognouimus
772 3590 870 3674 (cirea
894 3591 1025 3674 triginta
1049 3591 1165 3674 quippe
1186 3610 1282 3656 annos

128 3695 319 3760 definierunt
342 3714 412 3760 esse
437 3696 532 3759 etiam
552 3696 673 3760 sacculi
693 3697 789 3760 huius
810 3696 989 3760 doctissimi
1008 3696 1152 3762 homines
1171 3697 1282 3760 iuuen-

128 3806 250 3877 tntem;
283 3819 364 3883 quae
396 3821 469 3866 curn
497 3802 593 3866 fuerit
621 3803 725 3886 spatio
753 3801 881 3886 proprio
911 3801 1089 3878 terminate,
1118 3801 1189 3865 inde
1218 3802 1281 3865 inm

219 3975 254 4028 eo
274 3975 342 4044 epu.
362 3977 388 4042 4,
410 3975 443 4028 re

164 4099 319 4168 Clutique,
337 4098 356 4150 h
377 4114 456 4166 cras,
473 4116 492 4168 9
564 4104 606 4152 cst
624 4105 780 4153 mortuuso
828 4099 861 4152 18
882 4099 919 4152 sit
937 4101 1060 4152 mortuus
1076 4115 1096 4166 p
1145 4099 1177 4152 19
1198 4099 1280 4152 etiarn

128 4189 151 4240 sl
170 4192 250 4254 ostp
341 4189 376 4240 25
395 4204 445 4241 nec
464 4188 536 4265 ultra
555 4205 605 4242 nee
624 4187 729 4244 intrav
801 4187 955 4242 inuenelem
976 4188 1053 4256 he¹p
1071 4187 1185 4253 Domb.,·
1203 4187 1281 4240 iuue-

127 4276 210 4330 nilem
231 4273 339 4343 ce²pv
454 4280 532 4330 mort.
552 4293 624 4346 corp.
639 4294 661 4345 p
757 4279 792 4332 26
812 4277 917 4330 ‘malim
936 4277 1036 4330 aetatis
1056 4275 1160 4330 robore*
1180 4275 1279 4331 Domh.

128 4366 162 4419 28
180 4364 302 4418 hominis
321 4383 335 4418 e
