3192 4959
40 4376 42 4463 i

41 4466 42 4539 i

324 503 374 558 De
403 503 577 558 eiuItate
606 502 667 557 dei
695 501 760 558 lib.
788 502 902 558 XVIIII.
932 519 1009 573 cap.
1038 504 1062 557 2.
1092 505 1116 558 3.
1227 508 1289 570 371

146 719 244 765 unum
268 719 343 764 uero
367 717 487 777 eorum,
512 716 639 781 quoquo
663 698 758 763 modo
782 717 817 762 se
840 699 956 762 habeat
975 697 1015 762 ad
1033 698 1178 776 alterum,
1203 700 1294 783 bigas

145 826 208 871 nou
240 806 388 882 dicimus,
421 804 477 870 sed
509 805 601 870 ambo
636 805 756 887 simul).
793 804 918 870 Horum
955 808 1060 869 autem
1098 806 1195 870 trium
1234 807 1295 872 hou

146 914 245 998 elegit
274 913 405 977 tertium
436 912 660 994 homiuemque
691 931 750 976 uec
786 911 924 976 animam
957 913 1057 976 selam
1095 931 1152 976 nee
1189 915 1295 976 solum

147 1038 274 1102 corpus,
303 1018 359 1082 sed
382 1018 519 1082 autmam
543 1018 641 1083 simul
664 1021 697 1084 et
720 1036 834 1101 eorpus
859 1037 929 1083 esse
958 1018 1137 1083 arbitratur.
1162 1018 1297 1083 Proiude

115 1145 310 1191 ssummum
342 1125 461 1190 benum
492 1125 642 1199 humidis,
674 1143 737 1205 que
769 1124 806 1188 fit
838 1125 961 1202 beatus,
992 1143 1028 1188 ex
1055 1125 1223 1207 utriusque
1251 1125 1296 1190 uei

146 1233 239 1297 bonis
273 1235 417 1296 constare
452 1231 539 1308 dicit,
568 1235 600 1295 et
631 1231 755 1294 animae
782 1231 907 1295 scilicet
936 1235 968 1295 et
995 1232 1298 1313 eorp01·Is.Aeper

146 1341 208 1404 hoe
240 1338 343 1421 prima
373 1337 429 1401 illa
460 1340 591 1402 naturae
624 1342 752 1420 propter
779 1357 813 1401 se
841 1337 910 1420 ipsa
939 1337 1098 1403 existimat
1126 1338 1299 1421 expetenda

145 1448 315 1528 ipsamque
337 1446 502 1521 uittutem‚
522 1463 616 1526 quam
636 1444 778 1508 deotlind
796 1444 908 1507 inserIt
926 1445 1018 1508 uelut
1036 1449 1135 1510 artem
1155 1444 1298 1523 uiuendi,

147 1572 230 1635 quae
258 1552 289 1615 in
319 1551 440 1615 animae
463 1550 555 1615 bonIs
580 1553 629 1614 est
651 1549 951 1614 excellentissimum
976 1551 1105 1616 bonum.
1138 1549 1300 1634 Quaprop-

102 1685 129 1727 ιο
147 1663 197 1723 ter
231 1659 341 1724 eudem
374 1658 488 1732 uirtus,
521 1657 554 1720 id
582 1662 632 1722 est
663 1677 714 1721 ars
742 1657 881 1740 agendae
911 1657 1006 1732 uitae,
1041 1676 1114 1723 cum
1144 1659 1303 1740 aceeputt

147 1766 253 1849 prima
280 1767 420 1840 naturae,
455 1781 535 1844 quiae
562 1762 631 1826 siue
658 1763 715 1826 illa
742 1765 841 1840 erant,
870 1761 926 1825 sed
954 1765 1060 1827 tumen
1093 1767 1180 1828 erant
1204 1765 1300 1830 etiam

148 1870 276 1954 quaudo
310 1870 356 1934 eis
389 1869 532 1934 doctrina
564 1869 667 1932 adhuc
706 1867 822 1947 deerat,
856 1869 961 1932 omnia
997 1873 1126 1951 propter
1161 1889 1195 1936 ee
1232 1873 1303 1953 ipsa

149 1977 274 2059 adpetit
305 1976 466 2057 simulque
498 1975 593 2039 etiam
627 1994 660 2038 se
692 1975 805 2057 ipsam,
839 1975 1049 2058 omnibusque
1082 1978 1177 2042 simul
1207 1983 1239 2042 et
1268 1996 1304 2042 se

148 2087 222 2168 ipsa
249 2085 362 2160 utitur,
391 2103 427 2149 eu
451 2082 523 2160 fine,
551 2089 589 2146 ut
612 2082 758 2148 omnibus
787 2082 965 2147 delectetur
987 2082 1089 2164 adque
1112 2083 1303 2166 perfruatur,

104 2191 256 2276 imagis
283 2191 463 2272 minusque,
496 2194 534 2254 ut
562 2205 706 2272 quaeque
728 2189 812 2252 inter
839 2205 872 2252 ee
902 2190 1021 2254 maiora
1049 2189 1150 2272 adque
1182 2190 1305 2256 minora

150 2302 239 2374 sunt,
259 2301 367 2360 tamen
386 2296 533 2362 omnibus
554 2295 693 2381 gaudens
713 2299 745 2360 et
764 2296 918 2379 quaedam
938 2297 1068 2372 minora,
1088 2297 1116 2360 si
1130 2299 1304 2362 necessitas

149 2404 308 2488 postulat,
337 2408 467 2488 propter
488 2403 607 2468 maiora
631 2404 684 2468 uel
708 2403 912 2486 adipiscenda
935 2404 986 2468 uel
1009 2403 1144 2467 tenenda
1166 2406 1304 2468 contem·

149 2531 241 2577 neus.
274 2509 425 2576 Omnium
454 2512 561 2574 autem
588 2511 742 2575 bonorum
770 2510 823 2574 uel
851 2509 948 2573 animi
976 2510 1027 2574 uel
1057 2511 1195 2592 eorporis
1226 2510 1305 2575 nihil

149 2619 217 2683 sibi
249 2618 355 2681 uirtus
388 2617 514 2681 omuino
541 2617 715 2698 praeponit.
748 2615 835 2682 Haec
864 2617 947 2680 enim
975 2617 1054 2680 bene
1082 2617 1184 2681 utItur
1212 2621 1242 2681 et
1271 2635 1307 2682 se

104 2751 132 2791 20
149 2727 226 2808 ipsa
258 2728 293 2788 et
323 2724 446 2801 ceteris,
480 2743 560 2805 quae
592 2723 751 2788 homiuem
785 2723 908 2787 faciunt
938 2723 1077 2798 beatum,
1111 2724 1213 2789 bouis.
1243 2723 1306 2790 Ubi

150 2850 232 2896 uero
257 2831 330 2913 ipsa
352 2850 412 2896 uou
438 2835 497 2908 est,
522 2831 698 2912 quamlibet
720 2830 824 2894 multu
848 2830 911 2894 siut
933 2830 1025 2906 bona,
1050 2849 1111 2895 nou
1135 2831 1216 2895 bono
1237 2831 1307 2895 eius

152 2941 243 3014 sunt,
270 2938 361 3001 cuius
386 2939 470 3012 sunt,
495 2956 531 3000 ac
555 2955 609 3018 per
632 2938 692 3002 hec
715 2936 779 2999 iem
805 2955 861 3000 uec
882 2936 950 3001 eius
970 2937 1051 3000 bona
1071 2937 1203 3002 dicenda
1222 2941 1308 3014 sunt,

151 3045 208 3110 eui
245 3045 331 3108 male
368 3043 472 3108 utenti
508 3043 602 3107 utilia
638 3061 708 3107 esse
741 3061 802 3107 uon
834 3046 980 3124 possunt.
1013 3043 1100 3108 Haec
1133 3063 1207 3128 ergo
1240 3045 1309 3108 uita

151 3150 310 3220 hominis.
339 3169 419 3233 quiae
448 3151 567 3214 uirtute
596 3151 628 3213 et
656 3148 727 3213 aliis
756 3149 853 3213 autmi
882 3151 914 3213 et
941 3149 1080 3231 eorporis
1108 3151 1210 3226 bonis,
1240 3151 1309 3215 sine

105 3283 132 3324 25
152 3259 278 3342 quibus
306 3257 409 3321 uirtus
439 3275 508 3320 esse
532 3274 592 3320 nun
616 3258 733 3338 petest,
761 3255 887 3332 fruitur,
915 3256 1008 3320 beata
1032 3276 1102 3321 esse
1127 3257 1256 3327 diditur:
1282 3257 1309 3321 si

150 3385 235 3430 uero
269 3367 303 3428 et
335 3363 417 3443 aliis,
450 3364 517 3427 siue
550 3363 666 3445 quibus
695 3381 766 3426 esse
794 3361 898 3426 uirtus
925 3365 1042 3444 petest,
1072 3365 1123 3427 uel
1151 3365 1227 3428 ullis
1260 3365 1310 3428 uel

151 3472 318 3557 pluribus,
356 3469 491 3543 beatium
530 3469 557 3533 si
595 3472 701 3534 autem
737 3488 867 3552 prorsus
910 3467 1066 3546 omuibus,
1109 3473 1146 3534 ut
1186 3471 1309 3534 nullum

153 3578 289 3645 omniuo
318 3577 435 3640 bouum
459 3576 542 3641 desIt
564 3577 618 3639 uel
642 3576 737 3641 animi
763 3575 817 3639 uel
842 3577 992 3658 eorpou's,
1020 3575 1214 3641 beatissirna.
1240 3575 1311 3640 Non

192 3807 212 3860 2
234 3801 315 3858 umbo
330 3801 408 3874 bq¹p
427 3801 535 3864 Domb.,
554 3800 647 3854 ambos
663 3799 793 3870 ‹uefflpv
830 3803 846 3854 3
867 3801 950 3870 elegit
966 3801 1034 3854 abe
1051 3800 1165 3868 Domb.‚·
1183 3801 1268 3870 eliget
1280 3820 1312 3872 9,-

156 3931 244 4001 eligit
258 3943 307 3997 pv
400 3927 537 3980 homiuem
558 3943 618 3995 que,
637 3926 669 3978 in
687 3943 772 3996 inary.
787 3901 889 3995 ¹neque.
908 3943 922 3980 e
1013 3927 1027 3979 7
1047 3923 1126 3996 ipsas,
1146 3943 1172 3978 1u
1191 3941 1277 3988 eruto,
1298 3943 1312 3979 e

158 4023 193 4075 1⁶2
213 4035 256 4086 eq.
277 4019 390 4088 propter
408 4031 437 4068 ee
456 4015 635 4084 omnibusque
654 4015 735 4067 simul
754 4018 782 4067 et
801 4032 829 4068 se
849 4014 908 4083 ipsa
927 4015 1034 4084 appetit
1053 4015 1068 4066 b
1154 4015 1214 4082 ipsu
1234 4032 1250 4066 ιι
1262 4013 1311 4084 e²p

153 4106 278 4171 Domi).,·
297 4104 384 4173 ipeem
403 4103 532 4172 e¹9pav
587 4105 621 4157 13
639 4103 773 4171 simulque
793 4103 875 4156 etiam
895 4119 922 4156 se
942 4103 1000 4172 ipsa
1019 4103 1106 4156 utitur
1124 4101 1230 4156 oueiseis
1250 4103 1312 4156 reli-

155 4196 260 4270 quitb
359 4194 451 4263 ipsae
559 4195 586 4247 et
604 4195 645 4262 se]
666 4196 694 4247 et
713 4209 775 4262 sepe
790 4210 814 4260 p
919 4193 951 4246 19
971 4196 999 4246 et
1017 4209 1066 4245 oue.
1084 4209 1102 4262 9
1205 4193 1240 4245 22
1259 4192 1312 4245 Iam

154 4305 211 4344 nee
233 4283 279 4338 ab
292 4299 398 4352 epam
416 4284 469 4337 iam
490 4300 540 4336 om.
557 4280 625 4354 ρρλ
642 4282 740 4334 Domb.
833 4283 868 4336 24
887 4297 940 4350 qua
959 4297 972 4334 e
1059 4282 1092 4334 26
1112 4281 1198 4334 uirtus
1218 4297 1276 4334 esse
1292 4298 1315 4348 p

156 4386 250 4476 utilis,
269 4411 304 4464 in
322 4387 497 4478 ›narqsullie
516 4424 530 4460 e
584 4408 618 4462 27
638 4407 797 4478 plurimisp

1228 4509 1278 4561 24*
