3192 4959
308 458 374 522 304
646 454 672 509 S.
701 454 859 508 Aurelii
886 453 1105 523 Augustini

307 650 477 725 inuenitur.
514 651 574 715 His
598 650 782 735 adiungitur
804 651 899 714 Ionas
923 648 1033 715 eodem
1058 647 1136 713 Oaia
1158 668 1232 733 rege
1256 652 1399 733 regnante
1418 654 1444 715 et

308 758 385 837 Ioel,
413 777 486 823 cum
520 758 584 821 iam
616 758 762 841 regnaret
788 756 945 834 loetham
976 756 1031 838 qui
1063 756 1219 821 suecessit
1253 754 1357 823 Ozias.
1393 754 1445 821 Sed

308 865 445 929 istorum
478 864 702 947 prophetemm
734 862 870 928 duorum
899 865 1042 945 tempore
1074 861 1107 925 in
1140 862 1308 941 chronicis,
1337 882 1391 927 non
1419 862 1445 927 iu

310 989 419 1036 eorum
437 970 529 1035 libris
546 970 712 1052 potuImus
730 971 882 1051 inuenire,
901 970 1050 1052 quoniam
1069 968 1108 1033 de
1127 969 1196 1035 suis
1216 968 1328 1034 diebus
1347 972 1445 1033 meent

310 1077 494 1142 Tenduntur
516 1080 625 1141 autem
647 1076 681 1139 hi
704 1076 773 1140 dics
796 1096 815 1140 a
837 1094 913 1160 rege
936 1076 1121 1141 Latinorum
1144 1076 1245 1139 Proca
1273 1076 1341 1140 siue
1368 1092 1447 1158 supe·
1471 1095 1481 1135 s

309 1184 392 1249 riore
414 1183 573 1249 Auentino
598 1201 701 1265 usque
724 1183 764 1247 ad
786 1202 894 1266 regem
918 1182 1091 1247 Romulum
1114 1182 1179 1246 iam
1198 1182 1388 1255 Romanum,
1405 1181 1448 1245 uel

311 1290 410 1356 etiam
433 1308 535 1371 usque
559 1288 598 1353 ad
620 1288 709 1372 regni
732 1287 904 1371 primordia
924 1286 1120 1351 successoris
1140 1288 1209 1352 eius
1228 1286 1352 1352 Numae
1369 1287 1449 1351 Pom·

311 1397 382 1481 pilii
408 1394 574 1481 (Ilaecbias
604 1395 720 1479 quippe
748 1414 800 1459 rex
828 1394 909 1459 Iuda
942 1412 978 1458 eo
1007 1412 1109 1476 usque
1137 1392 1311 1479 reguauIt);
1345 1413 1379 1459 ae
1404 1412 1450 1477 per

312 1504 372 1569 boc
399 1522 455 1586 per
483 1522 520 1567 ea
546 1506 691 1584 tempora
717 1501 772 1566 isti
801 1502 892 1565 uelut
919 1500 1023 1566 fontes
1047 1501 1234 1583 propheciae
1257 1502 1374 1584 pariter
1392 1518 1450 1563 eru·

312 1612 436 1694 perant,
458 1608 581 1692 quando
605 1627 739 1692 regnum
758 1608 876 1672 defecit
894 1608 1060 1691 Assyrium
1085 1608 1254 1690 coepitque
1273 1608 1449 1681 Romanam
1465 1626 1484 1667 o

314 1719 352 1780 ut
375 1716 509 1792 seilicet,
530 1733 623 1795 quem
648 1714 686 1778 ad
709 1714 841 1779 modum
865 1715 954 1797 regni
971 1713 1177 1798 Assyriorum
1200 1714 1303 1798 primo
1325 1718 1451 1795 tempore

315 1822 438 1887 exstitit
459 1820 629 1897 Abraham,
654 1821 706 1885 cui
729 1820 957 1904 promissiones
976 1820 1197 1903 apertissimae
1216 1820 1329 1885 li'arent
1345 1822 1374 1884 in
1392 1820 1451 1883 eius

316 1929 436 1994 semiue
464 1926 694 1993 benedictionis
722 1928 864 1991 omnium
889 1929 1043 2011 gentium,
1066 1928 1113 1993 ita
1136 1926 1341 1993 occidentalis
1362 1926 1453 2007 Baby·

316 2036 399 2101 louis
423 2034 559 2112 exordio,
584 2052 647 2116 qua
669 2034 773 2099 fueret
796 2033 945 2099 Christus
968 2036 1141 2117 imperante
1165 2036 1331 2111 uenturus,
1349 2033 1379 2097 iu
1398 2048 1451 2113 quo

316 2142 510 2225 implerentur
540 2141 598 2205 illa
634 2140 801 2224 premissa,
840 2142 966 2205 oracula
1002 2142 1228 2224 prophetarum
1264 2160 1325 2205 non
1360 2140 1486 2205 solome

316 2248 527 2331 loquentium,
555 2266 668 2311 nerum
702 2248 798 2312 etiam
832 2246 1039 2313 scribentium
1066 2248 1099 2312 in
1126 2250 1232 2313 motae
1265 2248 1310 2311 rei
1341 2247 1453 2311 futuras

317 2354 538 2420 testimonium
562 2354 772 2418 soluerentur.
803 2352 883 2418 Cum
907 2352 990 2417 enirn
1014 2354 1185 2437 prophetae
1209 2372 1379 2436 numquam
1400 2352 1454 2415 lere

319 2461 497 2526 defuissent
523 2460 641 2544 populo
668 2459 777 2539 lsrael,
803 2478 838 2523 er
868 2478 930 2542 quo
953 2459 999 2525 ibi
1021 2478 1113 2544 reges
1137 2480 1208 2525 esse
1233 2464 1407 2543 eoepemnt
1427 2458 1453 2521 in

319 2586 415 2632 usum
438 2565 659 2630 tantummodo
684 2585 792 2631 eorum
817 2566 915 2643 luere,
939 2584 1002 2629 non
1025 2566 1182 2650 gentium3
1212 2566 1336 2647 quando
1359 2570 1454 2629 autem

320 2673 477 2759 scriptura
508 2671 709 2736 manifestius
743 2671 930 2755 prophetica
967 2673 1170 2750 condebatur,
1204 2692 1284 2755 quae
1321 2670 1454 2757 gentibus
1468 2689 1489 2730 so

321 2780 509 2863 quandoque
532 2778 707 2863 prodesset,
732 2782 808 2843 tunc
833 2780 999 2862 oportebat
1021 2779 1184 2863 inciperet,
1208 2779 1332 2861 quando
1355 2775 1454 2843 conde·

321 2888 416 2952 batur
438 2886 516 2950 baec
540 2886 666 2964 ciuitas,
691 2905 770 2968 quae
794 2887 945 2970 gentibus
969 2886 1147 2970 imperaret.

741 3078 878 3145 CAPUT
902 3078 1050 3143 XXVIII.

368 3202 423 3267 De
446 3202 519 3280 bis,
544 3221 645 3286 quse
669 3202 715 3266 ad
739 3202 1000 3287 euangelium
1025 3202 1182 3267 Christi
1204 3202 1417 3285 pertinent,

491 3306 717 3391 quid‘Osee
746 3312 786 3373 et
807 3310 926 3376 Amos
954 3310 1308 3393 propheteuerint.
1471 3342 1493 3387 ‚s

370 3431 452 3499 Osee
484 3433 582 3519 igitur
612 3435 776 3517 propheta,
802 3437 919 3517 quanto
947 3433 1133 3516 profundius
1162 3433 1291 3515 quidem
1317 3432 1457 3515 loquitur,

325 3544 412 3604 tanto
442 3541 606 3623 operosius
634 3545 827 3624 penetratur.
865 3539 928 3606 Sed
955 3540 1076 3623 aliquid
1102 3539 1175 3605 inde
1203 3539 1387 3604 sumendum
1415 3538 1459 3599 est

363 3729 483 3782 bietine
503 3746 522 3782 a
602 3730 688 3783 Proca
705 3730 764 3783 siue
783 3747 871 3799 super.
891 3728 1026 3783 Auentino
1046 3746 1097 3783 om.
1118 3748 1136 3782 o
1205 3732 1221 3785 6
1240 3744 1404 3783 romanomm
1422 3726 1458 3779 bo

327 3819 496 3887 8eosquee
537 3820 570 3871 15
585 3825 651 3887 port
667 3819 800 3888 promissa
819 3834 879 3872 mem
897 3818 1051 3872 Dombarto
1069 3818 1211 3887 uirpulom
1225 3820 1310 3887 posui
1361 3814 1460 3869 oracula

329 3906 462 3976 abepp;
486 3922 533 3959 ore
557 3908 608 3978 ραι
632 3906 731 3960 Domb.
755 3908 814 3975 (ora
837 3907 1028 3975 prophetarum
1052 3906 1228 3959 scribentium
1254 3907 1391 3960 soluuntur
1414 3903 1460 3955 uix

323 3994 398 4062 ferri
420 4001 519 4063 potest.
543 3996 652 4049 etiamsi
674 4012 734 4049 eum
756 3996 911 4049 Domborto
930 4011 1024 4064 propr.
1043 4012 1073 4063 p.
1096 3999 1113 4049 9
1135 3996 1320 4064 interpretans
1341 3988 1458 4061 loquendi

329 4086 451 4153 potestas
476 4083 639 4137 conceditur.
664 4084 781 4137 eramala
802 4084 999 4153 prophetorum
1023 4100 1083 4139 erem
1107 4084 1298 4154 promissiones
1325 4083 1384 4144 sint,
1411 4077 1459 4133 aol-

330 4175 431 4225 uuntur
448 4176 481 4225 ut
498 4172 632 4240 promisse
650 4172 803 4238 uoluuntur)
882 4174 916 4225 20
936 4172 1070 4243 scriptura
1089 4174 1209 4242 obepp
1220 4190 1233 4242 p
1245 4192 1276 4239 o;
1294 4188 1327 4226 ee
1343 4170 1429 4239 script.
1446 4183 1460 4218 o

330 4261 363 4315 21
383 4260 501 4328 incipere
520 4260 615 4328 depo
686 4262 719 4314 26
739 4260 882 4329 quandoq
953 4263 987 4316 27
1008 4262 1188 4331 operiosiuse
1286 4261 1416 4332 irrotatur,
1431 4255 1460 4308 io

329 4365 417 4419 morp.
436 4352 602 4417 penetratur,
621 4364 636 4402 e
706 4354 749 4403 est
765 4366 818 4403 om.
837 4366 851 4403 e
