3192 4959
290 446 340 501 De
369 448 543 502 ciuitate
571 448 632 502 dei
655 449 720 503 lib.
743 448 842 503 XVIII.
871 466 946 521 cap.
974 452 1089 505 39-41.
1199 456 1260 518 331

118 644 196 725 quod
230 663 247 707 a
280 644 459 707 litterarum
491 643 587 707 etiam
621 642 798 707 diuinarum
837 644 971 709 ueritate
1008 666 1068 711 non
1109 646 1260 714 dissonat.

117 750 192 815 Cum
223 750 306 814 enim
337 751 375 814 ab
403 752 472 833 ipso
500 749 602 832 primo
626 750 763 824 homine,
793 750 848 832 qui
872 756 922 815 ost
945 753 1124 836 appellatus
1147 755 1261 829 Adam,

116 856 251 921 nondum
285 875 339 920 ser
366 874 516 921 annorum
545 856 634 919 milia
661 857 874 939 conpleantur,
904 876 965 939 quo
995 859 1088 923 modo
1118 879 1178 924 non
1206 860 1262 926 isti

116 962 234 1027 ridendi
257 964 365 1045 potius
394 982 489 1044 quam
511 962 675 1027 refellendi
699 966 783 1039 sunt,
815 964 870 1044 qui
894 963 932 1027 de
956 964 1059 1047 spatio
1083 970 1262 1047 temporum

90 1072 174 1131 etam
205 1068 333 1131 diuersa
356 1070 389 1132 et
410 1068 486 1131 huie
509 1069 686 1150 exploratae
713 1068 843 1132 ueritati
867 1072 932 1133 tam
956 1071 1113 1134 contraria
1135 1090 1262 1153 persna-

117 1175 185 1239 dere
209 1178 386 1239 conantur?
410 1173 470 1240 Cui
493 1176 578 1239 enim
601 1175 716 1239 molius
740 1176 877 1239 narranti
900 1178 1070 1259 praeterita
1093 1178 1261 1255 oredimus,

117 1300 206 1363 quam
241 1281 295 1362 qui
327 1280 424 1345 etiam
456 1281 565 1345 futura
590 1280 755 1362 praedixit,
786 1301 864 1363 quae
888 1283 1066 1365 praesentia
1088 1283 1262 1349 iamuide-

116 1390 205 1451 mus?
238 1386 320 1451 Nam
349 1391 382 1451 et
408 1388 480 1470 ipsa
506 1387 731 1452 historicorum
754 1388 837 1451 inter
860 1408 894 1453 sa
919 1388 1115 1455 dissonantia
1138 1391 1261 1474 copiam

116 1495 204 1559 nobis
236 1494 376 1577 praebet,
409 1498 447 1558 ut
478 1494 507 1558 oi
535 1494 643 1575 potius
672 1494 796 1559 credere
826 1494 1007 1571 debeamus,
1038 1497 1091 1579 qui
1125 1496 1262 1574 diuinae,

79 1620 208 1682 requam
238 1605 396 1674 tenemus,
429 1619 490 1665 non
524 1603 680 1685 repugnat
710 1601 872 1667 historiae.
906 1601 1001 1666 Porro
1035 1606 1141 1667 autem
1174 1604 1262 1668 oiues

115 1707 216 1789 inpiae
252 1707 394 1771 ciuitatis
431 1706 539 1772 diffusi
574 1726 803 1789 usquequaque
834 1726 889 1789 par·
922 1710 1021 1771 terras
1049 1727 1121 1773 enm
1150 1711 1265 1793 legunt

116 1814 317 1879 doctissimos
349 1813 503 1888 homines,
537 1832 671 1895 quorum
704 1814 825 1877 nullius
858 1814 1085 1879 contemnenda
1116 1816 1263 1880 uideatur

116 1922 296 1997 arretoritas
323 1920 406 1985 inter
433 1940 468 1983 se
496 1919 534 1985 de
560 1920 656 1985 rebus
686 1920 785 2004 gestis
806 1920 844 1983 ab
865 1921 977 1984 aetatis
997 1927 1123 1987 nostrae
1143 1942 1262 1988 memo-

115 2027 159 2092 ria
180 2027 404 2092 remotissimis
428 2028 653 2111 discrepantes,
678 2027 730 2091 eui
754 2028 862 2109 potius
887 2028 1012 2093 eredere
1032 2029 1176 2101 debeant,
1199 2049 1261 2094 non

78 2156 99 2195 a
114 2134 285 2199 inueniunt.
314 2134 382 2199 Nos
405 2152 480 2199 uero
503 2134 535 2197 in
559 2138 686 2199 nostrae
709 2135 871 2219 religionis
900 2136 1034 2199 historia
1057 2136 1130 2200 sulti
1154 2140 1262 2201 auoto-

114 2243 205 2307 ritato
233 2242 351 2316 diuina,
380 2240 534 2324 quidquid
557 2241 586 2305 oi
608 2242 740 2315 resistit,
770 2260 831 2305 non
856 2242 1040 2307 dubitamus
1064 2260 1134 2306 esse
1158 2242 1262 2307 falsis-

115 2350 240 2423 simum,
277 2348 516 2431 quomodolibet
553 2366 623 2413 sese
663 2348 801 2413 habeant
837 2352 941 2413 cetera
976 2350 1008 2412 irr
1046 2350 1261 2414 saecularibus

115 2455 238 2533 litteris,
263 2475 344 2537 quae
369 2474 426 2519 sen
449 2474 524 2520 uera
548 2474 603 2520 seu
620 2454 708 2519 ialsa
732 2455 805 2532 sint,
830 2456 908 2520 nihil
931 2455 1082 2521 momenti
1106 2454 1262 2531 adferunt,

117 2582 178 2643 quo
200 2566 286 2627 reete
309 2562 464 2645 beataque
487 2562 647 2625 uiuamus.

79 2798 100 2835 zo
536 2754 672 2820 CAPUT
699 2754 843 2819 XXXXl.

117 2897 172 2961 Ile
196 2896 578 2979 philosophicarum
604 2895 838 2975 opinionum
865 2894 1200 2959 dissensionibus
1226 2898 1264 2959 et

119 3003 404 3067 canonicarum
444 3005 541 3084 aput
578 3001 796 3065 aeolesianr
835 3002 1053 3065 eoncordia
1090 3002 1264 3085 seriptu-

619 3128 758 3173 rarum.

163 3250 207 3315 Ut
229 3254 334 3315 autem
357 3250 421 3313 iam
446 3248 656 3333 cognitionem
683 3250 869 3314 omittamus
893 3250 1054 3327 historiae,
1078 3250 1140 3333 ipsi
1163 3250 1265 3331 philo·

78 3383 103 3423 a
120 3358 220 3439 sophi,
252 3377 271 3421 a
299 3357 415 3439 quibus
448 3356 489 3420 ad
514 3355 579 3420 ista
606 3356 766 3440 progressi
794 3375 917 3435 sumus,
947 3357 1000 3439 qui
1029 3375 1089 3421 non
1118 3355 1267 3420 uidentur·

118 3463 276 3528 laborasse
299 3464 332 3527 in
356 3462 472 3527 studiis
497 3464 575 3538 suis,
599 3462 660 3527 nisi
686 3466 723 3527 ut
744 3463 924 3527 inuenirent
952 3483 1014 3545 quo
1039 3462 1132 3527 modo
1157 3463 1266 3527 uiuen-

120 3570 195 3632 dum
222 3574 307 3635 esset
334 3568 573 3634 adcommodata
602 3568 640 3633 ad
669 3569 899 3633 beatitudinem
925 3570 1159 3651 capessendam,
1185 3589 1267 3651 quur·

121 3676 336 3741 dissenserunt
358 3680 391 3741 et
413 3694 432 3739 a
455 3676 617 3760 magistris
642 3676 804 3759 discipuli,
830 3679 862 3740 et
884 3677 966 3740 inter
989 3696 1022 3740 se
1047 3676 1267 3758 condiscipuli,

121 3782 183 3847 nisi
218 3784 291 3866 qnia
326 3786 364 3848 ut
399 3783 544 3848 homines
582 3784 729 3846 humanis
762 3783 909 3847 sensibus
939 3788 971 3847 et
999 3783 1145 3847 humanis
1174 3782 1267 3845 ratio-

80 3918 105 3956 ao
122 3889 329 3975 citationibus
356 3891 421 3954 ista
448 3890 672 3972 quaesierunt?
701 3888 764 3954 Ubi
794 3890 941 3971 quamuis
971 3908 1040 3953 esse
1069 3888 1209 3972 potuerit
1237 3892 1269 3951 et

123 3996 261 4062 studium
299 3996 465 4081 gloriandi,
504 4016 565 4079 quo
599 3996 734 4078 quisque
772 3996 833 4059 alio
871 3996 1042 4079 sapientior·
1079 4001 1110 4059 et
1147 3995 1270 4059 acutior

160 4170 329 4226 ‘Zabillob
383 4171 680 4225 3miliaaunorumo
751 4170 798 4223 isti
818 4186 904 4239 emp
961 4173 993 4223 15
1013 4170 1103 4223 Huse
1159 4168 1268 4222 181110-

123 4260 230 4313 nentis
297 4262 328 4315 21
350 4265 380 4315 et
397 4262 486 4328 oms
549 4261 582 4313 27
603 4258 1017 4329 eapissendammcapeseend.
1038 4275 1077 4326 ep
1146 4260 1178 4311 31
1201 4257 1272 4311 aliol

124 4346 180 4415 sap.
198 4351 225 4402 et
242 4351 345 4403 auctior
364 4366 377 4403 e
