3192 4959
332 475 385 528 De
415 473 590 528 cintiate
618 474 679 527 dei
707 474 772 530 lib.
803 474 916 528 XVIIII.
945 490 1020 544 cup.
1050 475 1093 528 21.
1221 477 1286 540 409

133 688 226 750 porro
258 687 295 732 ea
321 668 426 732 uirtus
454 670 513 746 est,
543 685 623 749 quae
653 687 710 731 sua
738 668 851 748 cuique
875 666 1048 734 distribuit.
1077 665 1165 746 Quae
1188 668 1288 752 igitur

134 776 262 841 iustitia
285 779 335 840 est
357 774 506 851 hominis,
537 793 617 856 quae
639 774 747 857 ipsum
769 774 930 838 hominem
954 775 1022 839 Deo
1045 795 1120 840 uero
1144 775 1232 840 tollit
1255 778 1288 840 et

133 882 298 946 inmundis
331 881 537 946 daemonibus
569 881 700 946 subdit?
731 881 854 946 Hocine
882 884 932 945 est
959 901 1018 946 sua
1046 882 1159 964 cuique
1184 881 1287 946 distri·

131 989 257 1053 bnere?
280 990 328 1053 An
353 989 408 1071 qui
431 988 564 1053 fundum
589 988 694 1052 aufert
715 989 795 1065 eius,
821 1007 919 1071 aquo
939 993 1042 1054 emtus
1062 993 1121 1068 est,
1141 992 1173 1052 et
1190 989 1288 1053 tradit

105 1097 173 1172 sei,
199 1095 258 1177 qui
281 1095 360 1160 nihil
383 1095 480 1160 habet
502 1093 533 1158 in
559 1115 594 1159 eo
619 1096 708 1172 iuris,
733 1096 873 1160 iniustus
898 1098 964 1170 est;
989 1099 1022 1159 et
1045 1095 1100 1178 qui
1123 1115 1157 1160 se
1180 1096 1285 1178 ipsum

131 1203 240 1266 aufert
272 1201 445 1265 dominanti
478 1203 556 1278 Deo,
590 1221 608 1265 a
640 1221 702 1284 qno
731 1201 835 1266 factus
864 1205 923 1278 est,
952 1205 985 1265 et
1013 1203 1162 1285 malignis
1188 1203 1289 1266 seruit

131 1306 315 1390 spiritibus,
338 1307 445 1372 iustus
470 1312 542 1374 est?

175 1415 372 1496 Disputatur
395 1418 479 1479 certe
503 1416 653 1480 aoeuime
676 1415 779 1497 adque
809 1413 983 1480 fortissime
1007 1417 1038 1480 in
1063 1416 1184 1481 eisdem
1207 1415 1287 1496 ipsis

130 1521 170 1585 de
209 1540 244 1584 re
281 1521 411 1604 publica
446 1521 537 1586 libris
574 1522 727 1586 aduersus
764 1522 958 1586 iniustitiam
990 1542 1045 1606 pro
1078 1522 1213 1587 iustitia.
1247 1523 1288 1585 Et

89 1648 113 1685 ιο
131 1628 295 1709 quoniam,
323 1647 395 1692 cnm
423 1628 513 1710 prius
541 1633 688 1712 ageretur
718 1648 774 1711 pro
803 1630 979 1694 iniustitiae
1007 1630 1150 1712 partibus
1179 1633 1288 1693 contra

129 1735 295 1798 iustitiam
318 1738 351 1798 et
374 1735 532 1799 diceretur
554 1736 615 1799 nisi
638 1756 694 1818 per
716 1735 907 1800 iniustitiam
930 1755 996 1800 rem
1020 1735 1181 1818 publicam
1205 1739 1288 1799 stare

129 1841 310 1926 augerique
338 1861 398 1906 non
426 1861 532 1923 posse,
560 1841 621 1906 hoc
649 1844 751 1906 ueluti
780 1843 1016 1908 ualidissimum
1045 1843 1186 1925 posItum
1209 1845 1287 1914 erat,

127 1948 292 2013 iniustum
321 1967 402 2021 esse,
431 1951 468 2011 ut
491 1949 635 2014 homines
659 1949 841 2014 bominibus
871 1949 1106 2014 dominantibus
1130 1949 1286 2022 seruiant;

128 2073 228 2135 quam
255 2057 361 2116 tamen
387 2054 578 2118 iniustitiam
601 2055 665 2119 nisi
687 2059 841 2137 sequatur
859 2055 1030 2138 imperiosa
1049 2055 1175 2131 ciuitas,
1197 2055 1287 2118 ouius

86 2183 111 2224 rs
130 2165 184 2223 est
212 2178 333 2242 magna
364 2179 416 2224 res
443 2161 583 2243 publica,
611 2181 672 2225 non
701 2181 770 2226 eam
794 2181 889 2245 posse
917 2163 1091 2244 prouinciis
1114 2163 1287 2242 imperare:

126 2286 325 2349 responsum
349 2276 398 2330 est
421 2271 547 2350 aparte
564 2268 708 2332 iustitiae
726 2269 797 2332 ideo
817 2269 938 2333 iustum
960 2287 1040 2344 esse,
1066 2267 1150 2350 quod
1168 2269 1288 2332 talibus

128 2373 320 2436 hominibus
344 2373 388 2438 sit
409 2373 500 2437 utillo
523 2374 675 2449 seruitus,
700 2379 732 2438 et
749 2394 805 2456 pro
825 2375 965 2438 utilitate
984 2393 1093 2438 eorum
1112 2374 1190 2451 fieri,
1215 2393 1289 2438 crim

126 2485 218 2544 recte
247 2480 294 2555 fit,
322 2479 356 2543 id
380 2483 430 2544 est
453 2499 526 2544 cnm
548 2481 689 2561 inprobis
713 2482 856 2545 aufertur
882 2481 1069 2544 iniuriarum
1092 2481 1231 2556 licentia,
1257 2483 1290 2548 et

127 2586 249 2650 domiti
268 2586 382 2650 melius
402 2606 436 2650 se
454 2587 626 2665 habebunt,
646 2587 720 2668 quia
734 2587 880 2652 Indomiti
894 2587 1033 2652 deterius
1049 2605 1083 2650 se
1096 2588 1288 2662 habuerunt;

81 2721 109 2760 so
127 2695 367 2775 subditumque
405 2696 464 2769 est,
497 2698 535 2757 ut
565 2693 629 2758 ista
660 2695 739 2758 ratio
772 2692 960 2771 firmaretur,
994 2693 1095 2758 ueluti
1128 2714 1145 2757 a
1176 2697 1289 2757 natura

128 2806 281 2865 sumtum
313 2799 419 2863 nobile
451 2799 629 2882 exemplum
662 2800 764 2882 adque
798 2799 920 2864 dictum
953 2805 1016 2864 est:
1055 2799 1154 2878 ‘Quur
1189 2799 1290 2882 igitur

127 2907 221 2970 Deus
247 2905 381 2980 bomini,
406 2905 531 2968 animus
554 2905 691 2987 imperat
713 2907 847 2986 corpori,
867 2905 947 2970 ratio
966 2905 1091 2970 libidini
1112 2905 1288 2987 ceterisque

126 3012 264 3075 uitiosis
298 3011 395 3074 animi
426 3012 606 3094 partibus?
635 3011 735 3075 Plane
763 3012 825 3076 boc
854 3011 995 3094 exemplo
1032 3012 1109 3076 satis
1139 3010 1288 3076 edoctum

126 3125 181 3182 est
217 3117 412 3199 quibusdam
446 3137 515 3182 esse
547 3117 661 3181 utilem
693 3119 893 3194 seruitutem,
927 3123 960 3182 et
992 3119 1058 3182 Deo
1092 3118 1219 3200 quidem
1253 3121 1290 3182 ut

79 3251 108 3291 2⁵
127 3226 298 3291 serutatur
317 3223 394 3287 utile
414 3244 484 3288 esse
504 3224 658 3288 omnibus.
679 3223 827 3288 Seruiens
848 3229 953 3288 autern
974 3224 1041 3288 Deo
1061 3224 1185 3288 animus
1204 3228 1288 3288 recte

125 3333 273 3412 imperat
300 3331 434 3412 corpori,
461 3331 557 3410 inque
580 3330 650 3412 ipso
675 3330 778 3394 animo
803 3331 883 3395 ratio
909 3331 975 3395 Deo
1000 3331 1136 3397 Domino
1162 3331 1290 3394 subdita

126 3443 220 3502 recte
249 3438 388 3520 imperat
413 3437 538 3501 libidini
561 3438 715 3519 uitiisqne
741 3438 863 3502 ceteris.
895 3435 1091 3520 Quapropter
1116 3438 1170 3501 ubi
1194 3439 1289 3502 homo

125 3546 201 3609 Deo
236 3564 298 3608 urin
334 3544 444 3621 seruit,
477 3544 553 3626 quid
584 3544 616 3607 in
650 3563 686 3608 eo
719 3545 896 3627 putandum
935 3548 984 3608 est
1017 3563 1086 3608 esse
1123 3545 1288 3608 iustitiae?

126 3651 262 3736 quando
297 3650 424 3731 quidem
457 3651 524 3715 Deo
556 3670 617 3714 non
651 3650 792 3714 seruiens
825 3650 912 3714 nullo
944 3649 1038 3713 modo
1067 3653 1175 3731 potest
1204 3651 1288 3714 iuste

78 3760 263 3825 enauimus
298 3756 421 3838 corpori
455 3760 510 3820 ant
542 3757 680 3819 humana
711 3757 792 3820 ratIo
822 3756 911 3820 uitiis
939 3755 1105 3838 imperare.
1134 3757 1174 3820 llt
1202 3756 1228 3819 si
1257 3757 1288 3819 in

165 3935 185 3986 a
205 3933 289 3985 bocin
309 3935 352 3983 est
370 3929 461 4000 e¹pp;
479 3931 565 3986 hocne
585 3934 627 3983 est
646 3929 711 3995 be²;
729 3931 841 3984 hoccine
862 3933 904 3983 est
924 3947 965 3984 ao
1020 3932 1036 3983 4
1057 3929 1113 3982 eius
1133 3930 1286 4000 cyprini,-

127 4026 154 4077 ei
177 4041 220 4076 ec
296 4021 355 4074 eius
372 4037 458 4087 uapore
477 4022 516 4074 ud
534 4021 623 4073 aufert
642 4021 805 4074 roomo
879 4019 1130 4072 bineohabeto
1203 4020 1287 4073 bad-

126 4129 231 4166 uersus
251 4110 386 4164 iustitiam
407 4127 454 4178 pro
473 4110 611 4162 iniustitia
625 4127 647 4177 p
700 4110 732 4161 12
752 4109 900 4178 augerique
917 4126 935 4160 α
946 4110 960 4161 b
972 4125 1037 4176 epp
1048 4127 1061 4176 p
1073 4105 1128 4174 lru5
1147 4109 1258 4176 gerique
1273 4126 1289 4157 α

126 4202 237 4256 Ilomb.
305 4201 339 4252 13
357 4200 495 4267 iustnmp
560 4200 593 4252 14
611 4199 783 4266 iustitiamp
850 4199 881 4252 16
900 4199 999 4265 tolisp
1061 4198 1092 4248 19
1112 4213 1140 4250 se
1158 4196 1289 4249 meliuso

127 4310 161 4344 se
185 4287 560 4356 arrtebsbueruutom.pp
646 4289 680 4340 26
700 4287 816 4340 Domino
836 4288 929 4340 Ileoo
1011 4286 1044 4338 30
1064 4284 1140 4338 uitiis
1160 4287 1289 4338 ceterisr

128 4382 159 4432 in
182 4379 310 4445 bomine]
331 4377 359 4428 iu
380 4375 406 4429 dl
425 4377 566 4429 nominet
