3192 4959
332 439 397 502 442
681 439 709 492 S.
737 435 895 490 Aurelii
923 434 1140 504 Augustini

333 631 372 695 in
402 635 610 698 saeculum
640 633 884 700 testamenti
908 631 971 698 sni
995 631 1120 708 uerbi,
1151 633 1256 715 quod
1280 633 1470 698 mandauit

332 739 371 802 in
395 740 508 805 mille
532 742 833 824 generationes,
857 738 890 802 id
915 743 965 804 est
986 739 1017 802 in
1043 757 1163 804 omnes,

377 847 427 909 Et
455 847 567 910 misit
590 847 718 922 illum,
748 847 862 928 inquit,
886 846 923 909 in
953 846 1157 928 abyssum3
1186 846 1299 928 utique
1324 847 1469 911 diabolum

333 951 424 1015 misit
446 951 478 1015 in
503 953 665 1036 abyssum,
690 971 752 1035 quo
776 953 903 1016 nomine
927 951 1108 1034 significata
1131 954 1181 1016 est
1204 952 1376 1018 multitudo
1394 953 1472 1016 innu-

333 1059 496 1122 merabilis
518 1059 689 1142 inpiorum,
715 1078 850 1141 quorum
874 1058 905 1122 in
925 1058 1125 1142 malignitate
1145 1059 1300 1124 aduersus
1320 1059 1471 1123 eeclesiam
1495 1077 1504 1116 s

335 1165 394 1228 Dei
417 1165 554 1228 multum
577 1165 734 1246 profunda
757 1167 833 1230 sunt
856 1164 965 1238 corda;
997 1185 1058 1230 uon
1083 1166 1157 1248 quia
1179 1165 1224 1228 ibi
1248 1166 1391 1230 diabolus
1408 1175 1471 1228 ante

333 1290 395 1335 non
431 1276 510 1348 erat3
549 1271 605 1336 sed
642 1272 712 1336 ideo
750 1270 828 1336 illuc
865 1270 982 1336 dicitur
1014 1273 1143 1348 missua,
1182 1272 1256 1354 quia
1288 1273 1428 1336 exclusus
1456 1291 1472 1334 a

333 1378 534 1447 credentibus
561 1380 635 1461 plus
664 1380 770 1462 coepit
792 1380 897 1462 inpios
922 1378 1093 1462 possidere.
1125 1379 1201 1444 Plus
1224 1399 1360 1462 namque
1382 1379 1471 1460 possi-

334 1484 426 1548 detur
454 1505 472 1548 a
501 1486 636 1563 diabolo,
667 1486 721 1566 qui
750 1505 810 1551 non
841 1485 945 1549 solum
971 1489 1020 1550 est
1044 1485 1200 1550 alienatus
1226 1505 1243 1549 a
1266 1485 1345 1562 Deo,
1372 1503 1470 1548 uerum

333 1591 431 1656 etiam
462 1593 561 1674 gratis
594 1592 662 1656 odit
694 1593 868 1656 seruientes
901 1593 980 1657 Deo.
1013 1593 1061 1656 llt
1093 1591 1257 1669 clausit,
1294 1592 1405 1674 inquit,
1439 1598 1504 1654 etr·

334 1698 522 1781 signauit
545 1718 666 1781 super
689 1719 786 1777 eum,
815 1701 955 1763 utnon
985 1699 1205 1764 seduceret
1228 1699 1303 1764 iam
1329 1703 1469 1782 gentes.

334 1804 458 1869 donec
497 1805 702 1869 finiantur
738 1805 852 1869 mille
896 1805 996 1869 anni.
1041 1805 1205 1871 Clausit
1241 1825 1362 1888 super
1396 1823 1470 1867 euru

333 1911 455 1975 dictum
492 1917 542 1976 est
578 1912 750 1976 ‘interdixit
783 1913 822 1987 91,
855 1931 893 1975 ne
926 1915 1037 1994 posset
1068 1912 1174 1990 eair·e‚’
1204 1911 1237 1975 id
1268 1917 1318 1976 est
1349 1909 1470 1975 uetitum

333 2018 521 2102 transgredi.
552 2017 745 2102 Signauit
775 2023 893 2096 autem,
924 2019 1008 2100 quod
1032 2018 1164 2094 addidit,
1189 2019 1384 2102 significasse
1405 2015 1471 2080 mihi

333 2125 470 2200 uidetur,
500 2125 574 2206 quia
598 2127 759 2189 occultum
784 2145 855 2189 esse
880 2125 995 2202 uoluit,
1023 2126 1079 2207 qui
1102 2125 1280 2206 pertineant
1303 2125 1342 2188 ad
1364 2129 1470 2206 partem
1487 2140 1505 2177 n

334 2231 463 2310 diaboli,
495 2235 527 2296 et
559 2232 614 2315 qui
646 2250 708 2296 non
740 2233 927 2313 pertineant.
961 2232 1031 2296 Hoc
1060 2232 1178 2313 quippe
1206 2232 1237 2294 in
1267 2232 1391 2295 saeculo
1418 2230 1470 2293 isto

333 2358 463 2421 prorsus
491 2339 580 2415 latet,
613 2339 686 2419 quia
714 2342 747 2402 et
775 2339 830 2419 qni
854 2338 983 2402 uidetur
1010 2340 1105 2415 stare,
1139 2339 1247 2402 utrum
1278 2339 1322 2401 sit
1344 2353 1470 2403 casurus,

336 2451 369 2512 et
401 2446 456 2528 qui
487 2445 615 2509 uidetur
647 2446 759 2522 iacere,
792 2448 900 2509 utrum
924 2445 968 2508 sit
996 2447 1206 2519 suffecturus,
1240 2444 1392 2508 incertum
1420 2452 1471 2504 est.

336 2553 385 2617 Ab
418 2551 463 2616 eis
497 2557 603 2614 autem
636 2551 785 2634 gentibus
820 2551 1008 2616 seducendis
1041 2550 1137 2615 huius
1165 2549 1327 2615 interdicti
1359 2546 1471 2613 uinculo

335 2662 367 2722 et
395 2659 534 2723 clanstro
563 2657 708 2722 diabolus
738 2659 923 2740 prohibetur
951 2659 1052 2741 adque
1081 2657 1256 2734 cohibetur,
1291 2677 1368 2740 quas
1390 2653 1507 2738 perti-a·

335 2771 445 2831 nentes
474 2766 514 2830 ad
543 2765 705 2830 Christum
735 2765 910 2830 seducebat
937 2773 1029 2830 antea
1057 2764 1110 2829 uel
1137 2765 1276 2830 tenebat.
1310 2765 1374 2828 Hes
1399 2761 1471 2825 eninr

334 2873 422 2936 Deus
455 2872 553 2955 elegit
585 2875 656 2935 ante
689 2870 799 2934 mundi
832 2871 1093 2936 constitutionem
1126 2891 1235 2937 eruere
1264 2871 1302 2935 de
1329 2869 1471 2953 potestate

335 2979 535 3042 tenebrarum
564 2981 596 3041 et
622 2978 791 3041 transferre
820 2978 850 3040 in
876 2998 1010 3061 regnum
1037 2978 1095 3042 filii
1121 2978 1263 3042 caritatis
1289 2995 1372 3044 suae,
1397 2973 1472 3038 sicut

335 3083 498 3166 apostolus
533 3085 620 3148 dicit.
653 3084 735 3148 Nem
768 3085 919 3150 seducere
952 3086 1043 3150 illum
1078 3090 1189 3169 gentes
1219 3086 1315 3149 etiam
1343 3100 1418 3147 nunc
1445 3088 1473 3141 ct

335 3209 443 3256 secum
477 3192 600 3256 trahere
633 3190 663 3255 in
698 3195 857 3255 aeternam
890 3211 1033 3275 poenam,
1063 3192 1119 3257 sed
1147 3212 1209 3258 uon
1238 3189 1507 3275 praedestinasse

335 3298 366 3360 in
400 3301 557 3362 aeternam
590 3298 700 3371 uitam,
735 3298 806 3379 quis
835 3297 939 3364 tidelis
969 3300 1117 3382 ignorat?
1149 3298 1217 3363 Nec
1241 3299 1376 3370 moueat,
1395 3289 1472 3374 quod

335 3424 429 3486 saepe
466 3403 611 3468 diabolus
650 3403 776 3467 seducit
813 3403 908 3468 etiam
942 3404 1026 3478 ilice,
1065 3405 1119 3487 qui
1151 3403 1326 3487 regenerati
1358 3402 1414 3463 iam
1445 3397 1472 3457 in

336 3510 463 3575 Christo
492 3511 562 3574 uias
590 3510 812 3593 ingrediuntur
834 3510 904 3573 Dei.
933 3510 1060 3575 Nouit
1087 3512 1169 3574 enim
1201 3509 1387 3574 Dominus
1412 3503 1472 3586 qui

337 3621 430 3680 suut
458 3617 565 3691 oius3
596 3636 632 3679 ex
659 3616 709 3680 his
737 3616 769 3678 iu
797 3621 957 3680 aeternam
986 3616 1220 3680 damnationem
1249 3614 1396 3679 neminem
1423 3609 1472 3673 ille

426 3825 460 3878 22
480 3825 549 3893 Eph.
570 3826 593 3887 1,
613 3826 631 3877 4
704 3825 761 3880 Col.
783 3825 807 3886 l,
828 3825 860 3878 13
916 3825 951 3878 28
971 3827 997 3879 2.
1017 3825 1084 3880 Tim.
1104 3825 1129 3886 2,
1151 3826 1183 3879 19

373 3949 500 4019 3inquit
518 3949 620 4004 illude
697 3950 855 4004 hmultab
933 3951 1050 4003 9111911.
1071 3952 1147 4002 esto
1221 3949 1254 4003 10
1274 3947 1350 4000 elusit
1365 3959 1437 3996 unus
1453 3961 1472 4009 ρ.

335 4037 437 4092 Domb.
496 4039 526 4091 ll
548 4039 601 4092 iam
621 4055 674 4092 non
694 4038 838 4091 seduceret
855 4055 871 4092 o
935 4040 967 4092 13
987 4043 1079 4108 posset.
1098 4038 1193 4106 ahcp
1212 4037 1321 4100 Dornh.,·
1338 4032 1420 4103 possit
1435 4045 1473 4100 pr

338 4163 372 4215 14
391 4137 472 4223 ann
491 4164 522 4215 ea
540 4179 625 4231 mara.
646 4143 746 4229 autem,
765 4179 779 4216 e
853 4161 966 4231 analeo
1038 4165 1069 4216 15
1089 4165 1153 4232 quta
1173 4157 1389 4230 anappum
1408 4153 1472 4224 quod

337 4249 364 4317 ρ1
382 4251 482 4307 Domo,
555 4252 712 4320 pertineant
729 4267 781 4306 orn.
802 4269 818 4300 α
890 4253 922 4304 18
941 4255 1174 4320 resurrecturnsp
1240 4253 1274 4304 23
1291 4246 1418 4302 claritatis
1435 4259 1472 4312 pp

338 4341 372 4392 24
392 4340 465 4392 aito
521 4342 554 4393 ‘35
575 4340 692 4392 nondum
713 4341 752 4393 bc
807 4341 840 4392 27
860 4341 914 4394 iam
933 4357 1054 4408 regener.
1074 4357 1090 4395 u
