3192 4959
634 442 662 496 S.
690 442 845 496 Aurelii
873 443 1091 511 Augustini

720 640 858 706 CAPUT
880 642 1015 707 XXIIII.

294 780 399 863 Quod
437 785 606 847 insontes
645 782 815 846 homines
854 788 890 847 et
926 784 1059 848 merito
1098 782 1361 847 oboedientiae
1400 784 1434 847 in

292 890 468 973 paradiso
497 891 757 973 permanentes
787 888 841 953 ita
869 890 1107 972 genitalibus
1131 889 1306 953 membris
1331 890 1434 953 usuri

292 998 461 1062 luissent
485 996 529 1061 ad
549 996 831 1080 generationem
850 995 979 1079 prolis,
999 996 1101 1060 sicut
1120 997 1257 1060 ceteris
1277 995 1320 1060 sd
1340 996 1433 1059 arbi-

681 1102 793 1166 trium
818 1102 1042 1167 uoluntatis.
1463 1118 1476 1157 ⁵

335 1244 512 1311 Seminaret
538 1244 636 1327 igitur
663 1243 781 1326 prolem
812 1244 871 1318 uir,
900 1244 1077 1326 susciperet
1098 1244 1217 1307 femina
1239 1243 1432 1327 genitalibus

290 1352 451 1430 membris,
476 1350 600 1433 quando
623 1350 656 1414 id
680 1370 760 1431 opus
780 1356 865 1415 esset
884 1356 916 1415 et
934 1357 1088 1433 quantum
1108 1370 1187 1433 opus
1207 1354 1302 1427 esset,
1322 1350 1432 1413 uolun-

288 1464 354 1523 tate
378 1459 484 1536 motis,
510 1477 569 1522 non
593 1457 724 1521 libidine
749 1458 927 1522 concitatis.
950 1458 1062 1540 Neque
1082 1457 1165 1521 enim
1185 1476 1222 1521 ea
1245 1458 1314 1521 sola
1334 1475 1432 1519 mem-

287 1567 344 1631 bra
367 1584 533 1629 monemus
557 1565 596 1628 ad
620 1569 743 1641 nutum,
773 1584 852 1647 quae
877 1566 1039 1647 conpertis
1064 1564 1231 1629 articulata
1254 1567 1330 1628 sunt
1353 1562 1431 1627 ossi·

285 1672 358 1749 bus,
382 1672 468 1735 sicut
489 1690 601 1735 manus
626 1674 659 1734 et
680 1670 777 1753 pedes
802 1677 834 1735 et
858 1670 985 1755 digitos,
1010 1661 1121 1735 uerum
1146 1670 1241 1734 etiam
1260 1669 1327 1744 ills,
1351 1687 1473 1749 quaero

285 1779 437 1843 mollibus
465 1780 599 1842 remissa
628 1783 702 1843 sunt
729 1778 847 1858 neruis,
877 1797 950 1841 oum
976 1778 1138 1855 uolumus,
1167 1794 1335 1840 monemus
1365 1775 1430 1857 sgi-

285 1884 379 1949 tsndo
414 1888 447 1951 et
477 1885 665 1969 porrigendo
698 1884 905 1966 producimus
939 1889 972 1948 et
1003 1884 1178 1966 torquendo
1210 1883 1369 1948 flectimus
1398 1889 1430 1946 et

285 1990 527 2075 constringendo
553 1991 713 2069 duramus,
738 1991 823 2055 sicut
850 2009 887 2054 ea
914 1993 998 2068 sunt,
1031 2009 1111 2073 quae
1138 1992 1169 2053 in
1198 2008 1250 2053 ore
1278 2006 1314 2052 ao
1337 1988 1428 2067 fucis,

285 2101 438 2179 quantum
474 2100 591 2180 potest,
634 2098 782 2161 uoluntas
820 2100 940 2161 mouet.
982 2097 1156 2160 Pulmones
1194 2096 1329 2176 denique
1366 2095 1429 2177 ipsi

284 2204 436 2282 omnium,
472 2204 534 2267 nisi
566 2203 787 2280 medullarum,
823 2202 1004 2267 mollissimi
1037 2204 1196 2267 uiscerum
1229 2207 1262 2266 et
1294 2202 1334 2265 ob
1367 2212 1427 2265 lroc
1447 2223 1472 2260 ra

282 2315 371 2374 antro
404 2311 541 2393 pectoris
575 2309 770 2387 communiti,
805 2309 844 2372 ad
873 2309 1020 2391 spiritum
1048 2309 1227 2373 ducendum
1255 2327 1291 2372 ac
1319 2308 1428 2371 remit·

282 2416 412 2481 tendum
435 2434 609 2498 uocemque
639 2415 843 2480 emittendam
868 2435 924 2479 seu
949 2416 1201 2491 modificandam,
1225 2415 1310 2478 sicut
1332 2413 1425 2477 folles

280 2523 441 2587 fabrorum
469 2524 522 2587 uel
551 2542 749 2607 organorum,
783 2521 899 2598 flantis,
931 2524 1128 2603 respira-ntis,
1159 2522 1331 2603 loquentis,
1364 2525 1425 2584 elu-

281 2631 407 2707 mantis‚
436 2629 591 2693 cantantis
620 2629 764 2693 seruiunt
791 2628 960 2693 uoluntati.
986 2628 1106 2693 Omitto
1127 2629 1210 2712 quod
1234 2627 1425 2691 animalibus

281 2734 471 2816 quibusdam
504 2735 688 2798 naturaliter
719 2733 857 2798 inditum
890 2739 949 2813 est,
982 2738 1019 2799 ut
1045 2739 1184 2819 tegmen,
1217 2753 1279 2816 quo
1308 2752 1423 2817 corpus
1443 2754 1473 2794 ro

280 2860 371 2905 omne
405 2840 552 2917 uestitur,
591 2840 618 2905 si
657 2840 733 2923 quid
764 2842 796 2904 in
830 2860 1030 2924 quocumque
1062 2842 1132 2907 loco
1165 2842 1234 2906 eius
1267 2840 1425 2905 senserint

278 2948 479 3030 abigendum,
517 2947 561 3010 ibi
597 2950 721 3011 tantum
755 2952 915 3022 moueant,
953 2948 1008 3011 ubi
1041 2948 1191 3026 sentiunt,
1228 2966 1286 3012 nec
1317 2947 1422 3011 solum

211 3063 214 3069 '
276 3052 449 3119 insidentes
477 3072 617 3129 muscas,
651 3072 761 3119 uerum
796 3055 891 3118 etiam
920 3054 1085 3118 haerentes
1113 3055 1221 3119 hastas
1250 3053 1333 3117 cutis
1361 3060 1423 3117 tre-

277 3179 363 3224 more
396 3159 578 3225 discutiant.
611 3160 773 3241 Numquid
808 3161 882 3242 quia
912 3161 946 3224 id
978 3180 1039 3225 non
1072 3164 1179 3243 potest
1210 3160 1315 3238 homo,
1348 3159 1420 3223 ideo

278 3265 407 3331 Creator
439 3266 555 3348 quibus
586 3267 691 3331 uoluit
721 3268 935 3332 animantibus
969 3268 1082 3332 donare
1114 3287 1175 3331 non
1207 3266 1333 3349 potuit?
1367 3265 1420 3330 Sic
1441 3288 1471 3327 ss

276 3391 352 3457 ergo¹
388 3377 420 3435 et
455 3374 524 3453 ipse
561 3372 655 3437 homo
692 3372 798 3455 potuit
835 3373 1066 3437 oboedientium
1103 3371 1200 3435 etiam
1235 3371 1421 3435 inferiorum

275 3480 389 3543 habere
418 3480 641 3567 membrorum,
671 3499 765 3561 quam
793 3499 852 3544 sua
879 3479 1113 3543 inoboedientia
1130 3478 1278 3562 perdidit.
1306 3477 1420 3559 Neque

276 3586 357 3651 enim
391 3586 458 3650 Deo
492 3586 621 3650 difficile
653 3587 714 3649 luit
743 3587 788 3649 sio
817 3587 908 3649 illum
937 3586 1079 3666 condere,
1108 3589 1145 3649 ut
1172 3586 1202 3648 in
1233 3585 1301 3649 eius
1327 3604 1420 3648 carne

274 3692 370 3757 etiam
402 3693 483 3757 illud
514 3714 572 3759 non
607 3694 666 3759 nisi
699 3694 768 3757 olus
802 3694 966 3758 uoluntate
998 3696 1189 3769 moueretur,
1223 3692 1309 3776 quod
1334 3712 1419 3756 nunc

273 3799 333 3863 nisi
356 3800 487 3864 libidine
512 3820 571 3865 non
595 3805 752 3866 mouetur.
1439 3822 1471 3861 ³⁰

307 4132 323 4185 3
343 4130 459 4185 luissent
478 4133 635 4201 usuripqo
673 4137 688 4187 5
708 4132 858 4187 uoluntatis
877 4150 965 4203 cnap
1004 4136 1036 4189 lo
1054 4136 1125 4189 sicut
1142 4136 1225 4206 pedes
1244 4140 1272 4190 et
1289 4152 1385 4190 manus
1400 4154 1418 4191 c

273 4224 306 4275 12
325 4222 443 4294 flessffilll·
461 4240 496 4278 m.
516 4228 535 4276 2
552 4226 735 4293 superscripto
754 4242 822 4288 mus,
842 4241 856 4279 e
964 4226 997 4279 16
1016 4232 1075 4280 arto
1094 4225 1119 4279 e²
1221 4226 1256 4279 23
1274 4225 1377 4282 inbaer.
1399 4247 1419 4277 α

271 4348 343 4400 ustas
368 4346 403 4413 V‚·
422 4348 518 4401 aristas
539 4347 570 4400 α2
641 4351 675 4404 28
695 4352 765 4404 enim
784 4368 835 4405 om.
855 4350 879 4403 el
970 4351 1055 4413 illum,
1073 4351 1105 4404 iu
1123 4368 1208 4424 marg.
1223 4331 1297 4418 ¹eum,
1317 4372 1331 4408 e
