3192 4959
338 438 404 499 572
681 436 707 487 S.
736 435 895 488 Aurelii
924 435 1144 503 Augustini

336 631 501 712 patiuntur
542 631 734 712 quicumque
772 629 954 706 Christiani,
995 631 1129 712 probant
1172 635 1306 713 utraque
1344 629 1471 694 aedificia

337 737 428 800 uelut
459 736 542 822 ignis
572 740 604 800 et
632 736 695 800 alia
722 741 915 801 consumunt
943 757 1014 801 cum
1049 738 1128 821 ipsis
1157 737 1419 812 aedificatoribus,
1448 736 1470 798 si

337 843 500 909 Christum
528 845 559 907 iu
585 845 630 908 eis
656 864 716 909 non
739 844 908 908 inueniunt
930 845 1188 922 fundamentum
1218 845 1281 908 alia
1306 845 1371 908 siue
1391 843 1469 924 ipsis.

336 952 363 1014 si
398 951 572 1026 inueniunt,
608 951 681 1032 quia
711 951 788 1016 licet
822 970 893 1014 oum
926 950 1039 1016 damno
1074 952 1155 1016 salui
1189 954 1282 1016 erunt
1313 950 1388 1033 ipsi;
1419 949 1469 1012 alia

335 1076 411 1120 uero
444 1053 512 1122 nou'
539 1063 740 1132 consumunt,
775 1059 850 1140 quia
880 1058 958 1122 talia
985 1059 1146 1141 reperiunt
1173 1077 1255 1140 quae
1279 1059 1421 1121 maneant
1443 1056 1503 1122 ios

289 1238 294 1248 ι
335 1168 508 1228 aeternum.
528 1160 607 1230 'urit
634 1165 728 1228 etiam
752 1166 783 1228 iu
808 1164 869 1228 fine
894 1166 1012 1230 saeculi
1041 1165 1204 1230 tribulatio
1230 1171 1372 1247 tempore
1394 1165 1468 1229 Anti-

334 1271 455 1348 chu'sti,
484 1273 587 1353 qualis
615 1292 788 1354 numquam
817 1275 909 1335 autea
931 1272 1002 1336 fuit.
1033 1271 1134 1352 Quam
1164 1275 1267 1336 mults
1295 1276 1385 1336 erunt
1405 1277 1467 1336 tunc

333 1377 488 1451 aedificia,
514 1378 583 1442 siue
606 1397 701 1442 aurea
724 1377 794 1443 siue
818 1379 918 1454 lanea,
944 1398 1038 1462 super
1056 1379 1213 1462 optimum
1232 1379 1467 1452 tundamentum,

335 1483 420 1566 quod
447 1488 497 1548 est
525 1484 671 1550 Christus
699 1486 802 1558 lesus,
835 1489 872 1550 ut
900 1485 981 1570 iguis
1010 1486 1064 1549 ille
1093 1485 1206 1568 probet
1234 1489 1366 1567 utraque
1389 1490 1418 1548 et
1438 1487 1467 1546 oe

334 1590 405 1654 aliis
435 1589 597 1674 gaudium,
627 1591 665 1654 de
694 1591 766 1655 aliis
793 1592 909 1655 inferat
937 1593 1098 1667 damnum,
1130 1595 1260 1656 neutros
1289 1597 1389 1654 tamen
1411 1609 1501 1672 per-u·

334 1698 398 1772 dat,
431 1697 463 1761 in
497 1698 613 1780 quibus
641 1698 719 1761 haec
746 1699 898 1774 inueniet,
926 1703 1054 1780 propter
1081 1699 1196 1762 stabile
1225 1697 1465 1762 fundamentum!

334 1803 534 1886 Quicumque
558 1809 674 1880 autem,
699 1825 760 1868 nou
781 1805 851 1870 dico
871 1824 1009 1882 uxorem,
1035 1805 1125 1869 ouius
1146 1806 1242 1869 otiam
1264 1804 1466 1868 commixtione

334 1912 434 1975 carnis
460 1911 499 1974 ad
527 1911 684 1975 carnalem
708 1913 811 1975 utitur
833 1912 1045 1994 uoluptatem,
1075 1913 1131 1976 sed
1155 1912 1224 1994 ipsa
1250 1931 1328 1994 quse
1353 1911 1388 1975 ab
1409 1911 1465 1974 eius

332 2018 418 2082 modi
456 2019 721 2084 delectationibus
763 2021 866 2084 aliena
904 2025 979 2086 sunt
1016 2019 1143 2084 nomina
1178 2019 1309 2101 pietatis
1346 2021 1465 2082 humano

331 2145 419 2189 more
448 2127 614 2190 carnaliter
642 2126 803 2208 diligendo
833 2126 958 2193 Christo
987 2127 1161 2209 auteponit,
1195 2145 1256 2190 uon
1286 2145 1358 2189 eum
1386 2123 1498 2188 habeto
1558 2201 1559 2206 ἵ

331 2233 364 2294 in
389 2232 594 2296 fundamento
620 2238 651 2297 et
675 2234 746 2298 ideo
771 2253 830 2297 uon
856 2235 1042 2317 perignem
1067 2233 1177 2296 saluus
1202 2232 1272 2308 erit,
1298 2231 1353 2296 sed
1373 2230 1466 2294 saluus
1558 2239 1559 2248 ’

332 2357 394 2401 nou
429 2339 498 2415 erit,
529 2339 603 2420 quia
632 2359 702 2404 esse
734 2359 806 2404 oum
837 2339 1002 2405 Saluatore
1032 2359 1093 2404 non
1121 2339 1249 2424 poterit,
1285 2340 1339 2421 qui
1364 2339 1399 2402 de
1419 2337 1466 2400 hac

332 2465 365 2508 re
389 2447 588 2528 apertissimo
619 2448 753 2529 loquens
782 2448 845 2512 ait:
880 2445 964 2526 Qut·
989 2451 1093 2511 amat
1124 2451 1278 2530 patrem
1314 2449 1380 2509 aut
1408 2461 1465 2508 ma·

332 2554 432 2616 trem
465 2555 559 2636 plus
593 2573 708 2635 quam
739 2573 808 2630 me,
846 2574 920 2618 non
955 2558 1018 2618 est
1050 2573 1106 2618 me
1141 2553 1306 2636 diguus;
1345 2549 1464 2631 etqui

333 2664 437 2722 amat
479 2661 616 2724 t'ili'um
658 2665 728 2724 aut
768 2661 901 2725 filiam
945 2681 1067 2744 super
1108 2681 1174 2736 me,
1213 2679 1287 2724 non
1328 2663 1388 2722 est
1420 2673 1495 2718 mes·
1557 2673 1558 2726 t

333 2765 464 2850 dignu
475 2789 499 2833 s.
529 2767 647 2831 Verum
677 2769 729 2850 qui
756 2769 812 2832 has
842 2768 1094 2832 necessitudines
1125 2767 1171 2832 sic
1200 2769 1286 2830 amat
1316 2764 1464 2831 carnaliter

332 2878 369 2939 ut
395 2880 499 2938 tamen
529 2895 581 2938 eas
611 2873 737 2939 Christo
761 2875 895 2938 Domino
923 2895 983 2938 non
1008 2877 1189 2957 praeponat,
1217 2875 1370 2956 malitque
1390 2873 1463 2958 ipsis.

333 3001 436 3044 carere
465 3001 560 3063 quam
588 2981 725 3059 Christo,
754 2982 781 3044 si
806 2981 844 3043 ad
869 2981 953 3045 huuc
977 2981 1075 3045 suerit
1103 2981 1273 3045 articulum
1298 2979 1462 3045 tentationis

333 3089 499 3162 arlrluotus,
532 3108 589 3169 per
618 3088 725 3172 ignem
755 3088 814 3151 erit
846 3088 967 3164 saluus,
1000 3089 1074 3172 quia
1106 3091 1139 3151 et
1171 3107 1279 3150 earum
1313 3087 1461 3151 amissione
1556 3131 1557 3162 q

331 3199 456 3258 tautum
480 3213 610 3258 necesse
635 3200 685 3258 est
707 3200 779 3259 urat
803 3195 901 3274 dolor,
926 3199 1078 3278 quantum
1105 3193 1250 3258 haeserat
1269 3213 1365 3258 amor.
1383 3193 1460 3255 Porro
1474 3209 1494 3248 o

333 3302 387 3383 qui
410 3305 532 3383 patrem
555 3305 698 3378 matrem,
722 3301 805 3364 filios
831 3302 912 3365 filias
942 3301 1114 3364 secundum
1139 3299 1303 3364 Christum
1328 3296 1459 3362 dilexerit.

332 3411 370 3472 ut
398 3407 435 3470 ad
461 3408 529 3471 eius
557 3427 689 3490 reguum
716 3407 919 3471 obtinendum
951 3409 1041 3488 eique
1066 3406 1297 3471 cohaerendum
1320 3405 1382 3470 illis
1403 3423 1458 3467 cou-

333 3513 428 3591 sulat
462 3515 515 3577 uel
547 3515 607 3578 hoo
638 3514 670 3577 iu
704 3515 750 3578 eis
784 3514 905 3596 diligat,
940 3514 1024 3594 quod
1057 3515 1197 3576 membra
1235 3515 1310 3578 suut
1346 3507 1456 3576 Christi:
1555 3545 1556 3562 t

333 3621 418 3684 absit
446 3628 482 3684 nt
510 3621 573 3684 ista
601 3619 729 3684 dilectio
757 3621 932 3702 reperiatur
960 3623 990 3684 in
1020 3621 1126 3704 lignis,
1158 3622 1242 3697 feno,
1268 3619 1380 3703 stipula
1400 3633 1456 3678 coo·

423 3867 456 3919 18
475 3865 526 3920 Mt.
548 3866 588 3927 10,
609 3866 642 3918 37

370 3991 553 4060 lprobantur
572 3989 622 4058 εἲς]
676 3992 740 4043 2et
758 4006 901 4058 eruoarnry
956 3991 1015 4042 tsi
1034 4005 1117 4057 ora.p
1169 3991 1285 4042 ‘lantes
1304 3997 1428 4054 numquam
1437 3995 1454 4046 p
1554 3985 1555 4052 ἴ

332 4078 386 4133 tuit
405 4097 455 4132 orn.
475 4096 488 4133 e
538 4082 569 4133 13
590 4081 646 4132 eius
665 4079 739 4132 modi
755 4095 815 4146 qm
834 4077 914 4130 huius
934 4077 1007 4131 modi
1025 4095 1041 4131 v
1085 4079 1116 4131 17
1138 4079 1183 4146 qui
1203 4077 1236 4130 de
1256 4077 1316 4146 hac]
1335 4091 1377 4146 pro
1394 4071 1455 4123 hace

333 4173 367 4225 19
387 4177 416 4223 et
435 4170 480 4237 qui
498 4186 584 4236 surque
603 4168 641 4221 ad
660 4167 758 4236 dignus
778 4184 829 4220 orn.
850 4168 893 4234 hp
957 4169 989 4220 21
1011 4169 1049 4220 sit
1067 4168 1092 4220 e¹
1151 4167 1185 4219 23
1205 4167 1239 4220 ad
1258 4165 1339 4219 huce
1401 4159 1452 4212 nti·

333 4259 409 4313 culus
428 4257 454 4311 c²
525 4259 560 4310 24
579 4256 670 4308 saluus
690 4255 775 4308 eritv
862 4261 889 4308 et
908 4255 1014 4325 heym
1033 4254 1214 4309 exoDomb.
1288 4255 1321 4307 25
1338 4249 1455 4310 acseratfr

333 4348 368 4399 26
387 4347 544 4413 filiasqnee
