3192 4959
624 429 652 482 S.
680 426 839 480 Aurelii
867 425 1089 495 Augustini

590 703 593 709 ¹
705 620 843 686 cornu
867 620 1011 685 xxxxi.

286 764 338 828 De
366 762 645 840 benedictione,
675 781 782 845 quarn
812 761 923 825 Iacob
953 762 989 825 iu
1013 760 1142 825 Iudam
1171 760 1298 825 filiurn
1323 780 1426 825 suum

764 868 954 951 promisit.

330 1011 434 1096 Igitur
465 1013 593 1093 propter
623 1010 777 1092 populum
811 1008 1037 1085 Christianum,
1071 1008 1102 1071 in
1135 1027 1196 1090 quo
1227 1008 1288 1072 Dei
1317 1008 1427 1072 ciuitas

288 1118 504 1202 peregrinatur
536 1118 567 1181 in
596 1118 699 1195 terris,
728 1118 756 1181 si
785 1136 910 1181 carnem
940 1114 1059 1180 Christi
1086 1116 1117 1179 in
1146 1114 1290 1179 Abrabae
1314 1114 1465 1180 semines

285 1226 494 1309 requiramus
523 1224 654 1288 remotis
683 1224 929 1288 concubinarum
957 1223 1032 1286 filiis
1057 1222 1194 1287 occurrit
1216 1221 1321 1296 Isauc;
1351 1221 1428 1285 siin

287 1332 406 1396 semine
438 1331 539 1407 Isaac,
571 1332 693 1395 remoto
726 1331 822 1404 Esau,
857 1328 912 1412 qui
946 1333 995 1393 est
1027 1329 1123 1393 etiam
1150 1328 1262 1405 Edoni,
1297 1327 1430 1392 occurrit

286 1437 393 1515 Iacob,
426 1436 481 1520 qui
509 1439 559 1501 est
587 1439 618 1499 et
645 1435 758 1512 Israel,
784 1436 811 1499 si
839 1436 871 1498 in
900 1436 1019 1500 somine
1043 1435 1145 1517 ipsius
1168 1434 1278 1511 Israel,
1302 1434 1429 1498 remotis

288 1544 401 1608 cet-eris
421 1541 559 1607 occurrit
575 1542 683 1619 Iudas,
703 1541 777 1623 quia
796 1540 834 1605 de
853 1541 938 1605 tribu
962 1542 1042 1605 Iuda
1061 1544 1186 1605 exortus
1207 1544 1256 1604 est
1275 1538 1428 1605 Christus.

286 1653 333 1715 Ac
366 1670 421 1732 per
452 1652 512 1714 hoc
546 1668 617 1712 curn
653 1650 684 1712 in
718 1650 865 1732 Aegypto
903 1650 1076 1713 moriturus
1108 1650 1208 1713 Israel
1241 1668 1317 1713 suos
1350 1648 1468 1711 tiliosn

287 1756 496 1833 benediceret,
529 1774 623 1838 quem
656 1755 696 1819 ad
723 1754 855 1819 modurn
882 1755 994 1818 Iudam
1024 1756 1207 1838 prophetice
1231 1753 1430 1830 benedixerit,

289 1864 470 1929 audiamus:
495 1861 597 1939 Iuda,
621 1862 734 1945 inquit,
758 1865 794 1925 te
818 1861 1028 1925 laudabunt
1051 1862 1189 1927 fraires
1214 1861 1281 1925 tui.
1301 1861 1429 1924 Manus

288 1974 376 2033 tuae
400 1987 514 2050 super
538 1968 691 2032 dorsum
716 1968 953 2032 inimicorum
978 1972 1140 2043 tuorum;
1167 1966 1376 2032 adorabunt
1397 1969 1430 2029 te

290 2077 369 2141 filii
392 2076 516 2158 patris
540 2076 605 2139 tui.
630 2074 790 2140 Catulus
814 2074 937 2139 ieonis
961 2074 1066 2151 [non
1088 2094 1127 2137 ex
1148 2074 1430 2158 germinatione,

289 2184 350 2247 fili
385 2183 444 2260 mi,
478 2182 704 2257 ascendisti3
733 2182 956 2245 recumbens
981 2181 1159 2245 dormisti
1187 2183 1229 2244 ut
1251 2182 1310 2246 leo
1336 2182 1372 2243 st
1394 2182 1470 2246 utrs

290 2291 443 2354 catulus
479 2289 616 2365 leonis3
655 2289 740 2371 quis
780 2288 990 2373 suscitabit
1022 2290 1125 2353 eum?
1162 2288 1242 2352 Non
1276 2286 1431 2351 deficiet

288 2398 465 2481 princeps
499 2415 540 2460 ex
571 2395 664 2460 Iuda
696 2399 733 2460 et
765 2394 838 2459 dux
872 2394 914 2459 de
948 2394 1155 2459 femoribus
1190 2394 1283 2467 eius,
1321 2393 1431 2457 donec

289 2505 443 2569 ueniant
479 2522 573 2585 quae
610 2502 778 2585 reposita
815 2504 903 2566 sunt
936 2502 982 2577 ei;
1019 2505 1055 2565 et
1087 2500 1167 2584 ipse
1201 2500 1430 2583 exspectatio

291 2611 475 2696 gentium
510 2609 684 2693 adligare
714 2609 756 2673 ad
785 2610 902 2673 uitem
935 2608 1080 2690 pullum
1115 2628 1221 2672 suum
1247 2611 1283 2672 ot
1307 2608 1432 2672 cilicio

292 2718 437 2800 pullum
472 2716 600 2780 asinae
630 2734 717 2779 suae
744 2714 893 2779 lauabit
921 2715 956 2779 in
989 2714 1075 2779 uino
1105 2714 1240 2779 stolam
1269 2734 1371 2779 suam
1401 2716 1473 2780 otro

290 2824 327 2888 in
357 2822 540 2907 sauguine
568 2841 664 2885 uuae
693 2822 871 2886 amictum
900 2839 1017 2887 suum.
1045 2820 1158 2886 Fului
1183 2822 1286 2885 oculi
1311 2821 1433 2885 eiusu

292 2930 379 2994 uino
404 2934 441 2993 at
464 2928 597 2992 dentes
622 2927 860 2992 candidiores
879 2927 990 2991 lacte.
1020 2926 1159 3011 Exposui
1182 2928 1260 2991 haec
1284 2926 1434 2992 aduersus

291 3036 511 3100 Manichaeum
535 3035 691 3099 Faustum
720 3034 888 3117 disputans
918 3037 949 3097 et
973 3034 1051 3099 satis
1076 3053 1146 3099 esse
1170 3035 1313 3109 arbitror,
1344 3053 1435 3115 quau·

293 3146 363 3207 tum
395 3142 514 3206 ueritas
546 3141 732 3223 prophetiae
765 3142 862 3205 huius
895 3143 1013 3217 elucet3
1048 3140 1104 3204 ubi
1137 3142 1168 3204 et
1201 3160 1285 3205 mors
1320 3139 1436 3205 Christi

292 3249 455 3332 praedicta
481 3250 532 3311 est
559 3247 655 3311 uerbo
685 3246 884 3312 dormitionis
914 3250 946 3311 et
973 3266 1034 3311 non
1059 3247 1244 3325 necessitas,
1274 3248 1329 3311 sed
1352 3251 1437 3329 pote·
1454 3266 1478 3309 n

294 3360 359 3419 stas
386 3356 417 3418 in
446 3356 546 3418 morte
574 3354 699 3418 nornine
727 3354 840 3418 leonis.
871 3352 972 3433 Quam
1002 3356 1194 3435 potestatem
1217 3354 1248 3416 in
1274 3353 1436 3437 euangelio

294 3462 363 3543 ipse
382 3460 543 3543 praedicat
562 3459 684 3523 dicens:
708 3460 943 3523 Potastatem
963 3460 1079 3524 habeo
1098 3458 1260 3542 ponendi
1281 3460 1437 3523 animam

295 3587 411 3631 meam
430 3569 467 3630 et
486 3569 716 3647 potestatem
736 3565 854 3629 habeo
874 3566 1012 3629 iterum
1032 3566 1203 3631 sumendi
1218 3584 1308 3629 earu.
1327 3566 1437 3629 Nemo

297 3692 375 3738 eam
407 3673 515 3736 tollit
548 3691 662 3755 amo;
698 3672 761 3737 sed
790 3691 857 3755 ego
891 3692 968 3737 eam
992 3692 1087 3759 pono
1112 3692 1130 3736 a
1153 3692 1218 3751 me,
1245 3676 1281 3736 et
1303 3672 1438 3737 iterum

387 3899 420 3953 12
439 3898 507 3953 Gen.
525 3899 570 3965 49,
588 3898 606 3952 8
624 3914 684 3968 sqq.
740 3899 774 3952 23
793 3898 854 3965 XII,
876 3916 896 3953 c.
916 3900 950 3952 42
1006 3900 1040 3953 27
1059 3898 1099 3953 Ιο.
1121 3898 1161 3963 10,
1183 3898 1215 3952 17
1236 3914 1275 3968 sq.

334 4066 451 4121 21ucob
472 4082 560 4135 osup
605 4066 694 4119 4Dei
713 4082 764 4120 om.
784 4066 810 4119 οἱ
856 4022 945 4134 Vedio,
964 4066 1139 4133 litterarii)
1154 4082 1245 4129 erasa
1263 4065 1290 4118 V
1324 4062 1442 4119 81srael

297 4157 417 4225 ipsiuau
482 4156 515 4209 10
533 4155 605 4209 filios
624 4170 722 4208 auosu
786 4156 820 4208 14
840 4155 1050 4225 gerrerationep
1110 4155 1143 4210 15
1161 4154 1230 4208 mihi
1252 4153 1279 4206 V
1350 4168 1441 4207 ascen·

299 4245 409 4299 distisc
473 4245 506 4297 16
526 4244 572 4313 qui
596 4242 643 4296 Vc
715 4243 861 4296 susoitauit
883 4243 909 4297 V
974 4244 1009 4297 20
1027 4243 1133 4296 leuauit
1156 4242 1182 4295 V
1242 4243 1274 4295 21
1297 4242 1443 4296 annctuse

298 4335 333 4387 26
351 4333 380 4397 ip
399 4334 518 4397 morter
572 4331 607 4385 28
626 4333 750 4384 etnemo
767 4348 785 4399 9
