3192 4959
377 428 428 481 De
455 427 628 482 ciuitate
657 427 718 484 dei
745 428 811 484 lib.
834 429 891 484 XV.
916 447 990 500 cap.
1015 431 1058 485 21.
1224 434 1286 498 107

148 620 384 689 inuncabunt
411 625 558 690 nomina
585 645 712 692 eorum
738 627 774 692 in
803 627 917 694 terris
944 627 1126 710 ipsorum
1159 632 1290 711 propter

147 731 226 811 quod
253 733 400 814 sequitur
428 751 481 798 ecs
511 733 594 816 quod
621 734 653 798 in
683 733 744 800 alio
776 735 900 818 psalmo
933 735 1087 818 scriptum
1120 737 1183 799 est:
1220 734 1288 800 Do·

146 837 248 916 mire,
281 838 319 904 in
352 839 514 906 ciuitate
547 847 611 906 tua
643 841 846 928 imaginem
883 859 1008 907 eorum
1045 841 1089 905 ad
1125 839 1288 906 nihilum

146 944 303 1029 rediges.
339 946 442 1012 Filius
480 953 586 1014 autem
619 947 708 1030 Seth,
741 948 802 1014 hoc
840 951 890 1014 est
920 947 1007 1014 filins
1038 947 1287 1024 resurrectionis,

119 1056 245 1134 asperet
272 1052 420 1117 inuocare
448 1072 561 1118 nornen
588 1054 717 1120 Domini
745 1054 819 1130 Dei;
853 1073 923 1120 eam
953 1055 1070 1138 quippe
1103 1053 1288 1120 societatem

145 1160 306 1224 hominum
333 1159 525 1244 praefigurat
552 1180 631 1244 quae
660 1159 750 1226 dicit:
787 1161 865 1245 Ego
898 1164 1023 1226 autem
1055 1160 1157 1224 sicut
1185 1159 1289 1224 oliuo

145 1267 343 1332 fructifera
370 1267 406 1330 in
436 1267 542 1334 domo
570 1266 640 1332 Dei
669 1268 820 1350 speraui
847 1267 885 1334 in
911 1267 1176 1332 misericordia
1203 1264 1285 1342 Dei;

144 1393 235 1438 uanas
269 1379 378 1439 autem
411 1373 528 1460 glorias
556 1374 670 1440 famosi
697 1375 730 1439 in
758 1379 842 1440 terra
869 1375 1006 1440 nominis
1038 1394 1100 1440 non
1132 1371 1285 1457 requirat;

143 1479 272 1545 beatus
308 1484 358 1544 est
390 1481 472 1545 enim
503 1481 572 1560 uir,
610 1483 718 1547 cuius
756 1486 814 1546 est
850 1502 979 1548 nomen
1012 1479 1162 1546 Domini
1199 1498 1286 1564 spes

106 1586 229 1664 acius,
259 1590 300 1652 et
331 1606 401 1652 non
435 1589 603 1671 respexit
629 1589 665 1654 in
698 1587 891 1655 uanitatee
925 1594 962 1654 et
991 1588 1160 1654 insanias
1193 1605 1287 1650 meu-

144 1692 257 1760 daees.
293 1693 470 1780 Propositis
493 1695 602 1778 itaque
626 1695 749 1762 duabus
774 1697 971 1772 ciuitatibus,
995 1715 1058 1760 una
1080 1696 1111 1759 in
1134 1713 1167 1758 re
1190 1693 1287 1758 huius

143 1802 268 1879 saeculi,
292 1803 391 1866 altera
413 1803 444 1866 in
469 1820 524 1884 spe
543 1801 613 1880 Dei,
634 1807 795 1886 tamquam
821 1823 857 1868 en
880 1802 1051 1879 communi,
1076 1820 1155 1883 quae
1179 1804 1288 1884 aperta

143 1913 187 1972 est
208 1909 238 1972 in
261 1908 377 1986 Adam,
401 1909 495 1974 ianua
518 1910 722 1976 mortalitatis
747 1911 896 1994 egressis,
915 1915 953 1976 ut
975 1913 1159 1994 procurrant
1182 1912 1215 1980 ,et
1237 1927 1286 1972 er·

143 2019 263 2080 currant
294 2017 333 2106 ad
362 2015 516 2082 discretos
548 2016 691 2100 proprios
725 2035 761 2082 ac
794 2016 918 2082 debitos
947 2018 1036 2094 lines,
1060 2017 1173 2100 incipit
1196 2015 1286 2079 dinu-

108 2123 268 2188 numeratio
300 2126 494 2206 temporum3
527 2123 558 2187 in
588 2143 648 2206 qua
677 2127 710 2188 et
736 2123 816 2188 aliae
845 2124 1063 2208 generationes
1095 2123 1285 2198 adiciuntur,

141 2229 219 2294 facta
254 2229 520 2314 recapitulatione
554 2249 590 2294 ex
620 2228 733 2308 Adam,
768 2249 804 2294 ex
841 2230 932 2296 cuius
969 2230 1090 2315 origine
1127 2229 1285 2310 damnata,

141 2334 236 2400 ueluti
265 2355 375 2400 messa
401 2355 464 2400 una
490 2336 621 2400 meritae
646 2334 839 2402 damnationi
863 2336 989 2413 tradita,
1012 2336 1090 2402 facit
1111 2335 1201 2400 Deus
1224 2335 1286 2400 alia

141 2443 169 2506 in
192 2442 420 2508 contumeliam
443 2461 521 2507 uasa
543 2443 618 2521 irae,
638 2443 700 2507 alia
721 2441 754 2506 in
774 2442 925 2508 honorem
945 2461 1023 2508 uasa
1040 2441 1285 2520 misericordiae,

141 2549 200 2614 illis
227 2548 365 2614 reddens
395 2549 480 2633 quod
508 2547 641 2614 debetur·
667 2549 700 2614 in
727 2567 838 2633 poena,
862 2549 935 2616 istis
963 2549 1083 2615 donans
1111 2548 1196 2632 quod
1224 2567 1283 2613 non

104 2655 270 2722 redebetur
301 2656 335 2719 in
366 2655 481 2740 gratim
515 2659 552 2720 ut
584 2675 619 2720 ex
650 2655 720 2738 ipsa
753 2656 849 2720 etiam
881 2657 1103 2740 conparatione
1134 2674 1284 2720 uasorum

140 2764 198 2828 irae
225 2783 365 2848 superna
394 2763 508 2828 ciuitas
537 2762 648 2844 discat,
678 2781 758 2845 quae
785 2764 1004 2847 peregrinatur
1030 2763 1061 2826 in
1091 2762 1194 2840 terris,
1223 2780 1285 2826 non

140 2869 229 2935 fidere
250 2870 402 2936 libertate
427 2869 548 2934 arbitrii
572 2869 633 2946 sui,
653 2869 711 2934 sed
730 2873 837 2952 speret
857 2870 1005 2936 inuocare
1023 2889 1138 2934 nomen
1156 2868 1286 2933 Domini

141 2975 203 3042 Dei.
228 2975 388 3058 Quoniam
412 2975 562 3042 uoluntas
584 2977 618 3040 in
641 2980 763 3052 natura,
788 2996 867 3060 quae
891 2977 976 3042 iacta
1000 2980 1050 3042 est
1071 2976 1154 3041 bona
1177 2995 1195 3039 e
1218 2975 1284 3039 Deo

140 3083 226 3160 bono,
250 3083 309 3160 sed
338 3084 504 3150 mutabilis
533 3083 571 3148 ab
599 3083 790 3164 inmutabili,
815 3085 890 3166 quia
912 3103 948 3148 ex
970 3084 1081 3158 nihilo,
1106 3087 1139 3148 et
1161 3103 1180 3148 a
1202 3082 1283 3147 bono

103 3211 124 3251 a
139 3192 241 3272 potest
265 3191 437 3267 declinare,
461 3195 499 3255 ut
520 3191 617 3256 iaciat
640 3192 770 3269 malum,
796 3191 882 3273 quod
904 3191 941 3256 lit
963 3191 1063 3256 libero
1088 3190 1227 3267 arbitrio,
1252 3198 1285 3254 et

141 3297 271 3374 amalo,
297 3300 336 3362 ut
363 3297 459 3362 faciat
488 3298 617 3374 bonum,
642 3297 726 3380 quod
749 3315 811 3362 non
834 3297 871 3361 fit
895 3296 962 3361 sine
985 3296 1093 3360 diuino
1117 3295 1283 3360 adiutorio.

170 3540 297 3596 deornm
322 3541 841 3612 Vabp;illornmc;ipecrumepo
893 3541 1053 3612 ,nihilorf
1113 3543 1283 3596 9eatenim

138 3645 209 3697 mae.,·
227 3635 271 3684 est
289 3645 379 3685 cmm
438 3635 480 3684 est
494 3636 560 3699 poet
579 3631 655 3684 cuius
674 3647 724 3686 oue.
746 3631 770 3686 e¹
823 3631 856 3685 10
874 3631 994 3700 ipsiuse
1045 3633 1077 3685 15
1097 3631 1167 3684 eliae
1187 3629 1283 3684 adaco

141 3745 169 3798 17
187 3703 282 3800 ueluti
297 3745 325 3800 V
403 3745 470 3800 facit
493 3746 584 3800 Va¹d
601 3745 717 3815 Domb.‚·
735 3745 802 3800 iecit
821 3744 950 3816 a²eprv
1020 3745 1053 3801 18
1072 3746 1237 3801 contumelia
1260 3745 1285 3798 V

138 3832 233 3888 honore
256 3835 284 3889 V
356 3835 391 3888 23
411 3835 454 3890 dei
473 3835 548 3906 suip
620 3835 766 3890 immatura
788 3834 823 3888 V¹
891 3835 926 3889 24
945 3835 993 3889 sed
1010 3835 1194 3904 mperacnptc
1213 3850 1282 3888 cerr.

139 3937 168 3975 m.
187 3927 215 3976 et
235 3923 263 3977 V
