3192 4959
315 444 377 508 168
657 443 684 498 S.
711 442 866 496 Aurelii
894 444 1109 512 Augustini

314 636 608 702 conuersationibus
640 635 804 701 bominum
838 655 871 700 se
897 641 1093 714 remoueant‚
1127 637 1213 701 siout
1239 639 1354 715 turtur,
1388 638 1456 701 siue

312 743 394 806 inter
424 743 496 808 illas
530 743 655 828 degant.
689 743 775 808 siout
807 744 970 820 columba3
1002 747 1136 827 utraque
1169 747 1274 808 tamen
1308 744 1378 808 auis
1409 756 1457 808 est

313 848 447 931 simplex
475 853 506 916 ot
532 850 666 928 innoxia,
696 849 877 933 significans
907 854 939 914 et
965 850 997 913 in
1024 850 1096 932 ipso
1123 851 1299 915 Israelitioo
1327 851 1456 933 populo.

314 956 365 1019 oui
388 959 471 1020 terra
493 957 550 1020 illa
573 957 674 1021 danda
697 960 772 1033 erat,
792 957 917 1021 tuturos
936 956 1117 1021 indiuiduos
1135 957 1218 1023 filios
1236 958 1457 1039 promissionis

314 1066 346 1125 et
377 1062 508 1126 herodes
540 1063 628 1146 regni
661 1063 692 1126 in
721 1068 848 1128 aeterna
875 1063 1029 1127 felicitate
1056 1063 1207 1128 mansuri.
1234 1063 1321 1128 Aues
1348 1067 1453 1128 antem
1481 1087 1492 1124 s

314 1169 539 1232 descendentes
577 1188 672 1252 snpra
710 1189 849 1252 corpora,
893 1189 972 1251 qnae
1010 1169 1115 1234 diuisa
1151 1174 1249 1248 erant,
1286 1189 1347 1234 non
1384 1171 1458 1235 boni

314 1275 444 1356 aliquid,
475 1275 532 1340 ssd
565 1276 696 1358 spiritus
728 1276 869 1340 indicant
902 1275 982 1340 aeris
1010 1277 1117 1353 buius,
1146 1280 1273 1359 pastum
1301 1277 1456 1359 quendam

315 1401 408 1445 suum
443 1380 481 1446 de
514 1381 685 1446 carnalium
720 1382 877 1448 diuisione
907 1387 1105 1465 quaerentes.
1139 1381 1231 1462 Quod
1258 1386 1365 1447 autern
1392 1383 1457 1448 illis

315 1488 458 1552 coneedit
480 1489 648 1572 Abrabam,
677 1489 836 1574 signifieat
858 1490 954 1555 etiam
977 1491 1059 1554 inter
1079 1489 1153 1554 illas
1181 1490 1354 1555 carnalium
1379 1490 1458 1554 dini-

315 1595 420 1659 sioues
450 1614 541 1660 ueros
570 1615 671 1680 usque
699 1597 730 1660 in
761 1597 854 1660 finem
881 1600 1140 1680 perseueraturos
1164 1597 1285 1663 fideles.
1312 1596 1354 1662 Et
1376 1597 1460 1660 eirea
1476 1617 1499 1657 ιο

315 1702 393 1766 solis
421 1721 567 1768 oceasum
597 1704 682 1786 quod
709 1723 809 1787 pauor
834 1704 934 1770 inruit
959 1705 991 1769 in
1014 1704 1173 1769 Abrabam
1202 1708 1235 1769 et
1255 1704 1352 1768 timor
1375 1707 1459 1768 tene-

315 1807 429 1873 brosus
456 1829 590 1895 magnus
620 1811 779 1896 signifieat
807 1811 891 1876 oiroa
918 1811 1014 1876 buius
1042 1810 1163 1876 saeculi
1189 1809 1283 1875 finem
1311 1830 1458 1895 magnam

315 1915 584 1997 perturbationem
624 1937 659 1982 ao
695 1917 932 1983 tribulationem
964 1918 1103 1982 futuram
1135 1917 1289 1992 fidelium,
1326 1917 1365 1981 de
1397 1937 1461 1999 qua

316 2021 472 2087 Dominus
505 2023 583 2088 dioit
615 2024 646 2088 in
681 2025 862 2110 euangelio:
895 2025 976 2089 Erit
1009 2025 1104 2088 enim
1136 2027 1224 2088 tuno
1256 2023 1459 2088 tribulatio

317 2147 459 2212 magna.
485 2131 609 2212 qualis
633 2151 702 2196 non
727 2131 803 2196 fuit
826 2133 869 2196 ab
893 2131 1014 2196 initio.
1479 2150 1501 2189 ιε

362 2231 454 2312 Quod
476 2257 552 2302 nero
577 2239 698 2303 dietum
722 2243 773 2304 est
792 2240 830 2304 ad
850 2239 1025 2303 Abraham:
1052 2237 1214 2302 Soiondo
1239 2237 1349 2314 scies,
1373 2238 1462 2317 qnia

316 2343 555 2426 peragrinum
585 2345 659 2410 erit
682 2364 807 2410 semen
831 2349 936 2410 tuum
958 2343 995 2408 in
1023 2347 1124 2408 terra
1147 2363 1216 2408 non
1239 2344 1400 2425 propris,
1427 2346 1462 2405 et

315 2447 351 2511 in
381 2451 609 2515 seruitutem
639 2452 813 2535 redigent
841 2471 903 2516 eos
927 2456 963 2516 et
992 2451 1179 2535 adfligent
1203 2469 1266 2514 eos
1290 2448 1463 2531 quadrin-

317 2555 443 2637 gentis
474 2557 589 2636 annis‚
618 2557 657 2622 de
684 2558 803 2640 populo
830 2557 939 2635 Israel,
968 2556 1022 2639 qui
1044 2556 1148 2620 fuerat
1173 2555 1206 2620 in
1229 2555 1374 2638 Aegypto
1398 2573 1462 2619 ser-

316 2660 454 2739 uiturus,
487 2664 686 2746 apertissime
719 2664 941 2747 prophetatum
974 2665 1036 2738 eutr
1076 2682 1136 2728 non
1170 2663 1254 2744 qnod
1285 2663 1317 2726 in
1350 2660 1463 2725 eadem
1480 2681 1504 2721 ao

317 2768 471 2832 seruitute
496 2770 555 2834 sub
578 2771 744 2853 Aegyptiis
769 2769 994 2853 adfligentibus
1018 2768 1266 2853 quadringentos
1289 2785 1387 2832 annos
1406 2766 1464 2830 illo

317 2875 455 2954 populus
488 2875 592 2940 fuerat
622 2879 819 2958 peracturus.
853 2876 908 2940 sed
941 2876 973 2940 in
1000 2876 1081 2958 ipsis
1109 2873 1348 2959 quadringentis
1372 2872 1465 2937 annis

317 2982 573 3061 praenuntiatum
597 2985 646 3047 est
669 2983 727 3047 boo
750 2982 905 3047 futurum.
927 2979 1029 3060 Quem
1049 2979 1236 3046 admodum
1256 2980 1339 3044 enim
1364 2979 1466 3061 scrip-

318 3091 387 3151 tum
411 3091 461 3152 est
484 3089 522 3153 do
546 3088 648 3152 Thera
670 3091 757 3172 patre
780 3088 940 3153 Abrahae:
970 3089 1016 3153 ut
1038 3088 1192 3152 fuerunt
1215 3087 1294 3152 dies
1318 3085 1466 3150 Tbarae

318 3194 354 3256 in
380 3193 518 3258 Charra
546 3194 713 3276 quinque
737 3197 774 3258 et
802 3194 958 3259 ducenti
982 3194 1077 3273 anni,
1101 3213 1163 3258 non
1187 3195 1262 3276 quia
1283 3192 1328 3256 ibi
1351 3211 1464 3256 omnes
1482 3219 1505 3254 r.

319 3298 381 3364 aeti
414 3305 498 3377 sunt,
533 3300 588 3364 sed
621 3301 696 3384 quia
719 3301 765 3364 ibi
793 3301 937 3382 conpleti
966 3303 1057 3365 sunt:
1091 3301 1137 3365 ita
1166 3303 1199 3364 et
1221 3299 1274 3364 bio
1297 3303 1467 3381 propterea

317 3407 541 3489 interpositum
561 3409 624 3472 est:
648 3408 693 3472 Et
711 3408 747 3472 in
767 3407 997 3472 seruitutem
1015 3407 1191 3491 redigent
1209 3425 1276 3471 eos
1296 3409 1333 3470 ot
1352 3405 1466 3470 adfli-

320 3517 407 3597 gent
435 3533 496 3579 eos
526 3513 815 3598 quadringentis
844 3515 960 3592 annis,
990 3514 1138 3597 quoniam
1166 3513 1228 3577 iste
1255 3531 1409 3577 numerus
1434 3514 1465 3576 in

318 3619 427 3683 eadem
452 3619 629 3686 adflictione
654 3619 819 3704 conpletas
845 3623 904 3697 est,
928 3639 988 3684 non
1013 3621 1087 3703 qnia
1104 3619 1150 3683 ibi
1168 3619 1338 3685 uniuersus
1356 3637 1468 3701 perac-

318 3728 371 3788 tus
410 3729 468 3816 est.¹
511 3725 739 3811 Quadringenti
775 3745 850 3790 sane
887 3727 1036 3791 dicuntur
1072 3726 1144 3790 anui
1179 3728 1306 3809 propter
1341 3725 1469 3791 numeri
1484 3753 1510 3791 so

410 3953 443 4006 14
460 3953 510 4007 Mt.
530 3954 573 4016 24,
592 3954 624 4007 21
682 3955 717 4007 24
737 3952 804 4010 Gen.
825 3955 868 4019 11,
886 3955 921 4008 32

355 4079 563 4131 fimansurose
608 4079 757 4148 fisnporo
803 4078 975 4132 lindioate
1021 4077 1054 4132 10
1074 4093 1136 4131 uero
1161 4075 1323 4146 V5nirosp
1370 4075 1405 4131 14
1425 4076 1468 4130 di-

319 4167 392 4220 ritv
483 4168 515 4220 17
536 4169 635 4232 etnon
659 4167 685 4219 V
774 4168 806 4221 18
826 4172 851 4221 et
869 4169 902 4221 27
922 4166 1061 4221 rediente
1157 4169 1186 4219 et
1204 4165 1295 4234 adfiig.
1314 4181 1362 4219 eos
1381 4182 1470 4220 orne

319 4257 354 4310 23
373 4255 588 4324 hoc-scriptum
609 4259 651 4309 est
669 4273 720 4310 om.
740 4255 765 4309 e²
823 4257 858 4310 25
877 4272 969 4309 omnes
987 4254 1059 4308 ibis
1112 4255 1147 4307 26
1166 4253 1222 4307 siut
1239 4269 1273 4306 m.
1293 4257 1309 4306 1
1326 4253 1358 4307 iu
1375 4269 1436 4307 ras.
1456 4270 1471 4308 e

320 4359 412 4396 omnes
431 4345 527 4414 compl.
553 4343 578 4394 V
630 4346 663 4398 29
684 4344 785 4410 pqmeri
807 4344 933 4402 afflicte
985 4345 1021 4398 30
1040 4347 1184 4398 ostenae
