3192 4959
331 479 379 532 Do
404 479 579 533 ciuitate
603 479 665 532 dei
692 478 757 533 lib.
781 479 840 535 XX.
865 495 939 550 cap.
963 479 1006 534 24.
1035 481 1078 537 25.
1215 483 1280 548 495

127 675 212 740 euim
242 694 298 757 per
325 673 502 757 angelicum
531 673 745 738 ministerium
773 693 823 738 res
847 677 935 739 hanla
958 675 1136 759 peragenda
1159 680 1219 740 esi.
1245 675 1278 742 Si

126 786 235 848 autem
264 781 455 864 quaerimus,
484 799 564 862 quos
595 781 699 845 iustos
732 780 761 844 ei
793 781 1015 864 congregaturi
1048 785 1122 846 sunt
1155 783 1275 866 angeli:

127 889 198 969 Qui
228 888 443 970 disponunt,
471 887 583 970 inquit,
612 889 882 951 testamentum
911 887 992 952 eius
1023 907 1136 970 super
1164 890 1277 954 saeri-

126 995 229 1060 fieia
257 995 344 1058 Haeo
368 997 419 1058 osi
440 995 543 1058 omnis
567 993 636 1057 uita
658 993 832 1058 iustorum:
862 993 1027 1074 disponere
1050 997 1277 1060 testamentum

93 1124 106 1162 s
125 1102 187 1166 Dei
211 1121 308 1185 super
326 1099 489 1166 saen'ficia.
512 1102 579 1165 Ant
597 1100 680 1166 enim
701 1119 794 1183 opera
813 1101 1048 1166 misericordiae
1068 1106 1144 1168 sunt
1166 1121 1278 1185 super

126 1208 333 1279 sacrificia,
364 1207 399 1271 id
431 1211 481 1272 esi
510 1207 672 1272 sacrifieiis
703 1207 933 1290 praeponenda,
965 1208 1054 1272 iuxta
1087 1209 1276 1273 senientiam

126 1314 185 1378 Dei
224 1315 375 1380 dicentis:
412 1313 713 1378 Misericordiam
752 1314 839 1379 uolo
878 1333 986 1396 quam
1020 1314 1274 1390 sacrificium

125 1426 181 1486 aut
210 1422 238 1485 si
272 1441 385 1495 super
417 1419 616 1485 sacrificia
643 1420 684 1484 ‘in
715 1421 890 1485 sacrifieiis'
917 1420 1116 1504 intellegitur
1143 1419 1274 1498 diorum,

125 1547 187 1610 quo
210 1527 306 1592 modo
331 1531 564 1608 superterram
588 1526 654 1590 fieri
678 1526 795 1591 dieitur
819 1527 903 1609 quod
926 1525 962 1592 fir
989 1526 1100 1608 ulique
1123 1527 1154 1590 in
1177 1529 1275 1592 derra:

84 1655 109 1694 ro
125 1633 268 1716 prolecto
295 1633 366 1716 ipsa
395 1652 488 1716 opera
515 1632 749 1699 misericordiae
777 1637 853 1697 suni
876 1633 1040 1708 sacrificia,
1070 1633 1186 1714 quihus
1210 1634 1275 1716 pla-

124 1745 215 1805 cetur
237 1739 317 1817 Deo,
344 1740 430 1804 sient
450 1740 483 1804 in
506 1739 586 1803 libro
611 1739 707 1804 huius
731 1739 835 1822 operis
860 1739 981 1804 decimo
1010 1759 1061 1803 me
1085 1739 1274 1804 disseruisse

123 1846 323 1921 reminiscor;
351 1846 383 1909 in
412 1845 529 1928 quibus
557 1845 706 1928 operibus
736 1845 909 1927 disponunt
935 1845 1014 1910 iusti
1046 1849 1274 1912 testamentum

123 1953 194 2027 Dei,
228 1953 304 2035 quia
334 1955 463 2036 propter
488 1951 726 2034 promissiones,
759 1970 840 2032 quae
868 1971 951 2018 norro
981 1952 1049 2016 eius
1082 1955 1272 2018 testamento

123 2059 335 2134 eontinentur,
367 2060 446 2124 haee
477 2058 608 2123 faciunt.
643 2058 733 2122 Unde
760 2059 961 2142 congregatis
990 2058 1052 2124 sibi
1081 2059 1176 2123 iustis
1206 2059 1273 2124 suis

81 2171 155 2230 net
187 2165 228 2230 ad
261 2185 351 2230 suam
384 2166 542 2230 dextoram
580 2165 763 2230 constitutis
801 2166 976 2232 nouissimo
1010 2167 1122 2249 utique
1153 2165 1272 2231 indicio

121 2273 268 2337 dicturus
288 2277 337 2336 est
356 2272 516 2338 Christus:
537 2272 682 2350 Venite,
701 2271 895 2336 benedicti
914 2272 1034 2354 patris
1055 2272 1136 2350 mei,
1155 2273 1273 2355 possi·

122 2379 208 2444 dele
242 2382 412 2461 paratum
444 2379 553 2443 uobis
587 2397 741 2462 regnum
776 2398 793 2442 a
827 2378 1104 2443 constitutione
1134 2377 1272 2444 mundi.

120 2485 277 2550 Esuriui
310 2472 415 2564 enim,
449 2489 485 2550 et
517 2485 680 2550 dedistis
713 2484 805 2549 mihi
837 2485 1071 2553 manducare.
1105 2487 1138 2548 ol
1170 2488 1273 2549 uetera

121 2609 202 2672 qnae
234 2591 280 2654 ibi
311 2591 513 2672 proferuntur
546 2590 583 2654 de
614 2589 768 2655 bonorum
803 2589 951 2673 operibus
985 2589 1074 2654 honis
1104 2592 1136 2653 el
1164 2608 1271 2654 eorum

77 2715 104 2755 ao
120 2697 272 2778 praemiis
295 2696 497 2780 sempiternis
520 2696 746 2778 penultimam
769 2696 958 2760 sententiam
981 2696 1163 2760 iudicantis.

568 2888 705 2954 CAPUT
728 2888 827 2952 XXV.

121 3030 172 3096 De
195 3030 397 3113 prophetia
420 3029 671 3105 hialaehielis‚
696 3048 764 3111 qua
790 3029 858 3092 Dei
882 3028 1065 3092 iudicium
1090 3029 1269 3092 ultimum

122 3139 338 3204 declaratur
370 3141 408 3200 et
439 3135 669 3218 quorundam
708 3135 851 3198 dieitur
881 3153 946 3216 per
979 3134 1269 3217 purificatorias

410 3261 549 3326 poenas
572 3240 745 3305 iacienda
767 3241 972 3305 mundatio.

74 3403 102 3445 as
162 3385 322 3468 Propheta
354 3382 525 3448 hlaleohiel
562 3383 630 3446 siue
662 3381 810 3457 Malachi,
849 3381 903 3463 qui
936 3384 969 3445 el
999 3381 1129 3465 angelus
1163 3381 1267 3446 dietus

120 3496 178 3566 est,
204 3491 259 3573 qui
283 3491 380 3554 etiam
403 3489 520 3553 Esdras
545 3487 702 3556 sacerdos,
727 3487 818 3552 onius
843 3487 906 3550 alia
929 3487 958 3550 in
981 3506 1130 3552 canonem
1151 3486 1269 3567 scripta

118 3601 248 3680 recepta
278 3599 363 3672 suni,
398 3595 436 3660 ab
466 3594 626 3677 aliquibus
655 3593 794 3657 creditur
821 3591 908 3676 (nam
938 3594 976 3657 de
1004 3593 1059 3658 illo
1089 3594 1168 3658 hano
1198 3611 1267 3655 esse

207 3841 223 3894 7
245 3839 315 3894 Osee
334 3840 360 3903 6,
378 3839 395 3892 6
451 3839 483 3892 11
504 3854 526 3894 e.
546 3837 563 3891 6
619 3837 652 3890 16
671 3836 719 3889 Mt.
740 3836 783 3898 25,
804 3837 838 3888 34

156 4019 362 4072 ltantareso
403 4011 887 4083 2sunthppo5sintocDomh.
925 4011 1265 4080 heutonim]autemh

118 4106 292 4160 9litom.h
385 4106 418 4158 14
437 4104 503 4158 aab
584 4103 617 4156 19
637 4106 665 4155 et
684 4101 903 4168 eorumbepp‚·
922 4103 949 4154 et
968 4100 1001 4153 de
1022 4099 1265 4154 eoruvaomh.

118 4195 155 4248 20
172 4193 360 4249 indicandisb
452 4193 485 4246 22
504 4189 693 4244 malachihelis
709 4191 760 4258 μὴ
782 4189 932 4242 malachiae
949 4205 1020 4256 pqv
1112 4189 1145 4242 23
1166 4205 1265 4257 purga·

116 4285 203 4336 terias
217 4301 240 4352 p
284 4284 319 4336 25
337 4281 482 4336 malachiel
501 4279 579 4347 b¹ep
590 4297 646 4348 ρα;
664 4278 826 4332 nralaohihel
846 4294 904 4345 ap‚·
922 4276 1068 4330 malachias
1087 4275 1140 4332 b²v
1194 4277 1264 4346 siue]

119 4379 151 4425 et
169 4373 185 4425 h
239 4373 273 4426 26
291 4370 404 4425 hesdras
420 4388 452 4440 p;
470 4367 561 4423 ezdras
580 4385 608 4433 ι;
626 4384 699 4421 ezras
713 4385 736 4435 p
810 4383 911 4420 canone
931 4365 946 4420 h
