3192 4959
381 454 431 508 De
460 453 633 507 ciuitate
662 452 723 506 dei
751 453 816 506 lib.
840 451 897 509 XX.
926 471 1001 524 cap.
1026 457 1050 508 5.
1078 459 1102 510 6.

166 649 391 727 maledieti,
431 649 469 712 in
506 647 638 732 ignem
681 653 899 726 aeternum,
944 649 1011 730 qui
1047 653 1215 732 paratus
1254 655 1317 716 est

167 756 332 820 diabolo
357 759 396 820 et
418 755 577 839 angelis
602 755 701 818 eius.
730 755 852 818 Deinde
876 754 1024 818 similiter
1048 755 1142 819 etiam
1168 755 1217 820 his
1242 777 1316 821 enu-

164 866 274 941 merat,
299 862 383 944 quod
404 862 461 926 illa
483 881 544 925 non
568 857 710 938 fecerint,
734 881 815 944 quae
836 863 960 926 dextros
980 863 1095 928 iecisse
1114 864 1314 928 memorauit.

166 969 384 1052 Similiterque
409 968 689 1052 interrogantibus,
719 969 844 1050 quando
874 989 945 1032 eum
976 969 1113 1034 uiderint
1140 970 1171 1034 in
1200 971 1313 1035 horum

135 1077 339 1161 sindigentia
371 1075 597 1140 constitutum:
632 1075 715 1157 quod
749 1076 887 1140 minimis
920 1077 988 1141 suis
1016 1095 1077 1140 non
1106 1077 1225 1142 factum
1256 1085 1315 1156 est,

164 1183 227 1247 sibi
253 1183 374 1248 factum
402 1202 463 1246 non
491 1182 589 1246 inisse
617 1182 804 1264 respondet;
837 1201 1077 1265 sermonemque
1106 1185 1314 1249 concludens:

164 1291 213 1353 Et
239 1289 367 1366 ibunt,
394 1290 509 1371 inquit,
537 1288 578 1353 hi
608 1288 647 1352 in
676 1289 929 1372 supplicium
958 1295 1177 1368 aeternum,
1208 1291 1313 1355 iusti

165 1400 299 1461 autem
332 1396 369 1459 in
402 1395 529 1460 uitam
567 1399 781 1459 aeternam.
819 1395 974 1460 Iohannes
1007 1415 1084 1460 uero
1117 1399 1316 1480 euangelista

163 1503 364 1584 apertissime
391 1506 496 1566 narrat
524 1522 595 1567 eum
623 1502 655 1565 in
684 1503 915 1566 resurreetione
943 1506 1139 1567 mortuorum
1168 1503 1311 1569 futurum

121 1639 148 1674 ro
163 1609 357 1693 praedixisse
395 1608 561 1674 iudicium.
605 1609 685 1674 Cum
722 1609 805 1672 eninr
849 1609 996 1674 dixisset:
1038 1609 1184 1694 Neque
1213 1612 1314 1674 enim

163 1717 285 1780 Peter
307 1715 470 1779 iudicat
488 1735 736 1798 quemquem,
758 1715 826 1780 sed
846 1715 1045 1780 iudicium
1066 1736 1178 1780 omne
1198 1717 1315 1782 dedit

162 1823 282 1900 Filio,
307 1829 350 1887 ut
375 1842 511 1887 omnes
535 1822 816 1886 honorificent
837 1821 998 1896 Filium,
1025 1823 1135 1886 siout
1157 1823 1314 1887 honori-

163 1931 295 1994 ficant
329 1931 508 2005 Patrem3
547 1929 614 2011 qui
648 1949 720 1993 non
758 1928 1011 1993 honorificet
1042 1929 1205 2004 Filium,
1239 1951 1312 1995 non

163 2036 419 2101 honorificet
440 2037 614 2114 Patrem,
634 2035 700 2117 qui
720 2036 837 2099 misit
854 2035 989 2101 illum:
1009 2037 1154 2117 protinus
1173 2037 1312 2100 addidit:

123 2142 294 2215 nsAmen,
328 2162 437 2206 emen
472 2140 561 2206 dieo
595 2141 724 2218 uobis,
758 2141 862 2224 quia,
897 2141 965 2224 qui
992 2143 1157 2206 uerbum
1187 2162 1311 2206 meum

163 2248 282 2312 audit
305 2252 344 2313 et
367 2249 499 2312 eredit
522 2248 556 2312 ei
580 2249 649 2330 qui
672 2248 788 2312 misit
807 2267 873 2322 me,
898 2248 1019 2312 habet
1043 2249 1168 2312 uitam
1189 2255 1314 2313 aeter·

163 2375 261 2431 nam,
286 2359 325 2421 et
346 2357 384 2419 in
405 2355 604 2421 iuditium
624 2375 698 2419 non
719 2355 843 2428 uenit,
869 2355 938 2419 sed
957 2356 1129 2420 transiit
1149 2375 1166 2418 a
1185 2361 1313 2420 morte

162 2463 200 2526 in
225 2464 360 2528 uitem.
383 2464 464 2527 Eece
488 2463 541 2526 hio
564 2462 643 2526 dixit
665 2462 774 2527 fideles
794 2480 870 2526 suos
890 2462 922 2525 in
941 2461 1094 2526 iudicium
1115 2481 1176 2526 non
1195 2462 1313 2527 uenire.

163 2567 234 2648 Quo
266 2570 361 2634 modo
394 2587 467 2652 ergo
500 2587 556 2649 per
585 2566 741 2632 iudicium
774 2567 1006 2650 seperabuntur
1038 2585 1056 2630 a
1088 2567 1180 2631 melis
1214 2569 1246 2629 et
1273 2569 1312 2631 ad

122 2707 145 2745 n
163 2678 232 2740 eins
256 2676 415 2739 dexteram
440 2675 580 2751 stabunt,
608 2674 670 2738 nisi
693 2674 768 2756 quia
790 2673 851 2738 hoe
875 2675 944 2737 loeo
968 2673 1122 2738 iudicium
1147 2694 1202 2756 pro
1227 2673 1311 2737 dam-

162 2782 290 2847 natione
322 2782 453 2865 posuit?
489 2782 524 2844 In
556 2782 621 2846 tale
653 2781 771 2862 quippe
807 2779 961 2844 iudicium
995 2799 1055 2843 non
1088 2781 1225 2855 uenient,
1257 2779 1311 2860 qui

163 2890 299 2953 audiunt
321 2889 453 2952 uerbum
478 2888 546 2952 eius
571 2892 603 2953 ot
626 2888 758 2952 credunt
782 2889 820 2962 ei,
846 2887 900 2970 qui
925 2886 1013 2950 misit
1035 2888 1137 2951 illum.

627 3078 764 3145 CAPUT
792 3079 846 3143 VI.

252 3221 360 3302 Quae
385 3221 441 3286 sit
463 3221 591 3304 prima
613 3220 878 3296 resurreetio,
908 3239 1009 3302 quae
1034 3218 1219 3284 secunde,

122 3394 148 3434 ss
207 3365 329 3431 Deinde
366 3363 510 3448 adiungit
547 3368 579 3428 et
616 3363 707 3428 dicit:
748 3363 874 3438 Amen,
916 3381 1021 3426 amen
1061 3361 1149 3426 dieo
1184 3360 1310 3437 uobis,

165 3467 1312 3555 quieuenithoraetnunoest‚quandomortuiaudient

165 3599 302 3645 uocem
339 3577 424 3642 filii
462 3576 543 3654 Dei,
583 3579 621 3641 et
658 3576 726 3659 qui
764 3575 972 3640 audierint
1004 3575 1158 3638 uiuent.
1193 3573 1310 3638 Siout

166 3687 266 3751 enim
299 3686 419 3750 Pater
450 3684 575 3748 hebet
606 3683 732 3747 uitam
760 3683 799 3746 iu
829 3685 955 3746 semet
983 3681 1083 3762 ipso,
1113 3680 1172 3744 sie
1196 3679 1311 3743 dedit

253 3878 267 3930 ‘i
287 3877 337 3930 Mt.
356 3877 399 3940 25,
418 3875 451 3928 31
472 3891 531 3943 sqq.
588 3872 679 3926 1010.
699 3875 725 3936 5,
743 3873 778 3924 22
798 3889 856 3940 sqq.
912 3873 946 3923 25
965 3870 1002 3923 ib.
1022 3873 1047 3929 5,
1067 3871 1104 3923 25
1121 3885 1161 3936 sq.

197 4003 214 4055 2
233 4001 343 4054 diabolo
362 3999 485 4064 (diabulo
502 4004 529 4067 p)
551 3998 628 4051 codd.
644 4003 758 4065 praeter
776 4014 797 4064 ρ,
811 4012 838 4061 u;
857 3995 951 4048 nebulo
973 4012 985 4063 p
1005 3993 1102 4046 Domi).
1150 3993 1165 4046 3
1187 3992 1306 4060 dextros}

164 4092 230 4144 istos
248 4108 282 4144 m.
303 4095 323 4144 2
339 4091 372 4142 in
389 4105 473 4144 rane
523 4089 539 4140 5
557 4086 659 4140 fectum
677 4103 732 4138 non
752 4090 794 4137 est
812 4101 827 4138 v
882 4085 897 4133 e
917 4082 1057 4152 respondit
1076 4098 1180 4150 eppoq·
1198 4098 1308 4150 respon·

165 4179 239 4233 debit
255 4197 275 4248 p
348 4181 363 4232 7
384 4183 412 4231 et
430 4179 510 4231 ibunt
527 4177 618 4245 inquit
635 4175 664 4228 hi
684 4175 828 4242 obeppp
847 4173 961 4237 Dourb.,·
979 4175 1007 4224 et
1025 4171 1104 4223 ibunt
1123 4170 1151 4222 hi
1169 4169 1259 4238 inquit
1278 4189 1309 4236 α;

164 4273 191 4322 et
208 4270 245 4331 hi,
264 4269 363 4337 inquit,
382 4267 409 4320 in
430 4267 509 4335 suppl
537 4269 590 4320 eet.
609 4265 717 4317 ibunto
760 4264 791 4315 16
812 4261 977 4314 memisito
1014 4261 1047 4313 17
1068 4259 1143 4312 uenit
1163 4259 1309 4326 otepppe

163 4359 274 4426 Domb.;
293 4357 420 4411 uenietv
473 4357 573 4408 transit
592 4371 632 4422 ep
686 4353 713 4421 a]
734 4351 804 4418 dep
862 4352 893 4402 la
912 4349 1066 4412 inueniret
1121 4349 1154 4400 22
1175 4353 1203 4400 et
1217 4363 1267 4402 oris.
1283 4347 1307 4398 o¹

1220 4455 1254 4505 28
