3192 4959
373 446 421 499 De
450 444 624 499 ciuitate
653 443 715 498 dei
741 443 808 498 lib.
835 443 908 497 XVI.
936 460 1012 513 eap.
1042 443 1084 497 10.
1235 447 1298 512 145

150 640 307 706 uocabulo
340 639 516 704 nominauit
548 639 715 704 Abraham.
752 639 851 704 Fiunt
881 639 989 721 itaque
1021 639 1093 704 anni
1126 659 1145 704 a
1177 639 1298 704 diluuio

150 767 250 830 usque
279 747 320 812 ad
342 746 500 811 Abraham
528 747 616 812 mille
645 746 849 830 septuaginta
877 749 910 810 et
937 746 999 811 duo
1028 745 1204 810 seeundum
1227 747 1298 811 uul-

150 857 257 937 getem
290 853 473 930 editionem,
507 853 567 918 hoe
600 856 650 918 est
680 855 889 936 interpretum
923 853 1136 936 septuaginta.
1169 852 1204 918 Iu
1235 853 1298 918 He-

149 961 252 1026 braeis
276 963 384 1024 autem
407 959 571 1026 oodioibus
594 960 689 1044 longe
712 960 878 1043 pauciores
904 979 1001 1026 anuos
1024 959 1190 1042 perhibent
1209 960 1297 1024 iuue-

121 1069 220 1145 ⁵niri,
244 1068 283 1132 de
306 1067 424 1149 quibus
443 1068 597 1132 rationem
616 1071 673 1130 aut
691 1067 811 1130 nullam
831 1069 887 1130 eut
906 1065 1125 1130 difficillimam
1150 1065 1297 1131 reddunt.

193 1173 273 1239 (lum
303 1193 376 1257 ergo
406 1175 587 1255 quaerimus
617 1173 648 1237 in
678 1173 743 1237 illis
772 1172 977 1257 septuaginta
999 1172 1122 1237 duabus
1147 1172 1296 1256 gentibus

149 1280 313 1345 ciuitatem
338 1279 408 1356 Dei,
433 1298 493 1343 uon
517 1297 689 1360 possumus
714 1278 879 1343 adfirmare
896 1279 952 1343 illo
972 1284 1124 1362 tempore,
1149 1298 1212 1360 quo
1232 1282 1298 1344 erat

149 1387 194 1452 eis
218 1386 338 1451 labium
363 1405 470 1462 unum,
496 1386 528 1456 id
552 1391 601 1450 est
624 1386 764 1468 loquella
787 1405 859 1462 uua,
883 1389 960 1450 tuno
983 1386 1047 1450 iam
1067 1405 1166 1470 genus
1186 1385 1295 1449 huma·

149 1515 222 1558 num
253 1493 424 1558 alienatum
453 1493 554 1558 fuisse
585 1514 603 1558 a
631 1492 720 1558 eultu
748 1491 817 1556 ueri
841 1492 910 1570 Dei,
939 1495 983 1558 ita
1007 1495 1098 1558 utin
1122 1493 1200 1558 solis
1223 1493 1295 1557 istis

112 1600 404 1685 regenerationibus
441 1599 543 1682 pietas
582 1619 655 1664 uera
691 1602 879 1676 remaneret,
917 1617 997 1682 quae
1030 1599 1226 1664 descendunt
1258 1600 1296 1664 de

148 1707 267 1772 semine
302 1705 376 1772 Sem
407 1725 463 1790 per
489 1707 650 1790 Arphexet
679 1710 712 1772 et
742 1707 876 1772 tendunt
903 1704 942 1772 ad
969 1706 1143 1782 Abraham
1171 1707 1230 1771 sed
1256 1707 1296 1772 ab

148 1814 202 1877 illa
230 1814 380 1894 superbie
407 1812 618 1878 aedificandae
646 1813 742 1878 turris
766 1833 868 1896 usque
896 1813 926 1877 in
957 1813 1091 1890 eaelum,
1120 1833 1183 1895 qua
1211 1813 1297 1894 inpia

148 1919 344 2002 significatur
363 1920 468 2001 elatio,
488 1919 635 2001 apperuit
654 1920 779 1997 dirutae,
804 1919 864 1984 hoc
889 1923 939 1984 est
957 1919 1103 1995 societas,
1127 1919 1294 2001 inpiorum.

150 2025 261 2090 Utrum
291 2027 398 2108 itaque
427 2029 497 2092 aute
525 2047 585 2092 non
615 2027 712 2091 fuerit
735 2047 773 2090 en
797 2027 938 2104 latuerit,
967 2047 1005 2090 en
1028 2026 1136 2109 potius
1161 2028 1294 2108 utraque

112 2149 132 2186 n
147 2133 365 2213 permanserit,
393 2133 446 2214 pia
475 2133 599 2198 scilieet
625 2133 657 2196 in
686 2133 811 2198 duobus
838 2133 914 2198 filiis
942 2133 1021 2209 Noe,
1054 2132 1108 2216 qui
1136 2135 1295 2201 benedieti

149 2243 230 2318 suut,
265 2258 437 2320 eorumque
464 2240 618 2322 posteris;
654 2239 738 2322 inpia
767 2259 842 2304 uero
870 2240 902 2304 in
933 2259 980 2316 eo,
1015 2241 1068 2323 qui
1103 2241 1294 2306 maledictus

148 2351 204 2422 est,
229 2345 331 2428 adque
352 2345 420 2410 eius
443 2347 603 2429 progenie,
623 2345 679 2410 ubi
699 2346 794 2411 etiarn
815 2350 942 2412 exortus
962 2348 1012 2411 est
1030 2347 1143 2431 gigans
1164 2353 1294 2414 uenator

148 2457 253 2516 eontra
280 2451 464 2528 Dominum,
495 2471 554 2516 non
586 2454 636 2516 est
663 2452 847 2517 diiudicatio
871 2453 984 2518 facilis.
1015 2452 1175 2518 Fortassis
1200 2453 1292 2532 enim,

148 2558 228 2639 quod
260 2559 402 2641 profecto
437 2565 486 2623 est
518 2558 712 2636 credibilius,
751 2563 782 2623 et
814 2558 846 2623 in
878 2558 953 2624 filiis
992 2559 1125 2624 duorum
1164 2560 1293 2625 illorum

107 2683 130 2724 ro
145 2663 206 2728 iarn
229 2668 317 2740 tuno,
342 2670 510 2748 antequam
534 2665 709 2749 Babylonia
734 2665 893 2747 coepisset
910 2665 1049 2744 institui,
1073 2667 1202 2731 fuerunt
1220 2687 1292 2732 oon·

145 2772 294 2835 temtores
318 2771 388 2849 Dei,
413 2774 445 2835 et
467 2771 498 2834 in
522 2771 597 2835 filiis
622 2771 720 2837 Cheru
742 2772 881 2836 cultores
899 2771 974 2849 Dei3
996 2776 1165 2856 utrumque
1185 2778 1291 2840 tamen

146 2876 305 2942 hominurn
337 2897 436 2962 genus
464 2878 556 2942 terris
584 2897 756 2961 numquam
785 2877 925 2943 defuisse
954 2878 1144 2943 eredendum
1174 2885 1233 2946 est.
1258 2881 1292 2946 Si

146 2983 272 3064 quidem
305 2985 339 3048 et
371 2983 493 3066 quando
527 2983 647 3048 dietum
685 2987 748 3048 est:
787 2983 928 3049 Omnes
963 2985 1290 3064 declinauerunt,

145 3089 1291 3172 simulinutilesfaotisunt3nonestquifaeiatbonum,

105 3215 216 3259 anon
250 3198 314 3261 est
345 3215 472 3278 usque
506 3196 551 3261 ed
584 3217 713 3275 unum,
747 3197 778 3260 in
806 3200 940 3279 utroque
971 3199 1106 3280 psalmo,
1135 3201 1189 3264 ubi
1213 3201 1291 3264 haee

144 3303 241 3367 uerba
268 3305 353 3382 sunt,
388 3298 419 3367 et
446 3302 505 3368 hoe
533 3303 666 3388 legitur:
695 3301 832 3368 Nonne
862 3308 1115 3388 cognoscent
1143 3325 1290 3382 omnes,

144 3411 210 3491 qui
236 3413 456 3492 operentur
478 3409 754 3492 iniquitatem,
780 3411 847 3494 qui
873 3411 1072 3476 deuorant
1094 3413 1289 3496 populum

143 3534 268 3580 meum
297 3517 334 3580 in
361 3515 449 3580 cibo
474 3516 614 3598 penis?
638 3516 715 3580 Erat
738 3536 812 3600 ergo
838 3517 933 3582 etiam
957 3521 1033 3582 tuno
1056 3520 1195 3602 populus
1219 3520 1289 3586 Dei.

145 3621 233 3688 Unde
254 3622 342 3702 illud,
365 3621 449 3704 quod
469 3623 590 3687 dietum
610 3627 676 3688 est:
700 3623 784 3688 Non
809 3623 957 3707 estqui
980 3625 1108 3689 faeiat
1131 3627 1286 3708 benum,

233 3868 246 3920 1
268 3865 333 3923 oen.
355 3868 396 3934 17,
417 3869 433 3920 a
488 3867 522 3920 23
541 3867 585 3920 aa.
607 3869 648 3932 re,
668 3869 694 3924 3.
712 3869 738 3922 4.
758 3869 774 3921 e

177 3989 467 4045 lFiunt-Abrahem
487 4008 574 4060 θυεερ
675 4009 760 4046 eom.
781 3994 804 4046 e¹
895 3995 1056 4062 irruxxup
1157 3998 1185 4046 et
1204 4009 1288 4046 auae

142 4079 256 4147 uulgata
275 4077 452 4134 meditatione
472 4080 495 4133 θ’
564 4079 705 4135 6du0bus
729 4081 766 4148 V,·
785 4085 813 4135 et
832 4081 935 4134 duabus
952 4100 970 4151 p
1030 4066 1166 4152 7quosle
1214 4083 1289 4135 Seis

141 4166 345 4234 om.e;illiso
447 4167 567 4238 loquella
590 4169 771 4240 Vb¹eg¹r¹p
843 4173 875 4224 15
894 4172 940 4239 pie
958 4171 1023 4224 lieet
1043 4171 1067 4223 e¹
1137 4173 1168 4225 16
1189 4187 1288 4237 eorum,

142 4256 239 4310 omisso
260 4271 353 4326 que,p
408 4257 442 4310 20
460 4257 600 4322 institutui
624 4257 650 4310 V
702 4259 736 4312 23
757 4262 784 4312 et
802 4275 862 4327 sup.
884 4259 932 4312 lin.
957 4259 983 4311 V
1041 4261 1075 4312 2&
1094 4260 1122 4313 iu
1141 4259 1230 4312 cibum
1249 4259 1290 4312 te

142 4345 222 4396 etiarn
242 4359 304 4411 sup.
323 4345 370 4398 lin.
395 4345 421 4398 V

168 4468 249 4507 XXXX
263 4467 320 4516 Aug.
335 4480 403 4518 opere
418 4469 494 4510 Sestio
509 4468 529 4506 V
544 4481 597 4520 pars
611 4471 642 4512 Il.
1219 4454 1252 4507 10
