3192 4959
304 437 368 499 262
651 433 677 486 S.
705 432 860 486 Aurelii
891 431 1105 501 Augustini

305 629 498 691 cantieorum
515 627 667 709 spiritalis
688 626 841 707 quaedam
862 628 1041 690 sanctarum
1063 626 1113 689 est
1131 624 1281 706 uoluptas
1301 623 1443 687 mentium
1556 618 1557 665 Ξ

304 736 339 813 in,
362 734 509 817 coniugio
532 734 620 797 illins
644 734 728 817 regis
753 738 784 798 et
807 734 934 817 reginae
959 732 1112 810 ciuitatis,
1137 731 1220 813 quod
1240 735 1290 795 est
1309 730 1445 796 Christus

306 846 338 905 et
361 841 506 905 ecelesia.
533 839 595 904 Sed
617 840 694 904 haee
718 840 868 921 uoluptas
893 839 1073 922 allegoricis
1098 838 1291 921 tegminibus
1311 837 1445 901 inuoluta

306 951 366 1023 est,
395 951 432 1009 ut
461 945 658 1010 desideretur
685 946 846 1010 ardentius
874 946 1073 1027 nudeturque
1097 944 1276 1021 iucundius,
1308 948 1341 1008 et
1364 962 1446 1027 appa-

306 1056 374 1117 reat
394 1072 542 1133 sponsus,
563 1052 614 1116 oui
634 1052 751 1117 dieitur
768 1052 800 1116 in
821 1052 930 1116 eodem
951 1052 1090 1116 cantico:
1111 1051 1295 1133 Aequitas
1320 1050 1446 1113 dilexit
1471 1069 1480 1107 r
1552 1073 1559 1120 r

308 1164 354 1236 te,
389 1162 421 1222 et
453 1178 579 1239 sponsa,
614 1178 694 1240 quae
727 1158 772 1222 ibi
806 1158 907 1222 audit:
937 1158 1085 1223 Caritas
1117 1158 1153 1221 in
1183 1156 1336 1221 deliciis
1365 1157 1446 1220 tuis.
1555 1148 1562 1236 Ξ

307 1268 417 1331 Tacita
439 1267 541 1330 multa
565 1266 736 1329 transimus
761 1284 837 1327 eura
860 1264 956 1328 huius
982 1264 1083 1345 operis
1107 1262 1307 1327 terminandi.

759 1456 896 1522 CAPUT
920 1457 1005 1523 XXI.

309 1601 359 1664 De
397 1601 552 1685 regibus
591 1603 677 1681 post
715 1598 949 1663 Salomonem
988 1598 1070 1662 siue
1108 1598 1143 1661 in
1182 1598 1273 1662 Iuda
1306 1598 1386 1661 siue
1417 1596 1447 1659 in

817 1706 944 1769 Israel.
1466 1727 1486 1765 n

354 1848 456 1912 Ceteri
485 1850 559 1928 post
581 1846 780 1911 Salomonem
810 1866 900 1929 reges
929 1846 1145 1911 Hebraeorum
1177 1846 1228 1909 uir
1253 1845 1451 1910 inueniuntur

308 1974 363 2038 per
399 1954 505 2035 aliqua
537 1953 714 2037 aenigmata
752 1952 910 2016 dictorum
943 1972 1078 2019 suorum·
1106 1972 1250 2017 rerumne
1284 1956 1450 2035 gestarum,

309 2059 394 2143 quod
426 2059 465 2123 ad
498 2057 660 2123 Christum
693 2061 726 2122 et
753 2056 920 2121 ecelesiam
949 2059 1113 2140 pertineat
1141 2060 1359 2140 prophetasse,
1388 2056 1452 2120 siue

308 2168 339 2230 in
364 2166 442 2229 luda
465 2166 533 2228 siue
557 2165 588 2228 in
612 2164 719 2229 lsrael.
750 2163 803 2229 Sia
827 2164 908 2228 enim
933 2160 1109 2247 appellatae
1139 2169 1213 2230 sunt
1235 2165 1323 2228 iliius
1348 2161 1453 2247 popuii

309 2278 425 2355 partes,
454 2292 489 2335 er
518 2291 580 2353 qno
608 2275 736 2353 propter
759 2270 938 2335 Salomonis
969 2272 1118 2335 offensam
1142 2275 1283 2355 tempore
1306 2270 1363 2334 iiiii
1388 2270 1453 2333 eius
1471 2274 1491 2314 ¹⁵

309 2380 462 2455 Roboam,
482 2378 535 2459 qui
553 2378 635 2459 patri
655 2378 813 2441 suecessit
831 2377 861 2440 in
881 2397 1024 2461 regnum,
1045 2378 1110 2443 Deo
1131 2378 1311 2441 uindioante
1331 2378 1452 2441 diuisus

310 2487 367 2548 est.
400 2483 534 2547 Proinde
568 2483 669 2546 tribus
699 2482 818 2559 decem,
852 2501 930 2564 quas
959 2486 1082 2565 aceepit
1109 2484 1312 2559 Hieroboam,
1342 2501 1454 2548 seruus

311 2590 498 2665 Solomonia,
522 2607 574 2651 rex
598 2590 643 2652 eis
667 2588 699 2651 in
724 2588 865 2653 Samaria
889 2590 1095 2665 constitutus
1118 2589 1242 2671 proprie
1261 2590 1456 2655 uocabantur

309 2696 418 2774 lsrael,
439 2695 585 2777 quamuis
604 2695 664 2758 hoe
683 2694 825 2758 uniuersi
845 2695 932 2759 illius
952 2697 1061 2779 populi
1080 2716 1193 2760 nomen
1209 2699 1304 2761 esset.
1324 2696 1455 2759 Duabus

310 2823 385 2866 uero
409 2802 567 2880 tribubus,
591 2800 687 2864 Iudae
707 2802 832 2865 seilicet
851 2804 883 2865 et
901 2802 1077 2879 Beniamin,
1097 2822 1177 2885 quae
1196 2806 1323 2885 propter
1341 2800 1456 2871 Dauid,
1472 2806 1494 2845 ²⁰

311 2930 349 2973 ne
377 2908 504 2989 penitus
531 2928 663 2991 regnum
696 2908 804 2992 stirpis
836 2909 903 2973 eius
936 2909 1049 2974 fuisset
1073 2910 1277 2987 eradicatum,
1301 2928 1457 2974 remanse-

311 3020 381 3079 rant
409 3015 608 3078 subiaeeutes
638 3015 762 3079 ciuitati
786 3016 997 3094 Hierusalem,
1026 3016 1122 3081 Iudae
1146 3036 1259 3081 nomen
1284 3016 1355 3089 suit,
1386 3014 1460 3098 quia

312 3123 382 3205 ipsa
409 3124 476 3184 erat
501 3121 603 3185 tribus
629 3122 710 3185 unde
733 3121 847 3187 Dauid.
877 3124 1041 3186 Beniamin
1071 3142 1145 3187 uero
1169 3123 1272 3187 tribus
1297 3123 1398 3187 altera
1422 3121 1459 3185 ad

311 3230 396 3292 idem
425 3248 567 3311 regnum,
601 3228 685 3292 sieut
712 3228 785 3302 dini,
820 3229 976 3311 pertinens
1006 3231 1082 3305 erat,
1111 3230 1193 3293 unde
1221 3229 1282 3294 fuit
1306 3229 1384 3294 Saul
1408 3246 1462 3291 rer

313 3342 383 3402 ante
408 3334 523 3398 Dauid.
548 3334 610 3399 Sed
633 3336 730 3398 simul
754 3336 835 3399 istae
859 3335 939 3400 duae
962 3336 1075 3411 tribua,
1101 3340 1137 3401 ut
1161 3336 1280 3401 dictum
1301 3339 1360 3413 est,
1381 3333 1462 3399 Inda
1477 3342 1500 3382 ²⁵

312 3442 517 3520 uocabantur,
556 3446 588 3505 et
620 3441 680 3506 hoe
712 3442 837 3506 nomine
871 3443 1140 3507 discernebantur.
1159 3443 1197 3506 ab
1230 3442 1340 3522 Israel,
1375 3441 1463 3524 quod

313 3548 552 3629 appellabantur
586 3548 711 3631 proprie
749 3549 858 3613 decem
894 3549 996 3613 tribus
1029 3549 1181 3613 habentes
1213 3568 1308 3613 suum
1340 3568 1461 3631 regem.

312 3653 393 3717 Nam
421 3654 523 3718 tribus
551 3654 640 3733 Leni,
672 3654 820 3737 quoniam
845 3656 1049 3720 sacerdotalis
1073 3656 1144 3731 fuit,
1169 3656 1238 3731 Dei,
1262 3676 1323 3721 non
1345 3674 1464 3738 regum

312 3760 442 3824 seruitio
466 3761 654 3842 mancipata,
683 3761 777 3825 tertia
800 3762 923 3825 decima
945 3763 1178 3827 numerabatur.
1203 3762 1317 3845 Ioseph
1342 3763 1464 3843 quippe

312 3886 394 3931 unus
428 3886 464 3931 er
497 3868 663 3931 duodecim
696 3868 770 3931 filiis
798 3868 908 3945 Israel,
942 3889 1001 3932 non
1030 3889 1136 3949 unam,
1166 3868 1252 3933 sieut
1275 3867 1373 3932 ceteri
1400 3868 1465 3931 siu·
1484 3878 1508 3915 ³⁰

403 4114 419 4164 5
440 4109 517 4165 Cant.
538 4115 562 4180 l,
580 4114 598 4165 4
653 4114 668 4167 6
689 4112 766 4169 Cant.
788 4116 812 4177 7,
832 4116 848 4168 6

351 4212 488 4303 inolupt.
509 4238 584 4287 este
654 4237 686 4287 15
705 4235 775 4289 filius
793 4254 812 4304 p
887 4238 918 4291 17
937 4236 1112 4291 Ieroboamv
1185 4238 1219 4290 19
1239 4234 1329 4307 populi
1351 4236 1470 4291 illinet

313 4322 347 4374 23
368 4328 426 4375 erat
445 4339 529 4375 σεῖε
581 4325 616 4375 ’25
636 4324 706 4382 sieut
722 4340 740 4393 p
