3192 4959
367 467 418 519 De
446 465 620 519 ciuitate
648 465 711 520 dei
737 467 803 520 lib.
832 467 889 522 XX.
918 486 993 539 cap.
1022 471 1048 525 8.
1069 472 1093 524 9.
1236 476 1301 540 449

149 661 461 727 summationem
485 662 661 725 saeculi:
685 663 825 745 profecto
845 683 906 729 non
926 665 1021 728 etiam
1041 685 1123 730 nunc
1143 667 1302 732 diceretur

148 769 288 832 66616616
318 787 451 850 regnum
484 767 553 832 eins
582 787 756 850 regnumne
785 769 954 835 caelorum.
988 771 1069 836 Nam
1097 773 1209 856 ntique
1237 773 1300 839 istc

146 879 292 958 tempore
328 875 361 938 in
392 893 488 958 regno
521 874 581 938 Dei
614 874 757 940 eruditur
788 877 892 940 scriba
924 878 989 955 1116,
1027 880 1082 961 qui
1109 879 1229 962 profert
1262 881 1300 945 de

147 982 322 1047 thensauro
354 1001 412 1047 suo
440 1000 523 1046 noua
551 984 583 1046 66
610 984 730 1055 uetera.
763 982 802 1047 de
831 1003 893 1066 quo
923 1003 1019 1067 supra
1045 985 1147 1050 locuti
1170 1006 1298 1062 sumns;

113 1092 181 1153 oet
204 1089 243 1152 de
268 1089 404 1153 66616616
426 1089 591 1154 collecturi
614 1092 689 1154 sunt
712 1090 831 1154 zizania
858 1109 1017 1156 messores
1039 1092 1099 1170 1111,
1129 1111 1209 1175 quae
1232 1111 1300 1174 per-

146 1196 238 1260 misit
270 1215 343 1260 cum
374 1195 481 1260 tritico
514 1196 610 1260 simui
643 1215 784 1262 creseere
817 1216 919 1279 usque
952 1197 990 1263 ad
1024 1217 1178 1274 mossom3
1214 1199 1298 1281 quod

146 1321 306 1384 exponens
348 1303 409 1366 ait:
450 1302 600 1367 Messis
640 1303 842 1367 est'finis
883 1304 1052 1381 6666611,
1095 1325 1297 1370 messores

145 1414 283 1474 eutem
307 1408 443 1492 angeli
469 1413 572 1474 sunt.
598 1409 716 1474 Sicut
738 1428 833 1493 ergo
858 1411 1118 1494 colliguntur
1142 1410 1299 1476 zizania

145 1519 185 1580 66
217 1516 304 1600 igni
338 1516 638 1588 comburuntur,
672 1516 731 1580 sic
765 1515 845 1580 erit
877 1517 915 1581 in
946 1517 1297 1582 consummatione
1359 1517 1364 1526 '

100 1623 325 1698 insaeculi3
362 1623 502 1687 mittet
538 1622 659 1686 filins
696 1622 870 1686 hominis
909 1624 1076 1706 angelos
1115 1643 1221 1698 6666,
1260 1626 1299 1688 66

144 1730 353 1812 colligent
385 1729 429 1792 de
461 1747 583 1811 regno
617 1729 704 1792 eius
733 1729 865 1793 omnia
897 1729 1099 1794 scandala.
1133 1729 1297 1814 Numquid

142 1837 184 1901 do
212 1855 311 1920 regno
338 1837 405 1913 illo,
434 1836 489 1901 ubi
516 1835 605 1900 nulla
632 1839 707 1900 sunt
734 1835 905 1900 scaudala?
935 1837 981 1900 De
1009 1837 1071 1902 isto
1102 1856 1175 1920 ergo
1199 1857 1295 1920 regno

141 1944 226 2020 eius,
252 1943 338 2026 qnod
361 1946 410 2008 est
432 1943 486 2007 hio
509 1942 653 2020 eeclesia,
678 1943 878 2025 colligentur.
903 1944 983 2007 Item
1004 1942 1098 2006 dicit:
1123 1939 1198 2020 Qui
1222 1945 1296 2009 sol·

141 2052 256 2116 uerit
281 2070 398 2114 unum
423 2050 469 2114 de
491 2049 693 2114 mandatis
717 2049 816 2113 istis
841 2049 1019 2113 minimis
1044 2053 1082 2113 et
1106 2049 1296 2115 docuerit

96 2158 205 2222 esic
240 2157 435 2235 66661666,
469 2157 658 2220 minimus
691 2157 911 2221 uocabitur
942 2157 980 2220 in
1014 2175 1134 2239 regno
1170 2157 1296 2222 caelo-

140 2285 246 2337 rum:
282 2264 348 2345 qni
381 2267 513 2328 autem
547 2263 698 2328 fecerit
729 2267 767 2328 et
802 2263 861 2328 sio
895 2263 1093 2339 docuerit,
1127 2281 1294 2347 magnus

138 2368 1171 2453 6666616661666666666166661166666666(1161616
1197 2389 1294 2453 regno

139 2477 316 2550 caelorum,
340 2482 373 2542 66
396 2477 533 2560 quinon
557 2477 632 2540 iacit
655 2477 804 2542 mandata
827 2496 907 2559 quae
932 2475 1120 2556 (1666611666
1144 2477 1294 2540 66666166

138 2583 287 2648 soluere:
320 2603 381 2648 non
410 2603 547 2658 seruare,
580 2603 641 2648 non
669 2581 797 2668 facere),
831 2587 863 2645 66
890 2583 980 2647 illum
1012 2582 1166 2663 66116616
1193 2581 1294 2646 66616

90 2706 118 2743 2⁰
137 2692 252 2763 docet:
278 2690 334 2754 sed
355 2690 453 2754 istum
478 2691 656 2758 minimum.
673 2691 767 2755 iilum
787 2699 948 2772 maguum.
972 2689 1013 2752 Et
1036 2688 1183 2752 continuo
1205 2705 1295 2752 6666-

136 2806 194 2862 666
219 2797 381 2882 adiungit:
406 2797 506 2862 Dico
531 2797 634 2862 enim
653 2794 1293 2878 6616166616,616166666666616

135 2904 316 2970 iustitia
338 2909 480 2968 uestra
503 2923 625 2986 super
648 2903 876 2968 scribarum
908 2905 945 2965 66
969 2901 1292 2979 Pharisaeorum,

134 3012 169 3076 id
196 3016 249 3077 est
273 3031 368 3092 super
393 3030 458 3087 666,
482 3011 537 3093 qni
560 3013 692 3076 soluunt
713 3009 799 3093 quod
818 3009 933 3074 docent
953 3005 1004 3092 (de
1024 3007 1137 3074 scribis
1158 3007 1241 3072 enim
1261 3013 1295 3071 et

133 3117 324 3182 Pharisaeis
366 3117 445 3182 dicit
481 3117 543 3180 6116
581 3117 669 3181 loco:
713 3115 908 3195 Quoniam
951 3115 1101 3189 (116666,
1144 3117 1182 3178 66
1218 3133 1291 3178 666

84 3223 325 3307 251661666),
350 3261 390 3268 —
416 3223 477 3288 nisi
502 3242 576 3307 ergo
601 3243 697 3306 super
718 3223 777 3286 hoa
803 3221 1291 3293 666616666116661616666166,

132 3333 167 3397 id
193 3335 257 3407 est,
288 3335 490 3397 66666666
515 3331 660 3408 66166616,
690 3330 745 3396 sed
769 3329 894 3394 16616616
916 3329 1026 3411 potins
1050 3327 1135 3410 quod
1160 3327 1292 3400 docetis,

131 3459 213 3504 uon
238 3436 469 3513 intrabitis,
489 3437 604 3519 inquit,
623 3437 662 3502 iu
686 3455 850 3519 regnum
872 3437 1085 3500 caelorum.
1105 3433 1176 3498 Alio
1197 3433 1290 3496 modo

127 3547 238 3631 igitur
270 3543 521 3628 intellegendum
554 3547 605 3609 est
634 3563 766 3626 reguum
794 3542 966 3620 caelorum,
999 3540 1055 3606 ubi
1084 3541 1175 3605 ambo
1205 3544 1290 3615 sunt,

227 3804 301 3859 3ib.
321 3804 363 3870 13,
383 3804 416 3856 52
500 3803 572 3856 rib.
594 3803 635 3868 13,
654 3802 689 3874 311
708 3819 748 3870 sq.
823 3802 856 3855 13
876 3801 913 3856 ib.
933 3803 958 3866 5,
980 3801 1012 3854 19
1098 3799 1130 3852 21
1152 3799 1188 3852 11,
1210 3799 1235 3861 5,
1255 3798 1290 3852 20

127 3897 166 3950 24
186 3895 230 3949 ib.
249 3893 329 3954 23,3

166 4022 323 4086 2reguum
342 4017 442 4072 omisso
461 4017 529 4070 666
620 4013 780 4068 3666611661
794 4033 812 4083 9
897 4017 1018 4083 56666
1105 4013 1137 4064 13
1158 4012 1289 4064 iterumn

129 4112 165 4163 15
184 4106 287 4162 uocab.
305 4106 432 4159 minimus
447 4123 469 4172 p
542 4120 688 4173 reguumc
766 4105 798 4157 16
820 4103 866 4172 qui
884 4119 970 4170 usque
989 4102 1028 4154 od
1046 4100 1180 4156 caelorum
1200 4115 1289 4166 om.p

129 4200 164 4252 19
186 4209 218 4250 66
238 4194 363 4250 6616616
381 4209 463 4248 om.e
507 4195 538 4248 21
561 4193 712 4246 adiunxite
756 4193 791 4245 22
812 4192 903 4260 super]
923 4192 1113 4260 plusquamo
1160 4189 1193 4241 23
1208 4203 1290 4257 super

126 4305 178 4340 eos
199 4284 297 4348 codd.;
317 4300 397 4352 super
415 4283 548 4336 iustitiam
568 4297 659 4336 eorum
677 4299 693 4335 6
730 4282 765 4334 24
785 4281 917 4334 61161666
938 4279 1005 4333 dicit
1024 4297 1043 4332 a
1086 4273 1286 4332 25166661662

126 4375 181 4428 hoe
199 4391 233 4442 9,·
255 4387 302 4424 666
321 4372 401 4439 6166
455 4373 489 4426 26
510 4374 538 4424 66
556 4369 644 4423 fact

154 4497 243 4539 XXXX
258 4496 318 4544 Aug.
332 4506 401 4545 open
413 4495 490 4536 866616
505 4495 524 4536 V
538 4506 589 4546 pam
603 4495 633 4534 11.
1217 4471 1253 4524 29
