3192 4959
320 451 385 514 472
665 448 691 501 S.
719 447 875 500 Aurelii
903 447 1122 516 Augustini

320 665 401 721 rum,
433 644 496 709 nisi
523 644 577 707 ille
606 645 691 724 prior
717 645 849 719 uenerit,
884 662 978 726 quem
1006 645 1148 727 refugam
1177 647 1282 717 uocat,
1316 643 1452 725 utiquea

320 750 457 814 Domino
484 751 561 814 Deo.
591 747 682 827 Quod
710 751 739 813 si
766 750 805 814 de
834 749 980 814 omnibus
1009 750 1105 832 inpiis
1129 751 1241 814 merito
1266 751 1330 814 dici
1351 753 1453 832 potest

321 863 436 940 quanto
466 858 568 940 magis
597 857 635 921 do
664 857 743 920 isto!
773 857 836 922 Sed
863 858 894 920 in
926 875 986 940 quo
1015 859 1134 938 templo
1159 857 1219 922 Dei
1243 857 1286 921 sit
1310 877 1452 932 sessurus,

319 963 475 1028 incertum
505 967 569 1038 est;
599 968 705 1026 utrum
734 964 765 1027 in
793 965 850 1028 illa
877 965 966 1027 ruina
994 965 1115 1046 templi,
1144 964 1229 1046 quod
1259 985 1277 1028 a
1300 963 1453 1030 Salomone

319 1089 393 1154 rege
427 1074 645 1135 constructum
681 1073 739 1147 est,
772 1091 810 1134 an
843 1089 919 1135 uero
952 1071 982 1133 in
1012 1070 1153 1134 ecclesia.
1181 1070 1253 1136 Non
1282 1072 1364 1136 enim
1384 1075 1486 1136 tem-⁵

320 1180 408 1262 plum
447 1177 583 1242 alicuius
620 1177 698 1241 idoli
735 1182 790 1242 aut
828 1177 989 1242 daemonis
1021 1180 1177 1260 templum
1211 1178 1270 1242 Dei
1303 1181 1452 1260 apostolus

321 1286 447 1349 diceret.
475 1284 566 1349 Unde
593 1285 734 1347 nonnulli
762 1304 824 1348 non
853 1285 958 1366 ipsum
987 1285 1169 1366 prinoipem,
1201 1285 1256 1348 sed
1284 1287 1452 1350 uniuersum

321 1392 457 1473 quodam
481 1391 574 1455 modo
599 1411 713 1473 corpus
737 1391 817 1470 eius,
847 1392 878 1454 id
903 1395 952 1456 est
976 1391 1014 1455 ad
1038 1411 1110 1456 eum
1134 1392 1342 1474 pertinentem
1366 1391 1452 1455 horni-

319 1498 678 1575 nummultitudinem,
712 1497 808 1562 simu]
842 1517 914 1561 curn
946 1498 1016 1578 ipso
1051 1517 1108 1562 suo
1141 1498 1283 1582 principe
1313 1499 1451 1562 hocloco

319 1606 463 1689 intellegi
484 1605 718 1669 Antichristum
741 1606 870 1680 uolunt;
895 1605 1077 1688 rectiusque
1101 1608 1214 1687 putant
1238 1605 1333 1669 etiam
1352 1605 1449 1670 Latine
1466 1621 1485 1657 n

322 1712 394 1789 dici,
433 1711 519 1776 sicut
554 1712 585 1775 in
621 1710 741 1776 Graeco
775 1714 834 1784 est,
872 1729 933 1774 non
965 1711 1004 1775 iu
1037 1713 1188 1795 templo
1222 1712 1305 1788 Dei,
1340 1712 1391 1777 sed
1419 1711 1451 1774 in

320 1818 516 1899 templum
549 1817 621 1882 Dei
656 1817 806 1894 sedeat,
839 1825 1001 1900 tamquam
1034 1819 1102 1900 ipse
1135 1819 1179 1882 sit
1210 1820 1363 1902 templum
1391 1817 1450 1892 Dei,

321 1924 405 2006 quod
434 1931 484 1988 est
510 1924 660 1999 ecelesia;
690 1924 775 1988 siout
802 1925 955 2002 dicinrus;
985 1924 1092 1990 ‘Sedet
1119 1926 1149 1988 in
1175 1925 1333 2004 amicum’,
1360 1925 1451 1989 idest

320 2030 412 2095 uelut
444 2030 576 2108 amicus,
609 2033 663 2095 uel
695 2030 723 2095 si
757 2033 832 2113 quid
865 2031 951 2096 uliud
978 2032 1040 2096 isto
1069 2032 1240 2096 locutionis
1268 2051 1377 2116 genere
1398 2029 1449 2093 dici

321 2137 412 2202 solet.
443 2135 535 2216 Quod
563 2141 669 2202 autem
698 2138 758 2202 ait:
787 2138 834 2202 Et
862 2158 964 2202 nunc
993 2139 1088 2220 quid
1118 2139 1303 2204 detineat
1331 2138 1483 2204 scitisn

319 2243 352 2308 id
381 2248 441 2318 est,
475 2245 551 2326 quid
579 2245 621 2309 sit
648 2246 679 2309 in
708 2265 806 2319 mora,
835 2265 916 2327 quae
945 2265 1040 2310 causa
1064 2247 1107 2310 sit
1129 2247 1291 2312 dilationis
1316 2247 1389 2320 eius,
1414 2247 1449 2306 ut

320 2353 530 2416 reueletur
562 2353 600 2415 in
634 2371 704 2416 suo
738 2356 930 2435 tempore,
964 2354 1070 2418 scitis:
1105 2354 1255 2434 quoniam
1284 2353 1362 2418 seire
1388 2353 1448 2415 illos

320 2458 408 2536 dixit,
441 2462 547 2540 aperte
579 2460 639 2523 hoc
672 2460 776 2524 dicere
808 2461 921 2526 noluit.
954 2461 995 2524 m
1022 2461 1092 2525 ideo
1122 2479 1188 2533 nos,
1223 2461 1278 2542 qni
1306 2461 1449 2525 nescimus

320 2565 404 2645 quod
431 2564 479 2629 illi
507 2564 658 2644 sciebant,
691 2567 854 2648 peruenire
883 2587 955 2630 cum
983 2567 1089 2631 labore
1118 2567 1157 2631 ad
1184 2567 1227 2644 id,
1258 2567 1343 2649 quod
1366 2565 1449 2630 sensit

319 2673 494 2755 apostolus,
520 2675 666 2754 cupimus
690 2693 747 2737 nec
764 2674 926 2748 ualemus;
952 2675 1138 2755 praesertim
1157 2674 1231 2756 quia
1250 2681 1282 2738 et
1300 2674 1365 2750 illa,
1383 2689 1447 2755 quar
1463 2691 1481 2726 a·

320 2778 452 2851 addidit,
485 2781 569 2844 hunc
603 2799 731 2845 sensum
762 2779 885 2844 faciunt
917 2781 1141 2846 obscuriorem.
1174 2779 1257 2845 Nam
1291 2780 1365 2862 quid
1395 2781 1446 2841 est:

320 2885 398 2948 lum
422 2886 524 2948 enim
549 2887 784 2968 mysterium
809 2887 1050 2970 iniquitatis
1071 2891 1270 2968 operatur.
1296 2887 1445 2951 Tantum

321 2991 388 3074 qui
420 2991 534 3057 modo
568 2996 681 3057 tenet
713 2996 863 3069 teneat,
897 2995 1022 3058 donec
1057 2992 1100 3058 de
1134 2993 1263 3057 medio
1298 2993 1387 3063 fiat:
1416 3000 1446 3054 ot

319 3103 415 3163 tuno
452 3101 710 3165 reuelabitur
747 3100 938 3183 iniquus?
975 3101 1042 3184 ligo
1079 3120 1207 3184 prorsus
1245 3101 1321 3183 quid
1353 3095 1446 3163 dixerit

320 3225 370 3270 me
403 3206 504 3271 fateor
534 3207 685 3291 ignorare.
719 3207 923 3290 Suspiciones
956 3212 1061 3272 temen
1094 3208 1270 3281 hominurn,
1303 3225 1376 3290 quas
1406 3201 1478 3266 uel²⁵

321 3312 428 3376 audire
452 3314 505 3376 uel
526 3314 630 3397 legere
654 3315 754 3397 potui,
779 3333 840 3378 non
863 3314 985 3379 tacebo.

366 3418 499 3499 Quidam
529 3423 643 3502 putant
670 3421 730 3484 hoo
760 3421 797 3485 de
825 3421 956 3504 imperio
986 3421 1107 3485 dictum
1132 3421 1233 3486 luisse
1257 3421 1399 3486 Romano.
1419 3425 1443 3477 et

321 3533 485 3607 propterea
506 3528 644 3591 Paulum
672 3527 852 3610 apostolum
876 3547 936 3592 non
960 3527 993 3591 id
1017 3533 1123 3608 aperte
1151 3527 1288 3593 seribere
1312 3525 1442 3590 uoluisse.

320 3651 358 3695 ne
383 3634 572 3698 calumniam
596 3634 746 3699 uidelicet
764 3635 945 3710 incurreret,
971 3634 1055 3716 quod
1073 3635 1214 3698 Romano
1234 3633 1359 3717 imperio
1376 3627 1441 3692 malr

320 3743 486 3820 optauerit,
511 3761 584 3805 oum
608 3745 786 3824 speraretur
809 3745 985 3817 aeternum;
1010 3745 1047 3806 ut
1070 3741 1129 3806 hoo
1155 3741 1239 3824 quod
1263 3741 1352 3805 dixit:
1377 3735 1473 3799 lanis

321 3847 422 3910 enim
454 3849 691 3932 mysterium
720 3849 963 3930 iniquitatis
994 3853 1197 3932 operatur,
1226 3849 1375 3914 Neronem
1398 3858 1440 3903 uo-

354 4154 592 4222 Sadeundemp
677 4155 710 4208 10
729 4121 856 4225 pdtantp
913 4157 943 4208 ll
965 4172 1003 4223 ep.
1024 4119 1235 4224 intempldmp
1295 4155 1325 4208 19
1343 4148 1440 4205 sentite

320 4243 352 4296 21
374 4243 451 4296 addit
467 4260 486 4312 9
547 4243 581 4295 23
602 4259 654 4310 quo
669 4259 691 4310 p
754 4245 912 4324 arnume
975 4245 1010 4296 25
1029 4243 1198 4312 suspetiones
1216 4244 1245 4312 9¹
1307 4241 1439 4308 atrapens

320 4385 353 4420 ex
370 4371 479 4436 oportet
496 4372 680 4428 correcturus
751 4369 786 4422 30
806 4335 855 4430 edu
874 4385 888 4420 e
