<?xml version="1.0" encoding="UTF-8"?>
<!DOCTYPE html PUBLIC "-//W3C//DTD XHTML 1.0 Transitional//EN"
    "http://www.w3.org/TR/xhtml1/DTD/xhtml1-transitional.dtd">
<html xmlns="http://www.w3.org/1999/xhtml" xml:lang="en" lang="en">
 <head>
  <title>
</title>
<meta http-equiv="Content-Type" content="text/html;charset=utf-8" />
  <meta name='ocr-system' content='tesseract 3.04.00' />
  <meta name='ocr-capabilities' content='ocr_page ocr_carea ocr_par ocr_line ocrx_word'/>
</head>
<body>
  <div class='ocr_page' id='page_1' title='image "./corpusscriptoru07wiengoog/corpusscriptoru07wiengoog_0411.png"; bbox 0 0 3192 4959; ppageno 0'>
   <div class='ocr_carea' id='block_1_1' title="bbox 341 433 1279 505">
    <p class='ocr_par' dir='ltr' id='par_1_1' title="bbox 341 433 1279 505">
     <span class='ocr_line' id='line_1_1' title="bbox 341 433 1279 505; baseline 0.004 -19"><span class='ocrx_word' id='word_1_1' title='bbox 341 433 392 487; x_wconf 88' lang='lat' dir='ltr'><strong>De</strong></span> <span class='ocrx_word' id='word_1_2' title='bbox 417 435 592 488; x_wconf 87' lang='lat' dir='ltr'><strong>ciuitate</strong></span> <span class='ocrx_word' id='word_1_3' title='bbox 616 433 677 486; x_wconf 88' lang='lat' dir='ltr'><strong>dei</strong></span> <span class='ocrx_word' id='word_1_4' title='bbox 699 433 765 489; x_wconf 93' lang='lat' dir='ltr'><strong>lib.</strong></span> <span class='ocrx_word' id='word_1_5' title='bbox 788 433 903 488; x_wconf 85' lang='lat' dir='ltr'>XVIIII.</span> <span class='ocrx_word' id='word_1_6' title='bbox 928 449 1002 505; x_wconf 89' lang='lat' dir='ltr'><strong>oap.</strong></span> <span class='ocrx_word' id='word_1_7' title='bbox 1024 435 1065 488; x_wconf 77' lang='lat'><strong>12.</strong></span> <span class='ocrx_word' id='word_1_8' title='bbox 1215 437 1279 500; x_wconf 88' lang='grc'><strong>393</strong></span> 
     </span>
    </p>
   </div>
   <div class='ocr_carea' id='block_1_2' title="bbox 83 629 1282 3796">
    <p class='ocr_par' dir='ltr' id='par_1_2' title="bbox 83 629 1282 3796">
     <span class='ocr_line' id='line_1_2' title="bbox 131 629 1280 713; baseline 0.002 -21"><span class='ocrx_word' id='word_1_9' title='bbox 131 629 211 694; x_wconf 89' lang='lat' dir='ltr'><strong>cerui</strong></span> <span class='ocrx_word' id='word_1_10' title='bbox 244 630 411 694; x_wconf 89' lang='lat' dir='ltr'><strong>columbae</strong></span> <span class='ocrx_word' id='word_1_11' title='bbox 444 629 545 694; x_wconf 88' lang='lat' dir='ltr'><strong>sturni</strong></span> <span class='ocrx_word' id='word_1_12' title='bbox 578 649 663 711; x_wconf 86' lang='lat' dir='ltr'><strong>opes,</strong></span> <span class='ocrx_word' id='word_1_13' title='bbox 701 629 757 693; x_wconf 86' lang='lat' dir='ltr'><strong>sed</strong></span> <span class='ocrx_word' id='word_1_14' title='bbox 789 632 826 694; x_wconf 89' lang='lat' dir='ltr'><strong>ut</strong></span> <span class='ocrx_word' id='word_1_15' title='bbox 858 631 964 694; x_wconf 90' lang='lat' dir='ltr'><strong>leones</strong></span> <span class='ocrx_word' id='word_1_16' title='bbox 1001 631 1117 713; x_wconf 90' lang='lat' dir='ltr'><strong>uulpes</strong></span> <span class='ocrx_word' id='word_1_17' title='bbox 1156 629 1280 712; x_wconf 86' lang='lat' dir='ltr'><strong>aquilae</strong></span> 
     </span>
     <span class='ocr_line' id='line_1_3' title="bbox 130 735 1282 819; baseline 0.002 -21"><span class='ocrx_word' id='word_1_18' title='bbox 130 739 271 802; x_wconf 78' lang='lat' dir='ltr'>noctuae.</span> <span class='ocrx_word' id='word_1_19' title='bbox 304 735 393 816; x_wconf 79' lang='lat' dir='ltr'><strong>Quae</strong></span> <span class='ocrx_word' id='word_1_20' title='bbox 426 737 508 801; x_wconf 90' lang='lat' dir='ltr'><strong>enim</strong></span> <span class='ocrx_word' id='word_1_21' title='bbox 540 735 635 819; x_wconf 86' lang='lat' dir='ltr'><strong>tigris</strong></span> <span class='ocrx_word' id='word_1_22' title='bbox 663 756 724 800; x_wconf 93' lang='lat' dir='ltr'><strong>non</strong></span> <span class='ocrx_word' id='word_1_23' title='bbox 753 736 829 802; x_wconf 87' lang='lat' dir='ltr'><strong>filiis</strong></span> <span class='ocrx_word' id='word_1_24' title='bbox 858 735 926 802; x_wconf 90' lang='lat' dir='ltr'><strong>suis</strong></span> <span class='ocrx_word' id='word_1_25' title='bbox 954 736 1042 800; x_wconf 87' lang='lat' dir='ltr'><strong>mitis</strong></span> <span class='ocrx_word' id='word_1_26' title='bbox 1071 736 1282 800; x_wconf 79' lang='lat' dir='ltr'><strong>inmurmurat</strong></span> 
     </span>
     <span class='ocr_line' id='line_1_4' title="bbox 132 840 1280 925; baseline 0 -19"><span class='ocrx_word' id='word_1_27' title='bbox 132 846 160 906; x_wconf 90' lang='lat' dir='ltr'><strong>et</strong></span> <span class='ocrx_word' id='word_1_28' title='bbox 180 846 296 924; x_wconf 87' lang='lat' dir='ltr'><strong>pacata</strong></span> <span class='ocrx_word' id='word_1_29' title='bbox 318 843 446 907; x_wconf 85' lang='lat' dir='ltr'><strong>feritate</strong></span> <span class='ocrx_word' id='word_1_30' title='bbox 465 842 649 907; x_wconf 77' lang='lat' dir='ltr'>blanditur?</span> <span class='ocrx_word' id='word_1_31' title='bbox 678 840 758 922; x_wconf 84' lang='lat' dir='ltr'><strong>Quis</strong></span> <span class='ocrx_word' id='word_1_32' title='bbox 787 843 917 924; x_wconf 85' lang='lat' dir='ltr'><strong>miluus,</strong></span> <span class='ocrx_word' id='word_1_33' title='bbox 947 843 1183 925; x_wconf 83' lang='lat' dir='ltr'><strong>quantumlibet</strong></span> <span class='ocrx_word' id='word_1_34' title='bbox 1206 841 1280 906; x_wconf 92' lang='lat' dir='ltr'><strong>soli·</strong></span> 
     </span>
     <span class='ocr_line' id='line_1_5' title="bbox 130 949 1279 1032; baseline 0.001 -21"><span class='ocrx_word' id='word_1_35' title='bbox 130 949 227 1014; x_wconf 86' lang='lat' dir='ltr'><strong>tarius</strong></span> <span class='ocrx_word' id='word_1_36' title='bbox 260 949 379 1032; x_wconf 84' lang='lat' dir='ltr'><strong>rapinis</strong></span> <span class='ocrx_word' id='word_1_37' title='bbox 418 949 637 1025; x_wconf 83' lang='lat' dir='ltr'><strong>circumuolat,</strong></span> <span class='ocrx_word' id='word_1_38' title='bbox 673 969 734 1013; x_wconf 96' lang='lat' dir='ltr'><strong>non</strong></span> <span class='ocrx_word' id='word_1_39' title='bbox 773 949 956 1032; x_wconf 85' lang='lat' dir='ltr'><strong>coniugium</strong></span> <span class='ocrx_word' id='word_1_40' title='bbox 995 949 1131 1032; x_wconf 81' lang='lat' dir='ltr'><strong>copulat,</strong></span> <span class='ocrx_word' id='word_1_41' title='bbox 1170 949 1279 1013; x_wconf 91' lang='lat' dir='ltr'><strong>nidum</strong></span> 
     </span>
     <span class='ocr_line' id='line_1_6' title="bbox 105 1055 1280 1139; baseline 0.003 -22"><span class='ocrx_word' id='word_1_42' title='bbox 105 1055 281 1139; x_wconf 85' lang='lat' dir='ltr'><strong>scongerit‚</strong></span> <span class='ocrx_word' id='word_1_43' title='bbox 315 1075 377 1120; x_wconf 88' lang='lat' dir='ltr'><strong>oua</strong></span> <span class='ocrx_word' id='word_1_44' title='bbox 404 1056 563 1132; x_wconf 76' lang='lat' dir='ltr'>consonet,</span> <span class='ocrx_word' id='word_1_45' title='bbox 596 1055 703 1138; x_wconf 90' lang='lat' dir='ltr'><strong>pullos</strong></span> <span class='ocrx_word' id='word_1_46' title='bbox 731 1056 789 1121; x_wconf 87' lang='lat' dir='ltr'><strong>alit</strong></span> <span class='ocrx_word' id='word_1_47' title='bbox 816 1059 848 1120; x_wconf 85' lang='lat' dir='ltr'><strong>et</strong></span> <span class='ocrx_word' id='word_1_48' title='bbox 876 1057 968 1138; x_wconf 86' lang='lat' dir='ltr'><strong>quasi</strong></span> <span class='ocrx_word' id='word_1_49' title='bbox 996 1075 1069 1120; x_wconf 88' lang='lat' dir='ltr'><strong>oum</strong></span> <span class='ocrx_word' id='word_1_50' title='bbox 1094 1074 1152 1119; x_wconf 90' lang='lat' dir='ltr'><strong>sua</strong></span> <span class='ocrx_word' id='word_1_51' title='bbox 1181 1059 1280 1120; x_wconf 88' lang='lat' dir='ltr'><strong>matre</strong></span> 
     </span>
     <span class='ocr_line' id='line_1_7' title="bbox 129 1162 1279 1244; baseline 0 -18"><span class='ocrx_word' id='word_1_52' title='bbox 129 1162 265 1226; x_wconf 85' lang='lat' dir='ltr'><strong>familias</strong></span> <span class='ocrx_word' id='word_1_53' title='bbox 290 1163 476 1226; x_wconf 84' lang='lat' dir='ltr'><strong>societatem</strong></span> <span class='ocrx_word' id='word_1_54' title='bbox 502 1162 710 1226; x_wconf 77' lang='lat' dir='ltr'><strong>domesticam</strong></span> <span class='ocrx_word' id='word_1_55' title='bbox 734 1165 852 1243; x_wconf 87' lang='lat' dir='ltr'><strong>quanta</strong></span> <span class='ocrx_word' id='word_1_56' title='bbox 870 1165 977 1244; x_wconf 89' lang='lat' dir='ltr'><strong>potest</strong></span> <span class='ocrx_word' id='word_1_57' title='bbox 995 1181 1072 1244; x_wconf 90' lang='lat' dir='ltr'><strong>pace</strong></span> <span class='ocrx_word' id='word_1_58' title='bbox 1092 1165 1279 1226; x_wconf 80' lang='lat' dir='ltr'><strong>conseruat?</strong></span> 
     </span>
     <span class='ocr_line' id='line_1_8' title="bbox 130 1268 1280 1352; baseline 0.001 -20"><span class='ocrx_word' id='word_1_59' title='bbox 130 1269 252 1348; x_wconf 84' lang='lat' dir='ltr'><strong>Quanto</strong></span> <span class='ocrx_word' id='word_1_60' title='bbox 275 1269 381 1352; x_wconf 82' lang='lat' dir='ltr'><strong>magis</strong></span> <span class='ocrx_word' id='word_1_61' title='bbox 404 1269 499 1333; x_wconf 89' lang='lat' dir='ltr'><strong>homo</strong></span> <span class='ocrx_word' id='word_1_62' title='bbox 518 1269 620 1332; x_wconf 86' lang='lat' dir='ltr'><strong>fertur</strong></span> <span class='ocrx_word' id='word_1_63' title='bbox 639 1268 775 1350; x_wconf 85' lang='lat' dir='ltr'><strong>quodam</strong></span> <span class='ocrx_word' id='word_1_64' title='bbox 794 1269 888 1332; x_wconf 92' lang='lat' dir='ltr'><strong>modo</strong></span> <span class='ocrx_word' id='word_1_65' title='bbox 910 1271 1038 1332; x_wconf 87' lang='lat' dir='ltr'><strong>naturae</strong></span> <span class='ocrx_word' id='word_1_66' title='bbox 1058 1287 1134 1333; x_wconf 84' lang='lat' dir='ltr'><strong>suae</strong></span> <span class='ocrx_word' id='word_1_67' title='bbox 1152 1268 1280 1352; x_wconf 83' lang='lat' dir='ltr'><strong>legibus</strong></span> 
     </span>
     <span class='ocr_line' id='line_1_9' title="bbox 129 1374 1279 1459; baseline 0.002 -22"><span class='ocrx_word' id='word_1_68' title='bbox 129 1375 164 1438; x_wconf 91' lang='lat' dir='ltr'><strong>ad</strong></span> <span class='ocrx_word' id='word_1_69' title='bbox 190 1374 361 1439; x_wconf 84' lang='lat' dir='ltr'><strong>ineundam</strong></span> <span class='ocrx_word' id='word_1_70' title='bbox 390 1375 578 1438; x_wconf 89' lang='lat' dir='ltr'><strong>societatem</strong></span> <span class='ocrx_word' id='word_1_71' title='bbox 605 1394 779 1457; x_wconf 87' lang='lat' dir='ltr'><strong>pacemque</strong></span> <span class='ocrx_word' id='word_1_72' title='bbox 804 1394 877 1438; x_wconf 91' lang='lat' dir='ltr'><strong>oum</strong></span> <span class='ocrx_word' id='word_1_73' title='bbox 902 1375 1096 1452; x_wconf 80' lang='lat' dir='ltr'><strong>hominibus,</strong></span> <span class='ocrx_word' id='word_1_74' title='bbox 1126 1379 1279 1459; x_wconf 84' lang='lat' dir='ltr'><strong>quantum</strong></span> 
     </span>
     <span class='ocr_line' id='line_1_10' title="bbox 129 1481 1278 1564; baseline 0.003 -21"><span class='ocrx_word' id='word_1_75' title='bbox 129 1481 155 1544; x_wconf 92' lang='lat' dir='ltr'><strong>in</strong></span> <span class='ocrx_word' id='word_1_76' title='bbox 178 1482 250 1562; x_wconf 89' lang='lat' dir='ltr'><strong>ipso</strong></span> <span class='ocrx_word' id='word_1_77' title='bbox 275 1485 335 1558; x_wconf 85' lang='lat' dir='ltr'><strong>est,</strong></span> <span class='ocrx_word' id='word_1_78' title='bbox 360 1481 507 1545; x_wconf 88' lang='lat' dir='ltr'><strong>omnibus</strong></span> <span class='ocrx_word' id='word_1_79' title='bbox 532 1481 743 1559; x_wconf 87' lang='lat' dir='ltr'><strong>obtinendam,</strong></span> <span class='ocrx_word' id='word_1_80' title='bbox 768 1500 840 1545; x_wconf 92' lang='lat' dir='ltr'><strong>oum</strong></span> <span class='ocrx_word' id='word_1_81' title='bbox 862 1482 956 1545; x_wconf 86' lang='lat' dir='ltr'><strong>etiam</strong></span> <span class='ocrx_word' id='word_1_82' title='bbox 976 1482 1050 1545; x_wconf 87' lang='lat' dir='ltr'><strong>mali</strong></span> <span class='ocrx_word' id='word_1_83' title='bbox 1070 1501 1126 1564; x_wconf 90' lang='lat' dir='ltr'><strong>pro</strong></span> <span class='ocrx_word' id='word_1_84' title='bbox 1148 1501 1278 1547; x_wconf 85' lang='lat' dir='ltr'><strong>suorum</strong></span> 
     </span>
     <span class='ocr_line' id='line_1_11' title="bbox 90 1589 1280 1671; baseline 0.003 -22"><span class='ocrx_word' id='word_1_85' title='bbox 90 1607 200 1669; x_wconf 84' lang='lat' dir='ltr'><strong>opace</strong></span> <span class='ocrx_word' id='word_1_86' title='bbox 230 1589 418 1671; x_wconf 85' lang='lat' dir='ltr'><strong>belligerent</strong></span> <span class='ocrx_word' id='word_1_87' title='bbox 448 1607 631 1669; x_wconf 86' lang='lat' dir='ltr'><strong>omnesque,</strong></span> <span class='ocrx_word' id='word_1_88' title='bbox 659 1589 687 1652; x_wconf 91' lang='lat' dir='ltr'><strong>si</strong></span> <span class='ocrx_word' id='word_1_89' title='bbox 711 1589 845 1671; x_wconf 82' lang='lat' dir='ltr'><strong>possint,</strong></span> <span class='ocrx_word' id='word_1_90' title='bbox 875 1607 950 1653; x_wconf 91' lang='lat' dir='ltr'><strong>suos</strong></span> <span class='ocrx_word' id='word_1_91' title='bbox 979 1589 1082 1652; x_wconf 83' lang='lat' dir='ltr'><strong>facere</strong></span> <span class='ocrx_word' id='word_1_92' title='bbox 1106 1589 1218 1666; x_wconf 79' lang='lat' dir='ltr'><strong>uelint,</strong></span> <span class='ocrx_word' id='word_1_93' title='bbox 1242 1593 1280 1653; x_wconf 91' lang='lat' dir='ltr'><strong>ut</strong></span> 
     </span>
     <span class='ocr_line' id='line_1_12' title="bbox 128 1691 1277 1778; baseline 0.001 -20"><span class='ocrx_word' id='word_1_94' title='bbox 128 1696 179 1758; x_wconf 91' lang='lat' dir='ltr'><strong>uni</strong></span> <span class='ocrx_word' id='word_1_95' title='bbox 217 1695 324 1759; x_wconf 90' lang='lat' dir='ltr'><strong>cuncti</strong></span> <span class='ocrx_word' id='word_1_96' title='bbox 365 1698 397 1759; x_wconf 89' lang='lat' dir='ltr'><strong>et</strong></span> <span class='ocrx_word' id='word_1_97' title='bbox 433 1697 548 1758; x_wconf 88' lang='lat' dir='ltr'><strong>cuncta</strong></span> <span class='ocrx_word' id='word_1_98' title='bbox 584 1695 777 1771; x_wconf 83' lang='lat' dir='ltr'><strong>deseruiant3</strong></span> <span class='ocrx_word' id='word_1_99' title='bbox 817 1715 879 1778; x_wconf 90' lang='lat' dir='ltr'><strong>quo</strong></span> <span class='ocrx_word' id='word_1_100' title='bbox 912 1698 1016 1778; x_wconf 84' lang='lat' dir='ltr'><strong>pacto,</strong></span> <span class='ocrx_word' id='word_1_101' title='bbox 1050 1695 1111 1760; x_wconf 91' lang='lat' dir='ltr'><strong>nisi</strong></span> <span class='ocrx_word' id='word_1_102' title='bbox 1143 1691 1173 1759; x_wconf 77' lang='lat' dir='ltr'><strong>i&#39;n</strong></span> <span class='ocrx_word' id='word_1_103' title='bbox 1208 1696 1277 1760; x_wconf 89' lang='lat' dir='ltr'><strong>eius</strong></span> 
     </span>
     <span class='ocr_line' id='line_1_13' title="bbox 128 1800 1279 1884; baseline 0.001 -19"><span class='ocrx_word' id='word_1_104' title='bbox 128 1820 236 1881; x_wconf 87' lang='lat' dir='ltr'><strong>paoem</strong></span> <span class='ocrx_word' id='word_1_105' title='bbox 264 1802 317 1865; x_wconf 88' lang='lat' dir='ltr'><strong>uel</strong></span> <span class='ocrx_word' id='word_1_106' title='bbox 341 1800 474 1865; x_wconf 90' lang='lat' dir='ltr'><strong>amando</strong></span> <span class='ocrx_word' id='word_1_107' title='bbox 498 1801 551 1865; x_wconf 91' lang='lat' dir='ltr'><strong>uel</strong></span> <span class='ocrx_word' id='word_1_108' title='bbox 574 1801 714 1866; x_wconf 85' lang='lat' dir='ltr'><strong>timendo</strong></span> <span class='ocrx_word' id='word_1_109' title='bbox 738 1803 956 1866; x_wconf 76' lang='lat' dir='ltr'><strong>consentiant?</strong></span> <span class='ocrx_word' id='word_1_110' title='bbox 987 1801 1039 1866; x_wconf 88' lang='lat' dir='ltr'><strong>Sic</strong></span> <span class='ocrx_word' id='word_1_111' title='bbox 1063 1803 1145 1866; x_wconf 90' lang='lat' dir='ltr'><strong>enim</strong></span> <span class='ocrx_word' id='word_1_112' title='bbox 1172 1821 1279 1884; x_wconf 90' lang='lat' dir='ltr'><strong>snper·</strong></span> 
     </span>
     <span class='ocr_line' id='line_1_14' title="bbox 128 1905 1278 1991; baseline 0.003 -22"><span class='ocrx_word' id='word_1_113' title='bbox 128 1907 179 1971; x_wconf 81' lang='lat' dir='ltr'><strong>bia</strong></span> <span class='ocrx_word' id='word_1_114' title='bbox 206 1926 356 1990; x_wconf 91' lang='lat' dir='ltr'><strong>peruerse</strong></span> <span class='ocrx_word' id='word_1_115' title='bbox 379 1908 524 1971; x_wconf 86' lang='lat' dir='ltr'><strong>imitatur</strong></span> <span class='ocrx_word' id='word_1_116' title='bbox 547 1905 662 1970; x_wconf 91' lang='lat' dir='ltr'><strong>Deum.</strong></span> <span class='ocrx_word' id='word_1_117' title='bbox 691 1905 768 1971; x_wconf 86' lang='lat' dir='ltr'><strong>Odit</strong></span> <span class='ocrx_word' id='word_1_118' title='bbox 786 1926 923 1989; x_wconf 88' lang='lat' dir='ltr'><strong>namque</strong></span> <span class='ocrx_word' id='word_1_119' title='bbox 948 1927 1020 1972; x_wconf 92' lang='lat' dir='ltr'><strong>cum</strong></span> <span class='ocrx_word' id='word_1_120' title='bbox 1044 1909 1140 1972; x_wconf 88' lang='lat' dir='ltr'><strong>sociis</strong></span> <span class='ocrx_word' id='word_1_121' title='bbox 1165 1927 1278 1991; x_wconf 87' lang='lat' dir='ltr'><strong>aequa-</strong></span> 
     </span>
     <span class='ocr_line' id='line_1_15' title="bbox 127 2012 1278 2094; baseline 0.004 -20"><span class='ocrx_word' id='word_1_122' title='bbox 127 2013 249 2077; x_wconf 84' lang='lat' dir='ltr'><strong>litatem</strong></span> <span class='ocrx_word' id='word_1_123' title='bbox 273 2013 333 2077; x_wconf 91' lang='lat' dir='ltr'><strong>snb</strong></span> <span class='ocrx_word' id='word_1_124' title='bbox 356 2014 424 2078; x_wconf 85' lang='lat' dir='ltr'><strong>illo.</strong></span> <span class='ocrx_word' id='word_1_125' title='bbox 448 2013 505 2076; x_wconf 86' lang='lat' dir='ltr'><strong>sed</strong></span> <span class='ocrx_word' id='word_1_126' title='bbox 527 2012 677 2094; x_wconf 84' lang='lat' dir='ltr'><strong>inponere</strong></span> <span class='ocrx_word' id='word_1_127' title='bbox 700 2014 773 2078; x_wconf 90' lang='lat' dir='ltr'><strong>uult</strong></span> <span class='ocrx_word' id='word_1_128' title='bbox 795 2013 891 2078; x_wconf 88' lang='lat' dir='ltr'><strong>sociis</strong></span> <span class='ocrx_word' id='word_1_129' title='bbox 917 2013 1161 2079; x_wconf 89' lang='lat' dir='ltr'><strong>dominationem</strong></span> <span class='ocrx_word' id='word_1_130' title='bbox 1186 2033 1278 2079; x_wconf 87' lang='lat' dir='ltr'><strong>suam</strong></span> 
     </span>
     <span class='ocr_line' id='line_1_16' title="bbox 90 2119 1277 2204; baseline 0.003 -22"><span class='ocrx_word' id='word_1_131' title='bbox 90 2139 112 2177; x_wconf 80' lang='lat'><strong>1⁵</strong></span> <span class='ocrx_word' id='word_1_132' title='bbox 128 2140 181 2201; x_wconf 92' lang='lat' dir='ltr'><strong>pro</strong></span> <span class='ocrx_word' id='word_1_133' title='bbox 204 2121 272 2184; x_wconf 92' lang='lat' dir='ltr'><strong>illo.</strong></span> <span class='ocrx_word' id='word_1_134' title='bbox 298 2119 374 2184; x_wconf 88' lang='lat' dir='ltr'><strong>Odit</strong></span> <span class='ocrx_word' id='word_1_135' title='bbox 396 2139 470 2203; x_wconf 83' lang='lat' dir='ltr'><strong>ergo</strong></span> <span class='ocrx_word' id='word_1_136' title='bbox 495 2120 614 2183; x_wconf 89' lang='lat' dir='ltr'><strong>iustam</strong></span> <span class='ocrx_word' id='word_1_137' title='bbox 639 2139 747 2202; x_wconf 88' lang='lat' dir='ltr'><strong>pacem</strong></span> <span class='ocrx_word' id='word_1_138' title='bbox 767 2119 828 2184; x_wconf 87' lang='lat' dir='ltr'><strong>Dei</strong></span> <span class='ocrx_word' id='word_1_139' title='bbox 851 2124 882 2184; x_wconf 86' lang='lat' dir='ltr'><strong>et</strong></span> <span class='ocrx_word' id='word_1_140' title='bbox 903 2124 988 2185; x_wconf 86' lang='lat' dir='ltr'><strong>amat</strong></span> <span class='ocrx_word' id='word_1_141' title='bbox 1006 2121 1147 2203; x_wconf 88' lang='lat' dir='ltr'><strong>iniquam</strong></span> <span class='ocrx_word' id='word_1_142' title='bbox 1167 2141 1277 2204; x_wconf 90' lang='lat' dir='ltr'><strong>paoem</strong></span> 
     </span>
     <span class='ocr_line' id='line_1_17' title="bbox 128 2227 1277 2308; baseline 0.002 -19"><span class='ocrx_word' id='word_1_143' title='bbox 128 2245 226 2290; x_wconf 92' lang='lat' dir='ltr'><strong>suam.</strong></span> <span class='ocrx_word' id='word_1_144' title='bbox 258 2227 331 2291; x_wconf 90' lang='lat' dir='ltr'><strong>Non</strong></span> <span class='ocrx_word' id='word_1_145' title='bbox 364 2245 467 2290; x_wconf 85' lang='lat' dir='ltr'><strong>omaro</strong></span> <span class='ocrx_word' id='word_1_146' title='bbox 500 2229 606 2289; x_wconf 89' lang='lat' dir='ltr'><strong>tamen</strong></span> <span class='ocrx_word' id='word_1_147' title='bbox 635 2227 899 2307; x_wconf 83' lang='lat' dir='ltr'><strong>qualemcumque</strong></span> <span class='ocrx_word' id='word_1_148' title='bbox 927 2245 1037 2308; x_wconf 89' lang='lat' dir='ltr'><strong>pacem</strong></span> <span class='ocrx_word' id='word_1_149' title='bbox 1066 2227 1153 2291; x_wconf 91' lang='lat' dir='ltr'><strong>nullo</strong></span> <span class='ocrx_word' id='word_1_150' title='bbox 1182 2227 1277 2292; x_wconf 92' lang='lat' dir='ltr'><strong>modo</strong></span> 
     </span>
     <span class='ocr_line' id='line_1_18' title="bbox 127 2331 1276 2415; baseline 0 -19"><span class='ocrx_word' id='word_1_151' title='bbox 127 2336 243 2414; x_wconf 88' lang='lat' dir='ltr'><strong>potest.</strong></span> <span class='ocrx_word' id='word_1_152' title='bbox 278 2331 409 2396; x_wconf 82' lang='lat' dir='ltr'><strong>Nullius</strong></span> <span class='ocrx_word' id='word_1_153' title='bbox 447 2332 565 2415; x_wconf 90' lang='lat' dir='ltr'><strong>quippe</strong></span> <span class='ocrx_word' id='word_1_154' title='bbox 602 2331 718 2394; x_wconf 88' lang='lat' dir='ltr'><strong>uitium</strong></span> <span class='ocrx_word' id='word_1_155' title='bbox 751 2332 797 2395; x_wconf 89' lang='lat' dir='ltr'><strong>ita</strong></span> <span class='ocrx_word' id='word_1_156' title='bbox 829 2335 938 2396; x_wconf 86' lang='lat' dir='ltr'><strong>contra</strong></span> <span class='ocrx_word' id='word_1_157' title='bbox 971 2336 1114 2397; x_wconf 82' lang='lat' dir='ltr'><strong>naturam</strong></span> <span class='ocrx_word' id='word_1_158' title='bbox 1148 2336 1206 2412; x_wconf 83' lang='lat' dir='ltr'><strong>est,</strong></span> <span class='ocrx_word' id='word_1_159' title='bbox 1240 2337 1276 2398; x_wconf 90' lang='lat' dir='ltr'><strong>nt</strong></span> 
     </span>
     <span class='ocr_line' id='line_1_19' title="bbox 127 2438 837 2522; baseline 0 -20"><span class='ocrx_word' id='word_1_160' title='bbox 127 2443 255 2504; x_wconf 86' lang='lat' dir='ltr'><strong>naturae</strong></span> <span class='ocrx_word' id='word_1_161' title='bbox 278 2438 382 2503; x_wconf 87' lang='lat' dir='ltr'><strong>deleat</strong></span> <span class='ocrx_word' id='word_1_162' title='bbox 405 2439 501 2502; x_wconf 88' lang='lat' dir='ltr'><strong>etiam</strong></span> <span class='ocrx_word' id='word_1_163' title='bbox 527 2441 665 2502; x_wconf 87' lang='lat' dir='ltr'><strong>extrema</strong></span> <span class='ocrx_word' id='word_1_164' title='bbox 688 2439 837 2522; x_wconf 78' lang='lat' dir='ltr'><strong>uestigia.</strong></span> 
     </span>
     <span class='ocr_line' id='line_1_20' title="bbox 170 2545 1277 2629; baseline 0 -21"><span class='ocrx_word' id='word_1_165' title='bbox 170 2545 283 2627; x_wconf 88' lang='lat' dir='ltr'><strong>ltaque</strong></span> <span class='ocrx_word' id='word_1_166' title='bbox 314 2563 425 2626; x_wconf 89' lang='lat' dir='ltr'><strong>paoem</strong></span> <span class='ocrx_word' id='word_1_167' title='bbox 460 2545 641 2626; x_wconf 89' lang='lat' dir='ltr'><strong>iniquorum</strong></span> <span class='ocrx_word' id='word_1_168' title='bbox 672 2545 704 2609; x_wconf 94' lang='lat' dir='ltr'><strong>in</strong></span> <span class='ocrx_word' id='word_1_169' title='bbox 737 2545 826 2627; x_wconf 86' lang='lat' dir='ltr'><strong>pacis</strong></span> <span class='ocrx_word' id='word_1_170' title='bbox 860 2545 1082 2629; x_wconf 85' lang='lat' dir='ltr'><strong>conparatione</strong></span> <span class='ocrx_word' id='word_1_171' title='bbox 1119 2547 1277 2610; x_wconf 89' lang='lat' dir='ltr'><strong>iustorum</strong></span> 
     </span>
     <span class='ocr_line' id='line_1_21' title="bbox 86 2650 1277 2734; baseline 0.003 -23"><span class='ocrx_word' id='word_1_172' title='bbox 86 2650 182 2715; x_wconf 78' lang='lat' dir='ltr'><strong>soille</strong></span> <span class='ocrx_word' id='word_1_173' title='bbox 214 2651 302 2716; x_wconf 91' lang='lat' dir='ltr'><strong>uidet</strong></span> <span class='ocrx_word' id='word_1_174' title='bbox 333 2670 391 2716; x_wconf 90' lang='lat' dir='ltr'><strong>nec</strong></span> <span class='ocrx_word' id='word_1_175' title='bbox 423 2671 534 2734; x_wconf 88' lang='lat' dir='ltr'><strong>paoem</strong></span> <span class='ocrx_word' id='word_1_176' title='bbox 567 2669 637 2715; x_wconf 86' lang='lat' dir='ltr'><strong>esse</strong></span> <span class='ocrx_word' id='word_1_177' title='bbox 670 2651 846 2728; x_wconf 83' lang='lat' dir='ltr'><strong>dicendam,</strong></span> <span class='ocrx_word' id='word_1_178' title='bbox 881 2653 935 2734; x_wconf 92' lang='lat' dir='ltr'><strong>qui</strong></span> <span class='ocrx_word' id='word_1_179' title='bbox 967 2653 1057 2716; x_wconf 91' lang='lat' dir='ltr'><strong>nouit</strong></span> <span class='ocrx_word' id='word_1_180' title='bbox 1085 2671 1277 2734; x_wconf 84' lang='lat' dir='ltr'><strong>praeponere</strong></span> 
     </span>
     <span class='ocr_line' id='line_1_22' title="bbox 127 2757 1276 2840; baseline 0.003 -21"><span class='ocrx_word' id='word_1_181' title='bbox 127 2763 213 2822; x_wconf 85' lang='lat' dir='ltr'><strong>reela</strong></span> <span class='ocrx_word' id='word_1_182' title='bbox 242 2759 352 2840; x_wconf 86' lang='lat' dir='ltr'><strong>prauis</strong></span> <span class='ocrx_word' id='word_1_183' title='bbox 385 2761 417 2823; x_wconf 88' lang='lat' dir='ltr'><strong>et</strong></span> <span class='ocrx_word' id='word_1_184' title='bbox 449 2757 593 2822; x_wconf 88' lang='lat' dir='ltr'><strong>ordinata</strong></span> <span class='ocrx_word' id='word_1_185' title='bbox 625 2758 794 2840; x_wconf 82' lang='lat' dir='ltr'><strong>peruersis.</strong></span> <span class='ocrx_word' id='word_1_186' title='bbox 827 2757 920 2838; x_wconf 82' lang='lat' dir='ltr'><strong>Quod</strong></span> <span class='ocrx_word' id='word_1_187' title='bbox 953 2763 1060 2822; x_wconf 84' lang='lat' dir='ltr'><strong>autem</strong></span> <span class='ocrx_word' id='word_1_188' title='bbox 1092 2777 1276 2840; x_wconf 88' lang='lat' dir='ltr'><strong>peruersum</strong></span> 
     </span>
     <span class='ocr_line' id='line_1_23' title="bbox 128 2863 1276 2950; baseline 0 -25"><span class='ocrx_word' id='word_1_189' title='bbox 128 2867 188 2939; x_wconf 82' lang='lat' dir='ltr'><strong>est,</strong></span> <span class='ocrx_word' id='word_1_190' title='bbox 215 2865 309 2927; x_wconf 83' lang='lat' dir='ltr'><strong>etiam</strong></span> <span class='ocrx_word' id='word_1_191' title='bbox 338 2864 399 2928; x_wconf 90' lang='lat' dir='ltr'><strong>hoo</strong></span> <span class='ocrx_word' id='word_1_192' title='bbox 427 2881 557 2927; x_wconf 89' lang='lat' dir='ltr'><strong>necesse</strong></span> <span class='ocrx_word' id='word_1_193' title='bbox 581 2868 632 2926; x_wconf 88' lang='lat' dir='ltr'><strong>est</strong></span> <span class='ocrx_word' id='word_1_194' title='bbox 654 2865 692 2926; x_wconf 93' lang='lat' dir='ltr'><strong>ut</strong></span> <span class='ocrx_word' id='word_1_195' title='bbox 714 2863 746 2926; x_wconf 93' lang='lat' dir='ltr'><strong>in</strong></span> <span class='ocrx_word' id='word_1_196' title='bbox 769 2863 876 2946; x_wconf 87' lang='lat' dir='ltr'><strong>aliqua</strong></span> <span class='ocrx_word' id='word_1_197' title='bbox 905 2868 936 2928; x_wconf 91' lang='lat' dir='ltr'><strong>et</strong></span> <span class='ocrx_word' id='word_1_198' title='bbox 960 2864 1125 2946; x_wconf 84' lang='lat' dir='ltr'><strong>exaliqua</strong></span> <span class='ocrx_word' id='word_1_199' title='bbox 1149 2866 1276 2950; x_wconf 84' lang='lat' dir='ltr'><strong>etcum</strong></span> 
     </span>
     <span class='ocr_line' id='line_1_24' title="bbox 128 2969 1276 3053; baseline 0.001 -21"><span class='ocrx_word' id='word_1_200' title='bbox 128 2970 232 3052; x_wconf 87' lang='lat' dir='ltr'><strong>aliqna</strong></span> <span class='ocrx_word' id='word_1_201' title='bbox 258 2989 363 3034; x_wconf 90' lang='lat' dir='ltr'><strong>rerum</strong></span> <span class='ocrx_word' id='word_1_202' title='bbox 387 2972 476 3052; x_wconf 87' lang='lat' dir='ltr'><strong>parts</strong></span> <span class='ocrx_word' id='word_1_203' title='bbox 500 2971 648 3051; x_wconf 85' lang='lat' dir='ltr'><strong>pacatum</strong></span> <span class='ocrx_word' id='word_1_204' title='bbox 672 2969 725 3045; x_wconf 77' lang='lat' dir='ltr'><strong>sit,</strong></span> <span class='ocrx_word' id='word_1_205' title='bbox 753 2970 786 3033; x_wconf 95' lang='lat' dir='ltr'><strong>in</strong></span> <span class='ocrx_word' id='word_1_206' title='bbox 811 2971 926 3053; x_wconf 87' lang='lat' dir='ltr'><strong>quibus</strong></span> <span class='ocrx_word' id='word_1_207' title='bbox 952 2973 1002 3035; x_wconf 89' lang='lat' dir='ltr'><strong>est</strong></span> <span class='ocrx_word' id='word_1_208' title='bbox 1025 2971 1077 3034; x_wconf 88' lang='lat' dir='ltr'><strong>uel</strong></span> <span class='ocrx_word' id='word_1_209' title='bbox 1101 2969 1276 3050; x_wconf 85' lang='lat' dir='ltr'><strong>exquibus</strong></span> 
     </span>
     <span class='ocr_line' id='line_1_25' title="bbox 127 3075 1277 3159; baseline 0.003 -21"><span class='ocrx_word' id='word_1_210' title='bbox 127 3079 263 3152; x_wconf 63' lang='lat' dir='ltr'><strong>conatam</strong></span> <span class='ocrx_word' id='word_1_211' title='bbox 288 3075 429 3157; x_wconf 86' lang='lat' dir='ltr'><strong>alioquin</strong></span> <span class='ocrx_word' id='word_1_212' title='bbox 449 3075 529 3139; x_wconf 93' lang='lat' dir='ltr'><strong>nihil</strong></span> <span class='ocrx_word' id='word_1_213' title='bbox 549 3080 635 3140; x_wconf 90' lang='lat' dir='ltr'><strong>esset</strong></span> <span class='ocrx_word' id='word_1_214' title='bbox 654 3077 792 3141; x_wconf 89' lang='lat' dir='ltr'><strong>omnino.</strong></span> <span class='ocrx_word' id='word_1_215' title='bbox 817 3077 915 3142; x_wconf 90' lang='lat' dir='ltr'><strong>Velut</strong></span> <span class='ocrx_word' id='word_1_216' title='bbox 938 3078 965 3140; x_wconf 91' lang='lat' dir='ltr'><strong>si</strong></span> <span class='ocrx_word' id='word_1_217' title='bbox 986 3077 1153 3159; x_wconf 88' lang='lat' dir='ltr'><strong>qnisquam</strong></span> <span class='ocrx_word' id='word_1_218' title='bbox 1174 3077 1277 3158; x_wconf 85' lang='lat' dir='ltr'><strong>capite</strong></span> 
     </span>
     <span class='ocr_line' id='line_1_26' title="bbox 86 3180 1276 3265; baseline 0.003 -22"><span class='ocrx_word' id='word_1_219' title='bbox 86 3203 111 3243; x_wconf 78' lang='lat' dir='ltr'><strong>rs</strong></span> <span class='ocrx_word' id='word_1_220' title='bbox 129 3181 274 3246; x_wconf 89' lang='lat' dir='ltr'><strong>deorsum</strong></span> <span class='ocrx_word' id='word_1_221' title='bbox 296 3180 440 3264; x_wconf 79' lang='lat' dir='ltr'><strong>pendeat,</strong></span> <span class='ocrx_word' id='word_1_222' title='bbox 463 3201 633 3264; x_wconf 88' lang='lat' dir='ltr'><strong>pernersus</strong></span> <span class='ocrx_word' id='word_1_223' title='bbox 659 3185 708 3246; x_wconf 90' lang='lat' dir='ltr'><strong>est</strong></span> <span class='ocrx_word' id='word_1_224' title='bbox 736 3184 847 3265; x_wconf 90' lang='lat' dir='ltr'><strong>utique</strong></span> <span class='ocrx_word' id='word_1_225' title='bbox 877 3182 959 3246; x_wconf 87' lang='lat' dir='ltr'><strong>situs</strong></span> <span class='ocrx_word' id='word_1_226' title='bbox 984 3183 1122 3264; x_wconf 90' lang='lat' dir='ltr'><strong>corporis</strong></span> <span class='ocrx_word' id='word_1_227' title='bbox 1146 3186 1178 3246; x_wconf 90' lang='lat' dir='ltr'><strong>et</strong></span> <span class='ocrx_word' id='word_1_228' title='bbox 1202 3182 1276 3248; x_wconf 90' lang='lat' dir='ltr'><strong>ordo</strong></span> 
     </span>
     <span class='ocr_line' id='line_1_27' title="bbox 127 3287 1276 3371; baseline 0.001 -21"><span class='ocrx_word' id='word_1_229' title='bbox 127 3289 348 3359; x_wconf 81' lang='lat' dir='ltr'><strong>membrorum,</strong></span> <span class='ocrx_word' id='word_1_230' title='bbox 373 3287 514 3369; x_wconf 79' lang='lat' dir='ltr'><strong>quinio,</strong></span> <span class='ocrx_word' id='word_1_231' title='bbox 539 3287 623 3368; x_wconf 92' lang='lat' dir='ltr'><strong>quod</strong></span> <span class='ocrx_word' id='word_1_232' title='bbox 648 3287 781 3370; x_wconf 88' lang='lat' dir='ltr'><strong>desuper</strong></span> <span class='ocrx_word' id='word_1_233' title='bbox 806 3305 875 3352; x_wconf 92' lang='lat' dir='ltr'><strong>esse</strong></span> <span class='ocrx_word' id='word_1_234' title='bbox 895 3291 1006 3351; x_wconf 87' lang='lat' dir='ltr'><strong>natnro</strong></span> <span class='ocrx_word' id='word_1_235' title='bbox 1026 3288 1177 3371; x_wconf 88' lang='lat' dir='ltr'><strong>postolat,</strong></span> <span class='ocrx_word' id='word_1_236' title='bbox 1203 3289 1276 3352; x_wconf 91' lang='lat' dir='ltr'><strong>sub-</strong></span> 
     </span>
     <span class='ocr_line' id='line_1_28' title="bbox 127 3371 1275 3476; baseline 0.003 -20"><span class='ocrx_word' id='word_1_237' title='bbox 127 3395 176 3456; x_wconf 85' lang='lat' dir='ltr'><strong>ter</strong></span> <span class='ocrx_word' id='word_1_238' title='bbox 206 3399 263 3458; x_wconf 89' lang='lat' dir='ltr'><strong>est.</strong></span> <span class='ocrx_word' id='word_1_239' title='bbox 298 3397 331 3457; x_wconf 86' lang='lat' dir='ltr'><strong>et</strong></span> <span class='ocrx_word' id='word_1_240' title='bbox 363 3393 448 3474; x_wconf 91' lang='lat' dir='ltr'><strong>qnod</strong></span> <span class='ocrx_word' id='word_1_241' title='bbox 476 3371 533 3456; x_wconf 83' lang='lat' dir='ltr'><strong>ilia</strong></span> <span class='ocrx_word' id='word_1_242' title='bbox 561 3393 671 3458; x_wconf 86' lang='lat' dir='ltr'><strong>subter</strong></span> <span class='ocrx_word' id='word_1_243' title='bbox 698 3394 769 3456; x_wconf 85' lang='lat' dir='ltr'><strong>uult</strong></span> <span class='ocrx_word' id='word_1_244' title='bbox 793 3411 875 3471; x_wconf 73' lang='lat' dir='ltr'><strong>esse,</strong></span> <span class='ocrx_word' id='word_1_245' title='bbox 910 3393 1045 3476; x_wconf 90' lang='lat' dir='ltr'><strong>desuper</strong></span> <span class='ocrx_word' id='word_1_246' title='bbox 1068 3395 1189 3458; x_wconf 85' lang='lat' dir='ltr'><strong>facturn</strong></span> <span class='ocrx_word' id='word_1_247' title='bbox 1213 3398 1275 3470; x_wconf 72' lang='grc' dir='ltr'>θεῖς</span> 
     </span>
     <span class='ocr_line' id='line_1_29' title="bbox 129 3499 1276 3584; baseline 0.003 -22"><span class='ocrx_word' id='word_1_248' title='bbox 129 3501 327 3565; x_wconf 87' lang='lat' dir='ltr'><strong>conturbauit</strong></span> <span class='ocrx_word' id='word_1_249' title='bbox 352 3501 454 3564; x_wconf 83' lang='lat' dir='ltr'><strong>carnis</strong></span> <span class='ocrx_word' id='word_1_250' title='bbox 478 3520 589 3584; x_wconf 88' lang='lat' dir='ltr'><strong>pacem</strong></span> <span class='ocrx_word' id='word_1_251' title='bbox 612 3501 674 3563; x_wconf 89' lang='lat' dir='ltr'><strong>ista</strong></span> <span class='ocrx_word' id='word_1_252' title='bbox 697 3500 891 3581; x_wconf 88' lang='lat' dir='ltr'><strong>peruersitas</strong></span> <span class='ocrx_word' id='word_1_253' title='bbox 917 3504 949 3564; x_wconf 91' lang='lat' dir='ltr'><strong>et</strong></span> <span class='ocrx_word' id='word_1_254' title='bbox 967 3499 1037 3564; x_wconf 89' lang='lat' dir='ltr'><strong>ideo</strong></span> <span class='ocrx_word' id='word_1_255' title='bbox 1058 3502 1193 3564; x_wconf 87' lang='lat' dir='ltr'><strong>molesta</strong></span> <span class='ocrx_word' id='word_1_256' title='bbox 1213 3504 1276 3566; x_wconf 89' lang='lat' dir='ltr'><strong>est:</strong></span> 
     </span>
     <span class='ocr_line' id='line_1_30' title="bbox 128 3606 1275 3689; baseline 0.003 -22"><span class='ocrx_word' id='word_1_257' title='bbox 128 3625 236 3670; x_wconf 83' lang='lat' dir='ltr'><strong>nerum</strong></span> <span class='ocrx_word' id='word_1_258' title='bbox 259 3611 365 3670; x_wconf 89' lang='lat' dir='ltr'><strong>tamen</strong></span> <span class='ocrx_word' id='word_1_259' title='bbox 391 3607 495 3671; x_wconf 81' lang='lat' dir='ltr'><strong>anima</strong></span> <span class='ocrx_word' id='word_1_260' title='bbox 519 3606 641 3688; x_wconf 79' lang='lat' dir='ltr'><strong>corpori</strong></span> <span class='ocrx_word' id='word_1_261' title='bbox 666 3625 722 3670; x_wconf 85' lang='lat' dir='ltr'><strong>suo</strong></span> <span class='ocrx_word' id='word_1_262' title='bbox 747 3609 860 3689; x_wconf 86' lang='lat' dir='ltr'><strong>pacata</strong></span> <span class='ocrx_word' id='word_1_263' title='bbox 882 3610 931 3672; x_wconf 88' lang='lat' dir='ltr'><strong>est</strong></span> <span class='ocrx_word' id='word_1_264' title='bbox 956 3611 988 3671; x_wconf 87' lang='lat' dir='ltr'><strong>et</strong></span> <span class='ocrx_word' id='word_1_265' title='bbox 1006 3627 1061 3689; x_wconf 91' lang='lat' dir='ltr'><strong>pro</strong></span> <span class='ocrx_word' id='word_1_266' title='bbox 1083 3607 1151 3672; x_wconf 89' lang='lat' dir='ltr'><strong>eins</strong></span> <span class='ocrx_word' id='word_1_267' title='bbox 1172 3607 1275 3670; x_wconf 86' lang='lat' dir='ltr'><strong>salute</strong></span> 
     </span>
     <span class='ocr_line' id='line_1_31' title="bbox 83 3705 1277 3796; baseline 0.002 -21"><span class='ocrx_word' id='word_1_268' title='bbox 83 3737 109 3775; x_wconf 80' lang='lat' dir='ltr'><strong>oo</strong></span> <span class='ocrx_word' id='word_1_269' title='bbox 129 3714 253 3796; x_wconf 85' lang='lat' dir='ltr'><strong>satagit,</strong></span> <span class='ocrx_word' id='word_1_270' title='bbox 277 3718 310 3776; x_wconf 89' lang='lat' dir='ltr'><strong>et</strong></span> <span class='ocrx_word' id='word_1_271' title='bbox 331 3712 404 3777; x_wconf 89' lang='lat' dir='ltr'><strong>ideo</strong></span> <span class='ocrx_word' id='word_1_272' title='bbox 429 3718 478 3776; x_wconf 89' lang='lat' dir='ltr'><strong>est</strong></span> <span class='ocrx_word' id='word_1_273' title='bbox 502 3713 556 3793; x_wconf 89' lang='lat' dir='ltr'><strong>qni</strong></span> <span class='ocrx_word' id='word_1_274' title='bbox 581 3705 699 3776; x_wconf 77' lang='lat' dir='ltr'><strong>doleat:</strong></span> <span class='ocrx_word' id='word_1_275' title='bbox 725 3733 804 3793; x_wconf 84' lang='lat' dir='ltr'><strong>qorae</strong></span> <span class='ocrx_word' id='word_1_276' title='bbox 830 3714 856 3776; x_wconf 92' lang='lat' dir='ltr'><strong>si</strong></span> <span class='ocrx_word' id='word_1_277' title='bbox 880 3715 1037 3778; x_wconf 85' lang='lat' dir='ltr'><strong>molestiis</strong></span> <span class='ocrx_word' id='word_1_278' title='bbox 1062 3715 1130 3777; x_wconf 90' lang='lat' dir='ltr'><strong>eius</strong></span> <span class='ocrx_word' id='word_1_279' title='bbox 1150 3714 1277 3777; x_wconf 84' lang='lat' dir='ltr'><strong>exclusa</strong></span> 
     </span>
    </p>
   </div>
   <div class='ocr_carea' id='block_1_3' title="bbox 134 3955 1277 4148">
    <p class='ocr_par' dir='ltr' id='par_1_3' title="bbox 134 3955 1277 4148">
     <span class='ocr_line' id='line_1_32' title="bbox 168 3955 1275 4025; baseline 0.003 -19"><span class='ocrx_word' id='word_1_280' title='bbox 168 3955 288 4010; x_wconf 88' lang='lat' dir='ltr'><strong>lieones</strong></span> <span class='ocrx_word' id='word_1_281' title='bbox 307 3955 366 4025; x_wconf 91' lang='lat' dir='ltr'><strong>lupi</strong></span> <span class='ocrx_word' id='word_1_282' title='bbox 385 3974 402 4006; x_wconf 84' lang='lat' dir='ltr'><strong>or</strong></span> <span class='ocrx_word' id='word_1_283' title='bbox 421 3955 519 4009; x_wconf 72' lang='lat' dir='ltr'><strong>Domi).</strong></span> <span class='ocrx_word' id='word_1_284' title='bbox 587 3955 801 4009; x_wconf 83' lang='lat' dir='ltr'><strong>2inmurmornt</strong></span> <span class='ocrx_word' id='word_1_285' title='bbox 817 3975 835 4025; x_wconf 94' lang='lat'><strong><em>9</em></strong></span> <span class='ocrx_word' id='word_1_286' title='bbox 904 3957 1020 4024; x_wconf 84' lang='lat' dir='ltr'><strong>3pacat</strong></span> <span class='ocrx_word' id='word_1_287' title='bbox 1035 3973 1053 4024; x_wconf 91' lang='lat'><strong><em>9</em></strong></span> <span class='ocrx_word' id='word_1_288' title='bbox 1125 3955 1275 4009; x_wconf 70' lang='lat' dir='ltr'><strong>dcirounr-</strong></span> 
     </span>
     <span class='ocr_line' id='line_1_33' title="bbox 134 4043 1277 4148; baseline 0.003 -54"><span class='ocrx_word' id='word_1_289' title='bbox 134 4043 238 4114; x_wconf 86' lang='lat' dir='ltr'><strong>ualet9</strong></span> <span class='ocrx_word' id='word_1_290' title='bbox 311 4045 402 4098; x_wconf 77' lang='lat' dir='ltr'><strong>salet</strong></span> <span class='ocrx_word' id='word_1_291' title='bbox 418 4062 437 4114; x_wconf 90' lang='lat'><strong><em>9</em></strong></span> <span class='ocrx_word' id='word_1_292' title='bbox 518 4044 705 4114; x_wconf 68' lang='lat' dir='ltr'><strong>oeundam9</strong></span> <span class='ocrx_word' id='word_1_293' title='bbox 794 4048 933 4113; x_wconf 83' lang='lat' dir='ltr'><strong>quunt09</strong></span> <span class='ocrx_word' id='word_1_294' title='bbox 1013 4045 1115 4148; x_wconf 74' lang='lat' dir='ltr'><strong>ilpunc</strong></span> <span class='ocrx_word' id='word_1_295' title='bbox 1135 4059 1277 4097; x_wconf 86' lang='lat' dir='ltr'><strong>suorumo</strong></span> 
     </span>
    </p>
   </div>
   <div class='ocr_carea' id='block_1_4' title="bbox 130 4157 1277 4407">
    <p class='ocr_par' dir='ltr' id='par_1_4' title="bbox 130 4157 1277 4407">
     <span class='ocr_line' id='line_1_34' title="bbox 134 4157 1276 4231; baseline -0.002 -21"><span class='ocrx_word' id='word_1_296' title='bbox 134 4157 167 4210; x_wconf 89' lang='lat' dir='ltr'><strong>lo</strong></span> <span class='ocrx_word' id='word_1_297' title='bbox 183 4176 271 4213; x_wconf 88' lang='lat' dir='ltr'><strong>omnes</strong></span> <span class='ocrx_word' id='word_1_298' title='bbox 291 4161 338 4228; x_wconf 92' lang='lat' dir='ltr'><strong>qni</strong></span> <span class='ocrx_word' id='word_1_299' title='bbox 356 4177 374 4231; x_wconf 98' lang='lat'><strong><em>9</em></strong></span> <span class='ocrx_word' id='word_1_300' title='bbox 444 4177 473 4214; x_wconf 86' lang='lat' dir='ltr'><strong>oc</strong></span> <span class='ocrx_word' id='word_1_301' title='bbox 492 4162 606 4229; x_wconf 90' lang='lat' dir='ltr'><strong>possent</strong></span> <span class='ocrx_word' id='word_1_302' title='bbox 617 4177 636 4229; x_wconf 95' lang='lat'><strong><em>9</em></strong></span> <span class='ocrx_word' id='word_1_303' title='bbox 687 4160 718 4212; x_wconf 83' lang='lat'><strong>13</strong></span> <span class='ocrx_word' id='word_1_304' title='bbox 737 4160 914 4227; x_wconf 83' lang='lat' dir='ltr'><strong>imitantur9</strong></span> <span class='ocrx_word' id='word_1_305' title='bbox 966 4161 998 4212; x_wconf 81' lang='lat'><strong>14</strong></span> <span class='ocrx_word' id='word_1_306' title='bbox 1018 4177 1067 4225; x_wconf 86' lang='lat' dir='ltr'><strong>se,</strong></span> <span class='ocrx_word' id='word_1_307' title='bbox 1087 4157 1104 4212; x_wconf 94' lang='lat' dir='ltr'><strong>d</strong></span> <span class='ocrx_word' id='word_1_308' title='bbox 1123 4159 1194 4212; x_wconf 82' lang='lat' dir='ltr'><strong>sicco</strong></span> <span class='ocrx_word' id='word_1_309' title='bbox 1213 4159 1276 4212; x_wconf 82' lang='lat' dir='ltr'><strong>otilo</strong></span> 
     </span>
     <span class='ocr_line' id='line_1_35' title="bbox 130 4246 1277 4318; baseline 0.003 -22"><span class='ocrx_word' id='word_1_310' title='bbox 130 4246 292 4314; x_wconf 75' lang='lat' dir='ltr'><strong>iroprcssum,</strong></span> <span class='ocrx_word' id='word_1_311' title='bbox 309 4267 328 4318; x_wconf 89' lang='lat'><strong><em>9</em></strong></span> <span class='ocrx_word' id='word_1_312' title='bbox 419 4250 450 4302; x_wconf 79' lang='lat'><strong>17</strong></span> <span class='ocrx_word' id='word_1_313' title='bbox 470 4249 574 4303; x_wconf 88' lang='lat' dir='ltr'><strong>nullius</strong></span> <span class='ocrx_word' id='word_1_314' title='bbox 593 4265 661 4315; x_wconf 80' lang='lat' dir='ltr'><strong>eoa</strong></span> <span class='ocrx_word' id='word_1_315' title='bbox 677 4249 790 4314; x_wconf 82' lang='lat' dir='ltr'><strong>Dorob.;</strong></span> <span class='ocrx_word' id='word_1_316' title='bbox 810 4249 913 4302; x_wconf 92' lang='lat' dir='ltr'><strong>nullum</strong></span> <span class='ocrx_word' id='word_1_317' title='bbox 934 4249 1055 4317; x_wconf 84' lang='lat' dir='ltr'><strong>ab9po</strong></span> <span class='ocrx_word' id='word_1_318' title='bbox 1133 4248 1173 4300; x_wconf 87' lang='lat' dir='ltr'><strong>ita</strong></span> <span class='ocrx_word' id='word_1_319' title='bbox 1190 4263 1241 4300; x_wconf 82' lang='lat' dir='ltr'><strong>cnr.</strong></span> <span class='ocrx_word' id='word_1_320' title='bbox 1259 4265 1277 4318; x_wconf 94' lang='lat'><strong><em>9</em></strong></span> 
     </span>
     <span class='ocr_line' id='line_1_36' title="bbox 132 4333 1000 4407; baseline 0.007 -22"><span class='ocrx_word' id='word_1_321' title='bbox 132 4333 166 4386; x_wconf 90' lang='lat'><strong>18</strong></span> <span class='ocrx_word' id='word_1_322' title='bbox 183 4338 262 4392; x_wconf 82' lang='lat' dir='ltr'><strong>etiam</strong></span> <span class='ocrx_word' id='word_1_323' title='bbox 282 4355 333 4393; x_wconf 80' lang='lat' dir='ltr'><strong>orn.</strong></span> <span class='ocrx_word' id='word_1_324' title='bbox 352 4336 383 4407; x_wconf 80' lang='lat'><strong>9¹</strong></span> <span class='ocrx_word' id='word_1_325' title='bbox 436 4337 543 4392; x_wconf 81' lang='lat'>221100</span> <span class='ocrx_word' id='word_1_326' title='bbox 562 4339 680 4392; x_wconf 86' lang='lat' dir='ltr'><strong>etiamo</strong></span> <span class='ocrx_word' id='word_1_327' title='bbox 734 4337 769 4390; x_wconf 83' lang='lat'><strong>28</strong></span> <span class='ocrx_word' id='word_1_328' title='bbox 789 4341 832 4391; x_wconf 84' lang='lat' dir='ltr'><strong>est</strong></span> <span class='ocrx_word' id='word_1_329' title='bbox 851 4337 1000 4391; x_wconf 87' lang='lat' dir='ltr'><strong>rrrolestao</strong></span> 
     </span>
    </p>
   </div>
   <div class='ocr_carea' id='block_1_5' title="bbox 0 0 1600 4959">
    <p class='ocr_par' dir='ltr' id='par_1_5' title="bbox 0 0 1600 4959">
     <span class='ocr_line' id='line_1_37' title="bbox 0 0 1600 4959; baseline 0 0"><span class='ocrx_word' id='word_1_330' title='bbox 0 0 1600 4959; x_wconf 95' lang='lat' dir='ltr'><strong> </strong></span> 
     </span>
    </p>
   </div>
  </div>
 </body>
</html>
