3192 4959
317 437 367 489 Dc
395 437 568 491 ciuitate
597 434 751 491 deilih
774 436 873 491 XVHL
902 437 1043 507 cap.4l
1070 438 1114 491 42
1219 440 1284 503 335

140 637 223 709 sunt,
247 650 309 695 non
333 632 642 715 argumentationum
667 631 953 696 concertationibus
977 630 1145 709 inculcata,
1170 634 1285 695 utnon

139 737 277 801 bominis
309 736 480 821 ingenium,
508 736 566 803 sed
591 738 651 802 Dei
675 737 837 821 eloquium
866 741 1063 803 contemnere
1091 736 1285 815 formidaret,

139 845 192 927 qni
215 843 273 907 illa
295 848 510 928 cognosceret.

549 1036 686 1103 CAPUT
709 1038 870 1103 XXXXIl.

111 1178 223 1257 sQua
260 1180 572 1263 dispensatione
613 1180 903 1264 prouidentiae
939 1179 1012 1243 Dei
1051 1178 1283 1260 scripturae

136 1304 277 1351 sacrae
301 1288 458 1351 ueteris
482 1288 725 1352 testamenti
749 1306 791 1351 er
814 1287 997 1351 Hebraeo
1022 1284 1060 1350 in
1085 1286 1283 1351 Graecum

137 1394 344 1475 eloquium
390 1394 626 1459 translatae
666 1394 760 1472 sint,
807 1398 851 1456 ut
892 1392 1086 1476 gentibus
1128 1392 1282 1456 innote-

622 1502 794 1565 scerent.

177 1640 247 1704 Has
268 1658 372 1705 sacras
391 1641 515 1705 litteras
535 1640 631 1705 etiam
649 1658 732 1705 unus
751 1640 1006 1703 Ptolomaeorum
1021 1658 1130 1723 regum
1145 1638 1283 1723 Aegypti

97 1766 118 1804 o
135 1764 229 1810 nosse
257 1748 383 1811 studuit
410 1750 442 1811 et
464 1747 589 1812 habere.
612 1747 695 1811 Nam
719 1750 793 1829 post
815 1746 981 1810 Alexandri
1009 1745 1203 1823 Macedonis,
1228 1746 1282 1828 qui

136 1854 230 1918 etiam
252 1853 391 1937 Magnus
416 1854 655 1938 cognominatus
679 1856 738 1931 est,
757 1851 1070 1917 mirificentissimam
1089 1852 1281 1933 minimeque

137 1960 317 2024 diutnmam
354 1962 540 2043 potentiam,
578 1980 639 2043 qua
675 1959 857 2024 uniuersam
891 1957 1010 2037 Asiam,
1047 1958 1145 2022 immo
1184 1978 1281 2040 paens

135 2070 240 2130 totum
269 2068 386 2144 orbem,
415 2068 529 2150 partim
558 2066 592 2131 ui
622 2071 653 2131 et
681 2066 788 2143 armis,
816 2066 932 2149 partim
961 2068 1078 2129 terrore
1102 2065 1280 2149 subegerat,

137 2173 258 2255 quando
283 2174 365 2237 inter
383 2179 487 2238 cetera
505 2172 645 2238 Orientis
665 2174 760 2238 etiarn
778 2172 929 2237 Iudaeam
947 2172 1109 2255 ingressus
1129 2170 1280 2245 obtinuit:

97 2298 120 2338 re
137 2299 169 2345 eo
192 2284 320 2346 mortuo
350 2282 482 2345 comites
506 2281 575 2345 eius
599 2299 671 2345 cum
695 2298 830 2363 regnum
857 2278 937 2342 illud
961 2279 1194 2360 amplissimum
1218 2298 1279 2343 non

136 2388 263 2468 pacifice
287 2387 370 2451 inter
393 2408 426 2453 se
449 2387 629 2470 possessuri
653 2386 849 2463 diuisissent,
869 2385 925 2451 sed
943 2386 1050 2468 potius
1070 2385 1280 2467 dissipassent

135 2494 226 2558 bellis
245 2495 350 2558 omnia
370 2495 537 2571 uastaturi,
557 2493 759 2559 Ptolemaeos
782 2512 875 2575 reges
900 2492 1014 2555 hahere
1034 2492 1138 2573 coepit
1155 2496 1278 2575 Aegyp-

134 2606 198 2676 tus;
225 2620 360 2683 quorum
383 2601 517 2682 primus,
545 2600 624 2683 Lagi
653 2599 750 2675 filius,
778 2599 900 2663 multos
928 2618 964 2661 er
991 2596 1108 2662 Iudaea
1135 2598 1279 2678 captiuos

134 2707 164 2770 in
189 2709 373 2791 Aegyptum
402 2706 576 2771 transtulit.
604 2706 689 2771 Huic
717 2708 824 2769 autem
857 2705 1030 2769 succedens
1064 2704 1145 2768 alins
1173 2704 1279 2767 Ptolo-

96 2834 251 2888 aomaeus,
291 2813 346 2895 qui
379 2818 428 2878 est
461 2814 639 2897 appellatus
671 2812 912 2895 Philadelphus,
950 2830 1069 2887 omues,
1108 2829 1187 2892 quos
1224 2810 1279 2875 ille

135 2921 305 2985 adduxerat
327 2920 527 3003 subiugatos,
551 2920 668 2983 liberos
691 2918 792 2983 redire
817 2918 974 3001 permisit;
999 2917 1129 3000 insuper
1147 2921 1178 2980 et
1197 2916 1279 2981 dona

134 3029 217 3111 regia
239 3028 271 3092 in
295 3028 452 3109 templum
470 3026 531 3089 Dei
550 3025 640 3089 misit
658 3024 836 3108 petiuitque
857 3024 894 3087 ab
914 3024 1061 3087 Eleazaro
1081 3026 1157 3088 tunc
1177 3024 1277 3105 ponti-

132 3133 189 3197 fice
221 3134 289 3197 dari
322 3134 383 3197 sibi
416 3133 600 3215 scripturas,
635 3150 714 3213 quas
746 3131 888 3213 profecto
918 3130 1060 3194 audierat
1083 3130 1168 3193 fama
1190 3148 1275 3210 prae·

133 3238 253 3305 dicante
287 3240 422 3316 diuinas,
457 3244 487 3303 et
520 3239 590 3303 ideo
620 3239 846 3321 coucupiuerat
875 3237 989 3301 habere
1018 3236 1048 3299 in
1074 3236 1276 3312 bibliotheca,

93 3366 117 3405 a
132 3366 224 3427 quarn
244 3348 475 3412 nobilissimam
494 3346 622 3411 fecerat.
640 3346 708 3409 Has
729 3346 757 3409 ei
776 3363 849 3409 cum
868 3344 952 3408 idem
971 3343 1113 3425 pontifex
1135 3342 1277 3407 misisset

130 3452 299 3531 Hebraeas,
342 3456 415 3536 post
454 3454 509 3517 ille
551 3454 647 3516 etiam
683 3451 871 3533 interpretes
907 3450 1097 3531 postulauit;
1141 3453 1173 3512 et
1210 3448 1274 3511 dati

131 3564 205 3623 suut
235 3560 439 3643 septuaginta
468 3560 542 3636 duo,
580 3558 619 3621 do
657 3558 790 3640 singulis
829 3556 995 3619 duodecim
1030 3555 1176 3619 tribubus
1210 3555 1276 3619 seni

129 3664 282 3746 homines,
305 3666 434 3749 liuguae
457 3666 623 3748 utriusque
644 3664 832 3740 doctissimi,
853 3664 1013 3727 Hebraeae
1032 3663 1156 3727 scilicet
1174 3660 1275 3743 adque

130 3770 276 3851 Graecae,
310 3792 444 3855 quorum
476 3770 693 3854 interpretatio
727 3774 764 3834 ut
796 3770 1004 3853 Septuaginta
1036 3772 1178 3845 uocetur,
1211 3768 1273 3831 iam

89 3878 264 3943 reobtinuit
291 3878 499 3943 consuetudo.
528 3878 676 3942 Traditur
699 3896 772 3943 sane
798 3880 862 3940 tam
887 3875 1063 3939 mirabilem
1087 3892 1122 3938 ac
1147 3880 1273 3955 stupen-

130 3984 204 4048 dum
226 3986 381 4070 planeque
402 3984 544 4050 diuinum
569 3985 600 4048 in
626 4004 733 4049 eorum
752 3982 858 4046 uerbis
879 3982 979 4045 fuisse
1004 3998 1202 4053 consensum,
1227 3983 1273 4055 ut,

165 4158 408 4227 Pmmmm
463 4156 662 4226 mmmm
716 4152 1272 4223 mwmfflfflmqwfflmo

128 4248 263 4315 Mmg
361 4246 623 4315 Pummmw
729 4243 934 4314 mmmm
1037 4241 1274 4295 ffifflmfflw

130 4336 359 4405 fflmfflwp
