3192 4959
328 442 392 507 188
676 443 703 499 S.
731 441 888 496 Aurelii
915 442 1130 512 Augustini

325 635 492 717 inpletum,
521 636 596 719 quia
626 640 738 720 postea
770 636 946 719 superanda
978 636 1123 701 inarata
1156 637 1285 719 populo,
1310 637 1365 719 qui
1385 641 1469 701 onus

326 747 376 805 eet
399 761 435 806 ex
458 744 587 821 minore,
612 743 645 807 id
668 748 718 807 eet
739 743 927 822 israelitico,
952 743 1043 825 eique
1064 744 1168 807 iuerat
1187 744 1294 808 futura
1314 743 1468 807 subiecta:

325 852 430 912 tamen
462 849 495 913 in
528 850 648 931 aliquid
679 850 783 915 maine
816 850 970 915 intentam
1002 849 1103 915 fluisse
1136 849 1231 915 iatam
1262 850 1467 933 prophetiam.

326 973 388 1035 qua
407 956 529 1020 dictum
549 961 612 1022 eet:
636 957 823 1039 Populus
843 958 1036 1040 populum
1057 956 1272 1041 superabit
1290 960 1330 1020 et
1346 956 1469 1020 maior

326 1063 484 1127 seruiet
515 1064 671 1142 minori,
701 1064 941 1130 conuenientius
971 1064 1119 1131 creditur.
1148 1065 1190 1129 llt
1218 1064 1294 1146 quid
1323 1065 1374 1127 est
1401 1064 1503 1139 bons

323 1168 385 1232 nisi
408 1169 492 1251 quod
515 1170 546 1235 iu
569 1170 697 1235 Iudaeis
721 1174 754 1234 et
777 1170 967 1235 Christianis
991 1170 1155 1235 euidenter
1177 1170 1337 1254 inpletur?

743 1361 881 1427 CAPUT
904 1362 1048 1426 XXXVI.

324 1487 379 1552 De
412 1488 579 1552 oraculo
614 1491 653 1552 et
683 1487 982 1565 benedictione,
1016 1506 1130 1569 quam
1163 1488 1279 1550 lsaac
1304 1506 1378 1551 uon
1403 1487 1467 1550 ali-

323 1596 385 1658 ter
418 1612 532 1677 quam
565 1597 682 1676 pater
710 1592 857 1676 ipsius,
885 1592 1030 1658 merito
1062 1591 1244 1656 eiusdem
1274 1592 1467 1670 dilectus,

809 1700 979 1782 accepit.
1485 1740 1506 1777 n

365 1823 498 1907 Accepit
526 1825 623 1889 etiam
644 1824 735 1889 Isaac
758 1825 823 1888 tale
848 1824 1021 1901 oraculum,
1047 1824 1140 1906 quale
1165 1823 1355 1905 aliquotiens
1380 1830 1469 1909 pater

321 1929 388 1994 eius
413 1934 584 2014 acceperat.
608 1932 656 1995 De
681 1951 742 2013 quo
767 1932 894 1995 oraculo
920 1931 966 1995 sie
990 1931 1145 2013 scriptum
1170 1936 1232 1995 est:
1258 1930 1383 1995 Facta
1409 1935 1469 1997 est

322 2041 454 2101 autem
488 2039 615 2101 famae
649 2056 770 2121 super
802 2040 948 2101 terram
981 2040 1145 2119 praeter
1176 2037 1332 2115 famem,
1368 2058 1467 2120 quae

322 2143 436 2225 prius
469 2144 581 2209 facte
614 2148 676 2207 eet
703 2144 741 2207 iu
770 2146 949 2226 tempore
974 2142 1168 2209 Abrahae.
1193 2142 1310 2209 Abiit
1334 2148 1467 2209 autem

321 2248 1506 2335 IsaacadAbimelechregemeilietinoruminGerana.a
1570 2266 1571 2277 ¹

321 2355 523 2440 Apparuit
541 2359 675 2420 autem
693 2356 761 2419 illi
781 2356 976 2421 Dominus
998 2360 1036 2421 et
1056 2355 1176 2420 dixit:
1192 2355 1286 2421 Noli
1303 2356 1465 2422 descen-

323 2463 414 2527 dere
446 2464 484 2527 in
517 2462 761 2547 Aegyptum
794 2464 936 2528 habita
969 2468 1102 2528 autem
1134 2463 1172 2528 in
1201 2468 1320 2541 terra,
1351 2484 1464 2548 quam
1569 2536 1570 2543 ἵ

321 2572 398 2637 tibi
432 2571 580 2646 dixero,
614 2574 653 2634 et
681 2570 818 2634 incole
847 2570 886 2633 iu
915 2573 1024 2633 terra
1051 2571 1140 2647 bac;
1170 2574 1208 2635 et
1236 2590 1301 2636 ero
1330 2575 1464 2636 tecum
1569 2558 1570 2563 ἵ

322 2682 360 2741 et
391 2677 626 2741 benedicam
664 2680 713 2741 te.
751 2676 841 2741 Tibi
875 2677 977 2741 enim
1011 2680 1049 2741 et
1082 2678 1228 2742 semini
1260 2680 1330 2743 tuo
1365 2678 1464 2744 dabo

321 2802 470 2847 ornnem
491 2786 639 2847 terram
656 2783 766 2865 hanc,
787 2787 826 2847 et
845 2785 1023 2848 statuam
1042 2783 1311 2848 iuramentum
1326 2804 1464 2861 meum,
1482 2798 1505 2837 ²0
1568 2858 1569 2863 γ

320 2890 423 2973 quod
455 2890 592 2953 iuraui
623 2889 807 2954 Abrahae
840 2889 947 2973 patri
980 2893 1064 2965 tuo;
1100 2893 1138 2955 et
1170 2891 1463 2975 multiplicabo

321 3016 452 3061 semen
476 2999 588 3060 tuum
609 2999 810 3078 tamquam
831 2996 982 3061 stellae
1002 2998 1118 3075 caeli,
1139 3000 1177 3061 et
1197 2998 1295 3063 dabo
1318 2997 1464 3061 semini

319 3109 388 3167 tuo
413 3122 563 3167 omnem
583 3106 730 3166 terram
749 3103 859 3181 hanc,
880 3106 918 3167 ot
936 3103 1233 3167 benedicentur
1251 3104 1289 3167 iu
1311 3104 1464 3168 semine
1567 3164 1568 3199 ἶ

319 3215 387 3273 tuo
421 3227 555 3274 omuee
590 3211 732 3292 gentes
766 3212 909 3287 terrae,
942 3229 1011 3293 pro
1044 3228 1083 3274 eo
1109 3210 1214 3292 quod
1244 3209 1464 3274 obaudiuit
1567 3200 1568 3217 ¹

316 3315 516 3380 Abraham
547 3319 663 3397 pater
695 3318 787 3380 tuus
826 3335 964 3379 uocem
997 3335 1120 3380 meam
1154 3319 1193 3380 et
1225 3316 1503 3381 custodiuitu

316 3425 535 3505 praecepta
562 3441 646 3487 mea
674 3426 713 3487 et
740 3422 929 3486 mandata
951 3441 1035 3486 mee
1059 3425 1098 3487 et
1121 3422 1463 3488 iustificationes
1566 3450 1567 3455 ¹

316 3546 422 3592 meae
448 3531 486 3591 et
507 3528 695 3613 legitima
718 3547 811 3592 mea.
836 3529 901 3592 Iste
925 3528 1101 3610 patriarche
1124 3546 1182 3592 nec
1201 3547 1329 3592 uxorem
1349 3505 1464 3593 babuit

315 3635 408 3698 aliam
432 3654 489 3697 nec
513 3636 651 3716 aliquam
677 3635 893 3709 concubinam,
918 3634 973 3699 secl
998 3635 1185 3716 posteritate
1205 3634 1340 3699 duorum
1362 3638 1462 3720 gemi·
1565 3702 1566 3719 p

314 3760 426 3805 uorum
450 3759 486 3804 er
509 3761 570 3806 uuo
595 3742 765 3806 concubitu
789 3746 1025 3824 procreatorum
1048 3744 1215 3805 contentus
1239 3741 1309 3805 fuit.
1338 3741 1462 3808 Timuit

315 3866 389 3911 sane
422 3848 518 3912 etiam
550 3848 619 3930 ipse
650 3848 829 3930 periculum
863 3848 900 3912 de
933 3847 1171 3930 pulchritudine
1200 3848 1357 3931 coniugia,
1386 3866 1504 3915 cumn

313 3953 471 4018 babitaret
497 3955 580 4017 inter
608 3954 737 4028 micros,
765 3955 904 4036 fecitque
934 3954 1017 4037 quod
1041 3957 1141 4037 pater,
1165 3960 1203 4019 ut
1226 3974 1295 4018 eam
1319 3974 1461 4021 sororem

405 4146 437 4197 12
457 4143 524 4199 Gen.
544 4145 587 4210 26,
609 4145 621 4198 l
642 4160 701 4214 sqq.

1563 4240 1564 4297 l

350 4266 513 4321 thortuse
568 4268 598 4321 11
620 4268 759 4321 oraculum
777 4269 868 4322 talea
921 4270 953 4322 14
973 4267 1031 4321 abit
1054 4268 1081 4321 V
1127 4269 1159 4322 17
1178 4270 1206 4321 in
1225 4284 1310 4324 onae
1362 4274 1396 4327 31
1417 4290 1459 4327 ao·

311 4372 398 4409 rorem
415 4356 599 4424 superscripto
617 4372 693 4410 enam
712 4355 727 4409 b
