3192 4959
269 446 310 509 28
612 442 639 495 S.
666 441 825 496 Aurelii
853 442 1073 511 Augustini

268 640 421 718 quantum
448 640 578 701 naturae
607 639 691 713 sunt,
718 636 832 718 utique
860 636 960 700 bonae
988 640 1072 701 eunt.
1110 635 1295 700 Detrahitur
1323 654 1414 718 porro

268 743 387 807 malum
411 762 472 808 nou
497 742 603 825 aliqua
625 746 747 821 natura,
768 762 848 824 quae
872 748 1058 820 accesserat,
1078 744 1132 807 uel
1155 744 1221 807 ullu
1240 743 1309 807 eius
1327 747 1416 825 parte

267 850 404 927 sublata,
425 849 481 914 sed
500 868 547 924 ea,
567 868 648 931 quae
667 848 782 913 uitiata
805 867 842 912 ac
866 849 1038 932 deprauata
1055 848 1168 927 fuerat,
1187 852 1296 913 sanata
1314 848 1416 930 adque

268 959 417 1020 correcta.
456 956 630 1019 Arbitrium
658 955 758 1039 igitur
784 955 962 1020 uoluntatis
989 958 1066 1021 tnnc
1094 959 1143 1019 cst
1172 975 1245 1020 uere
1268 956 1415 1033 liberum,

268 1082 341 1127 oum
374 1062 464 1126 uitiis
496 1062 701 1145 peccatisque
730 1082 791 1127 non
820 1062 928 1127 sensit.
966 1062 1043 1125 Tale
1072 1061 1181 1127 datum
1210 1066 1260 1125 est
1286 1081 1305 1125 a
1332 1061 1414 1136 Deo;
1448 1086 1464 1127 a

268 1168 352 1251 quod
375 1170 529 1233 amissum
553 1168 678 1251 proprio
702 1170 794 1245 uitio,
815 1169 878 1233 uisi
902 1188 919 1232 a
943 1188 1005 1251 quo
1026 1169 1091 1231 dari
1112 1169 1226 1249 potuit,
1246 1168 1335 1231 reddi
1353 1186 1416 1232 non

267 1277 385 1357 potest.
405 1274 495 1339 Unde
510 1274 635 1339 Veritas
655 1275 746 1339 dicit:
768 1276 807 1340 Si
831 1295 898 1340 uos
918 1276 1046 1340 Filius
1070 1275 1306 1356 liberaucrit,
1325 1280 1415 1338 tunc

269 1398 355 1444 uere
384 1380 498 1445 liberi
525 1380 644 1444 eritis.
679 1381 715 1444 ld
743 1382 850 1465 ipsum
875 1385 925 1446 est
948 1386 1067 1458 autem,
1092 1400 1128 1447 ao
1152 1381 1179 1445 si
1204 1379 1337 1445 diceret:
1369 1380 1415 1445 ‘Si

268 1506 326 1550 uos
349 1486 453 1551 Filius
478 1489 585 1552 saluos
609 1488 730 1565 fecerit,
755 1492 832 1553 tuno
855 1508 929 1553 uere
953 1488 1036 1553 salui
1060 1488 1172 1552 eritis'
1197 1487 1274 1552 Inde
1298 1487 1414 1570 quippe

267 1593 427 1670 liberator,
451 1593 533 1657 unde
558 1594 708 1659 saluatur.
1432 1620 1462 1659 ro

311 1698 450 1763 Viuebat
476 1700 584 1782 itaque
613 1702 707 1765 homo
737 1701 912 1765 secundum
935 1700 1039 1764 Deum
1067 1701 1099 1764 in
1122 1700 1268 1783 paradiso
1293 1703 1326 1764 et
1347 1716 1414 1763 cor·

266 1806 367 1891 porali
391 1808 423 1869 ct
446 1806 593 1888 spiritali.
625 1808 737 1889 Neque
761 1806 844 1871 enim
869 1811 935 1871 erat
958 1806 1125 1889 paradisus
1150 1807 1321 1888 corporalis
1343 1825 1414 1888 pro·

266 1914 336 1993 pter
363 1915 502 1994 corporis
531 1914 612 1979 bona
635 1917 668 1977 et
689 1918 819 1997 propter
841 1914 957 1977 mentis
982 1933 1043 1978 non
1067 1919 1135 1978 erat
1158 1913 1324 1996 spiritalis3
1358 1914 1415 1976 aut

266 2036 342 2092 uero
371 2022 437 2083 erat
464 2019 617 2101 spiritalis
647 2038 708 2101 quo
733 2038 788 2101 per
811 2019 987 2095 interiores,
1012 2024 1045 2083 et
1067 2039 1127 2083 non
1152 2023 1219 2083 erat
1243 2018 1413 2101 corporalis

267 2144 329 2206 quo
353 2144 409 2208 per
431 2127 599 2191 exteriores
624 2145 736 2190 sensus
761 2126 855 2189 homo
880 2126 1047 2190 frueretur.
1079 2124 1155 2191 Erat
1177 2128 1269 2208 plane
1292 2129 1413 2189 utrum·
1433 2153 1460 2191 rs

267 2250 326 2315 que
354 2237 481 2314 propter
508 2237 689 2314 utrumque.
727 2233 846 2297 Postea
872 2251 947 2296 uero
976 2250 1072 2313 quam
1100 2233 1257 2315 superbus
1284 2233 1338 2297 ille
1362 2251 1414 2295 an·

267 2339 357 2421 gelus
391 2357 427 2402 ac
458 2358 514 2421 per
541 2340 601 2403 boo
629 2339 758 2403 inuidus
787 2358 843 2421 per
871 2338 1001 2403 eandem
1032 2339 1212 2421 superbiam
1241 2338 1349 2403 aDco
1373 2335 1413 2400 ad

266 2448 368 2509 semet
391 2446 497 2527 ipsum
522 2464 694 2510 conuersus
719 2449 751 2509 et
774 2445 911 2527 quodam
935 2446 1028 2528 quasi
1051 2446 1213 2528 tyrannico
1232 2445 1318 2509 fastu
1336 2464 1413 2528 gau-

267 2551 337 2615 dere
362 2551 499 2617 subditis
525 2570 618 2633 quam
644 2570 713 2615 esse
738 2550 886 2614 subditus
911 2551 1032 2634 eligens
1055 2550 1092 2614 de
1112 2550 1248 2633 spiritali
1266 2549 1411 2631 paradiso

266 2657 380 2721 cecidit
406 2658 459 2741 (de
486 2658 576 2721 cirins
601 2656 693 2741 lapsu
719 2658 942 2739 sociorumque
965 2657 1044 2732 eius,
1069 2657 1124 2739 qui
1148 2676 1185 2720 ex
1208 2657 1329 2741 angelis
1352 2656 1412 2720 Dei
1430 2685 1458 2722 ao

266 2763 370 2847 angeli
403 2764 471 2829 eius
505 2764 608 2829 effecti
642 2768 724 2843 sunt,
757 2765 789 2829 in
820 2764 911 2830 libris
948 2764 1116 2828 undecimo
1154 2768 1186 2827 et
1224 2763 1410 2828 duodecimo

265 2872 360 2935 buius
385 2872 489 2953 operis
513 2872 602 2948 satis,
627 2875 779 2951 quantum
803 2872 904 2955 potui,
930 2870 1117 2954 disputaui),
1137 2869 1321 2935 malesuada
1341 2890 1411 2933 uer·

265 2978 350 3041 sutis
376 2978 408 3041 in
437 2976 573 3041 hominis
597 2996 725 3042 sensum
751 2998 875 3061 serpere
898 2978 1069 3054 adfectare,
1094 2978 1145 3041 cui
1170 2978 1280 3059 utique
1303 2977 1410 3055 stanti,

265 3084 415 3165 quoniam
442 3084 510 3165 ipsc
539 3084 705 3160 ceciderat,
729 3084 904 3160 inuidebat,
928 3084 1093 3149 colubmm
1121 3083 1153 3147 in
1177 3083 1321 3166 paradiso
1345 3102 1409 3146 cor-

263 3190 373 3273 porali,
397 3190 453 3253 ubi
482 3208 554 3253 cum
583 3189 708 3255 duobus
736 3190 802 3255 illis
830 3190 1023 3269 bominibus,
1051 3190 1195 3254 masculo
1224 3192 1256 3253 et
1282 3189 1409 3266 femina,
1427 3213 1456 3254 as

264 3297 413 3361 amimalia
433 3296 529 3360 etiam
549 3296 710 3361 terrestria
729 3304 833 3361 cetera
852 3297 980 3362 subdita
999 3300 1032 3361 et
1048 3298 1173 3362 innoxia
1191 3296 1408 3372 uersabantur,

264 3403 379 3468 animal
403 3402 526 3467 scilieet
549 3404 706 3468 lubricum
732 3408 763 3468 et
787 3404 940 3469 tortuosis
961 3403 1154 3468 anfractibus
1173 3402 1302 3483 mobile,
1321 3402 1408 3485 operi

263 3528 321 3575 suo
346 3528 531 3594 congruum,
555 3530 612 3593 per
635 3530 729 3593 quem
751 3512 944 3592 loqueretur,
968 3511 1080 3594 elogit3
1114 3529 1214 3592 eoque
1238 3529 1293 3594 per
1315 3528 1407 3594 ange-

351 3770 522 3831 imdffi

298 3942 529 4012 Mmmmd
602 3906 750 4004 &MV
818 3940 1164 4012 amcdmmffl
1219 3940 1406 4011 mmmm

262 4031 475 4099 etsioinfrov
514 4032 545 4083 15)
565 4046 613 4100 per
630 4047 682 4084 om.
707 4028 732 4081 V
768 4030 802 4083 18
821 4034 849 4083 et
872 4030 965 4098 Vcip
982 4030 1097 4095 Domb.,·
1115 4029 1257 4084 om.abo
1295 4030 1327 4083 19
1341 4029 1405 4083 snb·

263 4118 327 4172 ditis
348 4136 428 4189 quam
448 4134 505 4172 esse
524 4135 575 4172 om.
591 4118 616 4171 c¹
666 4120 698 4173 21
720 4118 811 4172 factii
861 4120 896 4172 22
914 4119 984 4172 mele
1003 4136 1083 4172 suasa
1102 4136 1129 4186 e;
1147 4120 1218 4172 male
1236 4118 1404 4172 suadendsb

261 4235 295 4287 ‘23
314 4236 342 4289 in
361 4252 412 4289 om.
432 4250 446 4288 c
517 4250 625 4287 sensum
649 4234 742 4303 Velp
760 4234 875 4301 Domb.‚·
894 4250 975 4288 seusu
994 4234 1054 4301 ub,·
1072 4252 1201 4289 sensuso
1255 4192 1404 4304 242291ῳο-

261 4350 310 4403 rali
334 4350 360 4405 V
412 4350 447 4404 28
466 4315 610 4420 angelich
631 4390 636 4413 ‚
657 4366 674 4403 u
693 4366 771 4413 crea,
798 4350 824 4403 V
