3192 4959
314 423 378 485 552
658 420 683 471 S
712 417 870 472 Aurelss
897 419 1113 489 Augustini

312 632 367 676 nes
399 615 569 676 mouentur
599 611 817 676 misericordia
848 615 880 675 et
913 631 1042 677 causam
1069 612 1204 677 maxime
1233 617 1333 698 agunt
1360 633 1447 685 suam,

313 739 369 802 per
400 719 578 803 generalem
609 720 641 782 in
675 738 776 801 genus
810 719 984 783 humanum
1018 719 1109 801 quasi
1138 719 1197 784 Dei
1224 720 1448 784 miserationem

312 827 523 908 inpunitatem
552 826 665 890 salsum
689 826 757 889 suis
780 827 913 908 perditis
938 827 1080 892 moribus
1111 828 1314 910 pollicentes
1349 847 1383 892 ac
1403 847 1448 910 per

312 933 372 996 hoc
396 933 592 1014 superabunt
614 951 667 996 eos
692 932 723 996 in
747 933 956 1014 praedicanda
978 933 1038 997 Dei
1061 933 1289 1011 misericordia,
1309 935 1364 1017 qui
1380 936 1448 999 hanc

312 1040 522 1121 inpunitatem
561 1040 657 1103 etium
694 1039 830 1121 principi
868 1040 1057 1104 daemonum
1094 1045 1126 1104 et
1163 1041 1232 1104 aius
1266 1041 1481 1105 satellitibuss

312 1145 512 1228 pollicentur.

741 1341 878 1406 CAPUT
902 1341 1034 1406 XVllll.

314 1481 365 1545 De
389 1481 459 1560 his,
486 1482 549 1564 qui
573 1483 828 1566 inpunitatem
852 1485 1015 1548 omnium
1038 1487 1280 1566 peccatorum
1309 1481 1448 1565 promit·

312 1590 400 1652 tunt
432 1588 546 1652 etiarn
579 1588 788 1653 haereticis
822 1594 974 1671 propter
1010 1590 1348 1672 participationem
1384 1607 1448 1653 cor·
1554 1573 1555 1642 Ῐ

741 1697 845 1779 poris
875 1695 1029 1762 Christi.
1464 1733 1482 1770 o

355 1836 438 1899 Item
466 1841 541 1901 sunt
569 1838 623 1901 alii
652 1839 690 1902 ab
719 1843 845 1902 aeterno
875 1840 1033 1922 supplicio
1057 1839 1275 1904 liberationem
1301 1856 1357 1902 nec
1379 1835 1448 1918 ipsis

312 1941 426 2006 saltem
464 1945 609 2008 omnibus
647 1945 830 2009 hominibus
872 1947 1104 2028 promittentes,
1143 1947 1198 2010 sed
1239 1941 1448 2009 tantummodo

313 2048 431 2112 Christi
458 2049 650 2130 baptismate
679 2051 808 2128 ablutis,
834 2052 888 2134 qui
915 2051 1087 2134 participes
1111 2051 1192 2115 fiunt
1214 2051 1356 2133 corporis
1379 2049 1449 2114 cius.

313 2153 552 2236 quomodolibet
584 2155 729 2231 uiuerint,
761 2157 792 2218 in
828 2175 1027 2238 quacumque
1060 2157 1182 2220 haeresi
1219 2157 1271 2220 uel
1308 2156 1449 2238 inpietate

312 2261 439 2338 fuerint,
464 2250 593 2344 pro'pter
615 2262 695 2326 illud
720 2263 805 2344 quod
830 2264 874 2327 ait
893 2263 998 2327 lesus:
1023 2263 1092 2326 Hic
1118 2268 1176 2327 est
1198 2263 1306 2343 panis
1330 2260 1483 2344 quiden

313 2367 416 2431 caclo
451 2366 658 2442 descendit,
693 2372 744 2446 ut,
778 2370 808 2432 si
843 2369 927 2450 quis
967 2389 1006 2432 cx
1044 2369 1125 2452 ipso
1163 2367 1447 2440 manducauerit,

312 2493 383 2538 non
417 2474 609 2538 moriatur.
648 2473 724 2558 Ego
760 2495 839 2539 sum
873 2477 979 2558 panis
1014 2475 1137 2544 uiuus.
1173 2475 1234 2556 qui
1274 2475 1317 2538 de
1355 2473 1448 2538 caelo
1555 2494 1556 2512 ¹

312 2581 500 2644 descendi.
526 2580 563 2645 Si
588 2583 672 2662 quis
696 2583 985 2647 manducauerit
1008 2603 1046 2646 er
1071 2584 1139 2647 hoc
1163 2601 1266 2664 pane,
1292 2581 1397 2644 uiuet
1417 2579 1447 2643 iu
1555 2655 1556 2662 ἵ

312 2691 514 2750 aeternnm.
551 2689 600 2752 Ab
638 2693 764 2752 aeterna
797 2709 871 2773 ergo
906 2693 1017 2764 morte,
1050 2689 1208 2772 inquiunt,
1243 2707 1373 2752 necesse
1407 2689 1450 2750 est
1555 2703 1556 2706 ’

310 2793 391 2857 istos
416 2794 481 2858 erui
507 2798 538 2858 et
562 2795 601 2858 ad
625 2796 725 2859 uitam
751 2800 909 2859 aeternam
934 2795 1196 2878 quandocumque
1221 2794 1362 2878 perduci.
1464 2825 1483 2861 n

773 3013 909 3078 CAPUT
934 3015 1003 3080 lili.

310 3157 363 3220 De
395 3157 466 3234 his,
499 3157 563 3238 qui
596 3175 666 3220 non
698 3157 883 3234 omnibus,
918 3157 983 3220 sed
1016 3157 1069 3220 eis
1102 3159 1248 3220 tantum
1277 3155 1340 3238 qui
1368 3157 1449 3235 aput

313 3263 525 3328 catholicos
555 3267 644 3328 sunt
671 3264 804 3337 renati,
836 3263 986 3328 etiarnsi
1015 3267 1146 3345 postea
1175 3263 1209 3326 in
1239 3263 1357 3325 multa
1388 3260 1449 3322 cri-

424 3371 522 3434 mina
545 3390 768 3452 erroresque
792 3368 1046 3452 proruperint,
1071 3368 1348 3453 indulgentiam

761 3477 1004 3560 pollicentur.
1463 3507 1484 3546 a

356 3618 436 3681 Item
471 3620 555 3694 sunt,
584 3617 638 3699 qui
670 3618 730 3681 hoc
763 3637 818 3680 nec
854 3617 999 3680 omnibus
1032 3616 1222 3681 habentibus
1255 3612 1448 3696 baptismatis

312 3723 431 3788 Christi
463 3727 494 3787 et
528 3725 596 3788 cius
629 3724 768 3806 corporis
807 3729 1049 3800 sacramentum,
1083 3723 1139 3788 sed
1176 3721 1254 3786 solis
1292 3718 1447 3786 catholicis

311 3831 457 3912 quamuis
491 3833 573 3894 male
606 3831 791 3895 uiuentibus
828 3831 1025 3912 pollicentur,
1059 3831 1133 3912 quia
1165 3849 1224 3892 non
1260 3830 1326 3892 solo
1356 3845 1448 3890 sacra·

402 4022 651 4090 ffihhfflm

346 4145 1127 4216 dmmpummmfflmwmmm
1201 4138 1448 4210 mfflmwb

313 4235 535 4304 ffiffimfflp
606 4238 744 4303 mma
798 4227 1447 4302 wamplfflmfflphmm

310 4325 398 4380 mm
470 4321 1067 4394 mmmfflmmmcffifflmb
