3192 4959
330 428 394 489 252
676 423 702 478 S.
729 423 885 475 Aurelii
913 423 1130 491 Augustini

329 618 517 699 inpudenter
548 621 691 702 negetur.
724 619 765 681 Et
791 618 854 700 ipsi
884 618 999 701 quippe
1028 618 1167 681 fatentur
1192 616 1315 681 inimici
1345 636 1381 681 ex
1404 616 1471 681 Sion

329 725 461 789 missam
485 726 585 789 hrisse
608 728 714 809 legem
739 724 867 801 Christi,
897 724 981 807 quod
1005 724 1203 807 euangelium
1233 743 1290 787 nos
1314 742 1472 795 uoeamus,

330 836 362 897 et
390 852 458 897 eam
482 833 606 916 uirgam
630 833 760 896 uirtutis
785 832 854 896 eius
884 832 1095 916 agnoscimus.
1121 830 1284 894 Dominari
1306 848 1384 894 uero
1408 849 1473 892 enm

329 942 361 1003 in
384 940 489 1004 medio
513 940 713 1004 inimicorum
738 959 869 1005 suorum
894 940 977 1003 idem
997 938 1069 1020 ipsi,
1090 938 1172 1001 inter
1190 956 1270 1019 quos
1290 936 1473 1008 dominatur,

331 1046 478 1111 dentibus
519 1046 692 1111 frendendo
735 1050 767 1110 et
803 1045 993 1110 tabescendo
1032 1051 1064 1109 et
1099 1044 1178 1107 nihil
1215 1044 1371 1107 aduersus
1409 1061 1506 1105 eume

329 1153 464 1219 ualendo
497 1158 666 1219 testantur.
702 1154 824 1218 Deinde
858 1154 942 1235 quod
975 1154 1069 1237 paulo
1101 1154 1176 1236 post
1207 1152 1298 1216 dicit:
1334 1150 1474 1213 lurauit

329 1261 525 1337 Dominus,
546 1264 582 1324 ot
601 1281 669 1325 non
689 1261 904 1342 paenitebit
923 1280 1013 1329 eum.
1035 1260 1151 1342 quibus
1169 1259 1278 1324 uerbis
1292 1258 1473 1322 inmutabile
1552 1255 1553 1333 l

330 1367 474 1431 futurum
504 1387 573 1433 esse
598 1368 769 1451 significat,
799 1367 883 1449 quod
912 1367 1072 1451 adiungit:
1104 1366 1155 1431 Tu
1180 1386 1218 1430 es
1244 1365 1421 1431 sacerdos
1442 1365 1472 1427 in

331 1478 524 1539 aeternum
545 1473 750 1540 secundum
775 1475 940 1539 ordinem
965 1473 1260 1545 Melchisedech,
1281 1492 1316 1537 er
1338 1492 1374 1539 eo
1398 1470 1473 1552 quod

331 1581 393 1644 iam
421 1602 581 1664 nusquam
610 1584 660 1645 eet
687 1582 899 1645 sacerdotium
930 1585 962 1646 et
985 1580 1175 1646 sacrificium
1200 1580 1377 1645 secundum
1402 1578 1473 1643 ordi·
1490 1596 1507 1631 o

329 1707 400 1752 nem
433 1688 537 1751 Aaron
570 1692 602 1752 et
633 1689 751 1771 ubique
785 1689 915 1754 offertur
947 1688 1006 1753 sub
1037 1689 1200 1753 sacerdote
1230 1686 1369 1755 Christo.
1396 1684 1473 1767 quod

329 1794 464 1877 protulit
495 1794 743 1862 Melchisedech.
777 1794 902 1875 quando
932 1795 1090 1859 benedixit
1116 1794 1287 1871 Abraham,
1318 1794 1389 1875 quis
1417 1812 1474 1857 am-

329 1902 437 1986 bigere
473 1902 677 1983 permittitur,
716 1901 754 1965 de
788 1921 850 1983 quo
885 1902 948 1965 ista
980 1902 1146 1966 dicantur?
1183 1901 1232 1965 Ad
1265 1900 1343 1965 haec
1374 1900 1473 1981 itaque

330 2008 499 2072 manifesta
527 2008 713 2085 referuntur,
744 2028 824 2090 quae
851 2010 946 2091 paulo
972 2010 1139 2073 obscurius
1167 2008 1198 2071 in
1224 2007 1335 2071 eodem
1357 2008 1473 2089 psalmo

329 2114 434 2196 posita
462 2118 547 2186 sunt,
577 2115 701 2197 quando
730 2118 817 2179 recte
842 2115 1087 2199 intelleguntnr3
1113 2114 1197 2197 quod
1220 2114 1252 2177 in
1276 2114 1393 2179 nostn's
1416 2114 1472 2176 iam
1489 2128 1508 2166 u

327 2221 535 2302 popularibus
555 2222 753 2286 sermonibus
772 2222 920 2286 fecimus.
943 2220 995 2286 Sic
1014 2226 1046 2285 et
1063 2222 1095 2286 in
1114 2222 1181 2299 illo,
1197 2221 1253 2285 ubi
1267 2220 1473 2284 bumilitatem

328 2327 487 2407 passionis
525 2347 601 2391 suae
639 2347 693 2410 per
729 2328 930 2411 prophetiam
971 2329 1116 2393 Christus
1159 2328 1321 2411 eloquitur
1359 2326 1473 2391 dicens:

330 2431 537 2497 Foderunt
568 2454 707 2499 manus
740 2452 846 2499 meas
880 2438 921 2498 et
950 2435 1084 2515 pedes,
1114 2434 1474 2498 dinumeraberunt

329 2540 459 2604 omnia
501 2560 595 2605 ossa
634 2560 734 2615 mea;
776 2541 858 2622 ipsi
897 2560 992 2607 uero
1031 2540 1406 2606 considerauerunt
1441 2542 1475 2601 et

329 2651 628 2730 conspexerunt
660 2668 718 2712 me
746 2646 877 2733 (quibus
907 2648 1018 2729 utique
1047 2648 1154 2713 uerbis
1185 2648 1216 2711 in
1245 2666 1338 2711 cruce
1366 2660 1508 2728 corpusu
1554 2642 1555 2661 ¹

328 2753 524 2836 significauit
547 2756 708 2819 extentum
731 2755 878 2818 manibus
898 2754 1097 2836 pedibusque
1117 2752 1246 2818 confinis
1267 2757 1300 2817 et
1319 2754 1474 2817 clauorum

327 2859 632 2923 transuerberationc
661 2860 830 2934 confossis,
861 2878 961 2943 eoque
991 2860 1084 2926 modo
1110 2880 1144 2925 so
1168 2860 1386 2943 spectaculum
1409 2876 1474 2922 oon-

327 2964 539 3029 siderantibus
579 2969 611 3029 et
647 2967 921 3049 conspicientibus
959 2966 1169 3050 praebuisset
1212 2966 1330 3031 addens
1368 2966 1473 3030 eham:

328 3070 574 3135 Diuiserunt
611 3071 691 3136 sibi
727 3074 986 3137 uestimenta
1019 3093 1103 3138 mea
1136 3076 1175 3138 et
1207 3092 1327 3155 super
1360 3070 1474 3135 uesti-

328 3180 504 3241 mentum
527 3198 653 3243 meum
676 3179 876 3244 miserunt
900 3184 1066 3255 sortem,
1091 3200 1170 3263 quae
1194 3180 1362 3263 prophetia
1385 3196 1470 3260 quem
1487 3188 1507 3227 ¹⁵

328 3282 366 3346 ad
396 3285 525 3348 modum
552 3285 672 3368 inpleta
694 3286 737 3350 sit
761 3288 948 3370 euangelica
976 3290 1122 3351 narratur
1144 3286 1288 3361 historia,
1313 3287 1389 3349 tunc
1411 3302 1473 3364 pro·

327 3389 411 3454 fecto
441 3394 473 3453 et
500 3392 562 3455 alia
584 3396 669 3457 recte
693 3393 932 3475 intelleguntur,
962 3412 1044 3475 quae
1068 3394 1112 3458 ibi
1137 3394 1241 3457 minus
1267 3394 1373 3474 aperte
1396 3390 1473 3452 diota

329 3498 413 3572 sunt
433 3515 505 3561 cum
524 3502 702 3581 congruunt
720 3498 781 3574 his,
803 3518 882 3581 quaa
903 3505 990 3564 tanta
1011 3500 1269 3564 manifestatione
1285 3500 1471 3563 claruerunt:

416 3756 495 3809 ers.
518 3759 575 3820 roo,
598 3759 624 3822 1;
648 3759 677 3820 2;
700 3760 717 3812 4
829 3760 859 3813 12
880 3758 946 3815 oen.
969 3760 1010 3823 14,
1033 3761 1065 3813 rs
1176 3762 1207 3814 rs
1227 3758 1272 3813 rs.
1292 3760 1336 3822 21,
1360 3760 1391 3812 17
1411 3772 1472 3825 sqq.

331 3846 363 3897 ar
384 3844 433 3901 ua
453 3846 497 3911 aa,
516 3847 550 3899 aa

364 3968 380 4018 2
399 3968 493 4022 christi
511 3969 601 4039 legem
620 3987 634 4023 c
687 3972 703 4025 5
722 3970 895 4025 aduersume
944 3972 960 4026 8
979 3990 1016 4041 sq.
1038 3973 1064 4026 in
1085 3976 1224 4027 aeternum
1245 3974 1272 4025 et
1291 3971 1345 4041 rlq.
1366 3987 1394 4023 ex
1414 3968 1470 4022 eob

332 4057 365 4109 18
382 4055 466 4124 pedes
484 4074 559 4111 meos
578 4075 591 4111 c
672 4058 704 4112 18
723 4076 761 4128 aq.
781 4058 863 4129 podes
884 4064 912 4113 et
931 4061 997 4130 relq.
1017 4060 1070 4130 ipsi
1090 4078 1154 4114 uero
1174 4058 1189 4113 b
1272 4060 1304 4113 21
1327 4057 1440 4112 extentis
1459 4072 1470 4123 p

329 4145 483 4199 confixisset
499 4146 542 4214 9¹‚·
561 4146 670 4199 confixis
689 4147 737 4200 sed
754 4145 784 4218 ρ’
875 4150 909 4201 22
929 4148 1060 4203 confossis
1078 4166 1096 4217 q
1181 4148 1215 4201 23
1236 4144 1443 4217 conspuentibus
1460 4158 1472 4195 e

328 4234 362 4285 24
384 4249 422 4300 aq.
446 4234 611 4287 uestimenta
633 4241 661 4289 et
684 4236 735 4305 rlq.
759 4238 962 4307 prophetiae‚b
1072 4254 1151 4307 super
1170 4236 1362 4291 uestimentum
1381 4248 1465 4287 meum

329 4337 421 4390 aepp
435 4324 459 4383 f
474 4321 589 4389 Douros
608 4340 688 4393 super
707 4330 810 4378 uestem
833 4342 918 4379 meam
936 4343 979 4395 pv
