3192 4959
352 439 402 491 De
431 440 606 493 ciuitate
634 440 695 494 dei
723 439 788 496 lib.
817 440 889 494 XVI.
918 458 994 512 esp.
1023 443 1048 498 4.
1078 444 1103 497 5.
1232 445 1295 508 135

622 633 759 702 CAPUT
783 636 822 700 V.

160 777 204 842 De
241 775 491 842 descensione
524 777 673 842 Domini
710 779 753 844 ad
792 779 1091 844 confundendam
1127 777 1293 864 linguam

490 883 778 948 aedificantium
803 890 955 950 turrem.

196 1023 287 1104 Quod
308 1025 390 1088 enim
411 1025 564 1108 scripturn
585 1029 649 1089 est:
672 1025 718 1088 Et
742 1024 941 1092 descendit
959 1025 1141 1090 Dominus
1164 1025 1294 1090 nidere

131 1131 348 1196 asinitatem
379 1133 416 1195 et
441 1133 594 1206 turrem,
620 1149 726 1212 quam
752 1131 1058 1196 aedificauernnt
1080 1131 1158 1195 filii
1182 1131 1295 1196 homi-

155 1258 243 1314 num,
272 1237 332 1302 hoc
361 1241 411 1301 cst
437 1255 498 1302 non
525 1237 584 1301 lilii
612 1237 681 1315 Dei,
711 1237 767 1303 sed
794 1239 851 1302 illa
878 1238 1014 1303 societas
1041 1237 1216 1302 secundum
1240 1237 1295 1302 lro-

154 1345 265 1409 minem
294 1345 419 1421 uiuens,
448 1363 541 1426 qnam
570 1349 727 1408 terrenam
756 1344 892 1408 dicimus
921 1345 1100 1410 ciuitatem:
1134 1364 1195 1410 non
1223 1345 1293 1408 loco

154 1458 297 1516 mouetur
319 1451 417 1525 Dens,
443 1451 496 1532 qui
525 1469 649 1534 semper
677 1455 726 1515 est
753 1451 873 1533 nbiqne
899 1455 999 1526 totns,
1023 1451 1080 1514 sed
1105 1450 1294 1516 descendero

154 1560 276 1635 dicitur,
311 1577 383 1623 cram
416 1557 537 1640 aliquid
568 1558 646 1621 facit
676 1557 708 1621 in
741 1561 834 1632 terra,
867 1557 952 1640 quod
983 1561 1107 1640 praeter
1137 1559 1293 1622 usitatum

120 1671 277 1730 tonaturus
302 1683 430 1730 cursum
453 1662 643 1728 mirabiliter
665 1662 785 1727 factum
809 1663 1019 1746 praesentiam
1044 1663 1180 1746 quodam
1199 1661 1293 1728 modo

152 1774 214 1838 eius
243 1771 404 1844 ostendat3
438 1789 496 1835 nec
523 1769 661 1835 uidendo
690 1769 785 1834 discit
812 1769 853 1833 ad
880 1775 1019 1852 tempus,
1044 1771 1099 1852 qui
1121 1787 1292 1853 numquam

151 1883 252 1962 potest
281 1877 403 1960 aliquid
429 1879 583 1962 ignorare,
607 1877 664 1942 sed
692 1876 730 1944 ad
758 1881 885 1958 tempus
916 1877 1024 1942 uidere
1049 1881 1081 1942 et
1104 1895 1294 1962 cognoscere

151 1987 272 2065 dicitur,
292 1985 378 2068 qnod
402 1984 504 2048 uideri
527 1987 560 2048 et
583 1983 731 2067 cognosci
754 1983 842 2049 fecit.
865 1983 936 2049 Non
960 1985 1006 2049 sic
1030 2003 1106 2068 ergo
1124 1983 1294 2048 uidebatur

151 2093 200 2157 illa
227 2093 356 2168 ciuitas,
385 2110 448 2174 quo
476 2091 570 2154 modo
604 2109 673 2155 eam
702 2091 789 2155 Deus
822 2091 924 2155 uideri
956 2091 1043 2163 fecit,
1074 2090 1198 2173 qnando
1232 2090 1293 2154 sibi

121 2203 301 2281 sonantum
330 2199 513 2281 displiceret
541 2197 692 2264 ostendit.
730 2195 884 2276 Quamuis
912 2198 1017 2279 possit
1037 2197 1182 2280 intellegi
1206 2197 1293 2261 Deus

154 2307 187 2370 ad
208 2307 296 2372 illam
322 2305 486 2370 cleritatem
510 2303 722 2380 descendisse,
746 2305 821 2386 quis
844 2304 1074 2369 descenderunt
1096 2305 1200 2388 angeli
1224 2303 1293 2368 eins

154 2413 179 2476 in
206 2414 324 2495 quibus
353 2412 487 2486 habitate
521 2416 567 2487 ut,
597 2409 683 2493 quod
711 2411 895 2475 adiunctum
924 2414 989 2476 est:
1021 2411 1068 2475 no
1099 2411 1196 2474 dixit
1225 2411 1293 2476 Do·

155 2520 270 2585 minus
294 2520 410 2584 Deus:
444 2519 538 2583 Ecce
567 2537 685 2602 genus
713 2537 825 2582 unum
854 2523 890 2581 et
917 2517 1060 2582 labium
1088 2537 1199 2582 unum
1223 2535 1292 2582 om·

156 2627 257 2703 oium,
290 2629 324 2691 et
355 2629 469 2703 cetera,
502 2644 538 2689 ac
567 2624 678 2690 deindo
711 2624 869 2690 additum:
911 2624 1043 2689 Venite
1075 2629 1112 2689 et
1143 2623 1292 2688 ‹lescen-

123 2732 279 2797 odentes
313 2731 586 2797 confundamus
619 2731 671 2794 ibi
704 2731 872 2815 linguam
906 2750 1042 2807 eornm,
1070 2732 1291 2815 recapitulatio

159 2839 204 2912 sit,
231 2840 446 2904 demonstrans
475 2857 569 2922 quem
597 2837 636 2902 ad
664 2838 795 2902 modum
822 2838 943 2902 factum
971 2839 1024 2915 sit,
1053 2838 1139 2920 qnod
1171 2838 1290 2902 dictum

159 2945 264 3014 fuerat:
288 2945 496 3012 Descendit
519 2945 712 3010 Dominus.
737 2943 769 3010 Si
795 2945 879 3008 enim
897 2945 961 3010 ism
980 2945 1194 3022 descenderat,
1215 2944 1291 3027 qnid

161 3051 214 3114 eibi
238 3053 322 3118 nult:
362 3051 497 3116 Venite
526 3055 564 3116 ct
591 3051 866 3116 descendentes
895 3052 1168 3118 confundamus
1192 3051 1291 3135 (quod

159 3157 343 3245 intellep'tnr
367 3159 489 3243 augelis
509 3157 654 3240 dictum),
673 3159 735 3222 nisi
754 3158 829 3240 quia
846 3178 902 3241 per
920 3159 1050 3242 angelos
1070 3157 1290 3235 descendebat,

123 3279 144 3322 s
160 3265 209 3343 qni
229 3265 258 3330 in
281 3267 401 3351 angelis
426 3265 689 3330 descendentibus
713 3269 801 3328 erat?
832 3266 873 3329 nt
894 3267 973 3330 bene
995 3285 1056 3330 non
1080 3265 1139 3330 ait:
1167 3265 1291 3329 ‘Venite

161 3375 189 3433 et
220 3371 437 3438 descendentes
471 3373 676 3445 confundite?
708 3373 778 3437 sed:
817 3372 1098 3437 Confundamus
1134 3373 1186 3437 ibi
1224 3373 1291 3436 lin-

160 3495 260 3558 gnam
286 3499 423 3556 eorum;
458 3481 626 3544 ostendens
653 3479 699 3544 ita
727 3497 760 3544 sc
789 3479 910 3560 operari
937 3497 993 3561 per
1014 3479 1178 3542 ministros
1203 3497 1290 3544 suos.

160 3586 193 3644 ut
225 3583 282 3648 sint
311 3587 406 3650 etiam
438 3585 501 3670 ipsi
534 3591 752 3668 cooperatores
782 3585 851 3662 Dei,
883 3585 969 3649 sicut
1000 3587 1175 3667 apostolus·
1198 3585 1289 3650 dicit:

159 3687 223 3752 Dei
248 3693 335 3756 onim
360 3711 489 3757 sumus
514 3693 735 3776 cooperarii.

244 3984 434 4050 illonlho
496 3987 619 4042 ltine
677 3991 708 4043 19
729 3987 795 4043 Gen.
817 3989 953 4057 ll‚6sq.
1008 3986 1249 4047 teneoras

189 4157 205 4209 8
225 4157 319 4228 ubique
336 4169 410 4218 esto
501 4165 533 4248 19
552 4164 719 4228 mirabiliter,
738 4165 769 4218 in
787 4181 872 4234 moro.
892 4164 1091 4231 miserabiliter,
1109 4181 1123 4218 ι
1212 4181 1289 4234 prae·

153 4247 277 4299 sentiae
323 4255 353 4307 13
372 4253 482 4324 dieitur]
503 4253 534 4308 dl
552 4257 616 4322 (pro
635 4253 678 4320 dfl
700 4271 713 4308 e
783 4255 815 4308 15
835 4255 1010 4325 displicererjrt
1032 4251 1058 4304 l'
1127 4257 1206 4323 poset
1224 4251 1291 4306 medi

153 4349 240 4388 manu
260 4342 424 4410 rescriptum·
442 4346 529 4414 possit
546 4361 580 4398 m.
600 4349 615 4396 1
641 4344 663 4396 V
720 4345 751 4397 17
771 4343 916 4398 habitabat
934 4361 948 4397 e
