3192 4959
381 469 430 522 De
459 469 652 523 ciuitatis
680 469 741 522 dei
769 470 834 523 lib.
863 471 948 524 xxll.
977 487 1052 542 cap.
1082 471 1106 527 8.
1243 477 1307 538 607

205 668 295 748 Aput
315 663 497 748 Hipponem
520 663 641 730 Bassus
669 664 798 747 quidam
827 665 925 748 Syrus
954 665 1202 752 admemoriam
1226 667 1308 732 eius-

161 772 235 836 dem
257 771 404 855 martyris
427 771 537 835 orabat
558 790 615 854 pro
639 773 822 855 aegrotante
847 775 879 835 et
902 772 1101 854 periclitante
1125 771 1190 836 filia
1210 792 1310 856 eoque

162 897 273 943 seciam
295 881 419 943 uestem
444 877 513 942 eins
536 876 705 954 adtulerat,
730 895 802 941 cum
827 895 899 942 ecce
919 879 1010 960 pueri
1030 879 1067 943 de
1087 877 1180 945 domo
1200 899 1310 945 cucur-

160 987 280 1062 rerunt,
313 985 368 1067 qui
396 984 427 1047 ei
453 988 612 1050 mortuam
640 985 831 1049 nuntiarent.
861 983 923 1049 Sed
952 1003 1025 1050 oum
1054 989 1162 1050 orante
1189 986 1246 1050 illo
1270 987 1308 1052 ab

132 1091 273 1156 ramicis
297 1091 366 1155 eins
390 1090 616 1174 exciperentur,
644 1091 875 1173 prohibuerunt
897 1111 952 1156 eos
975 1092 1023 1156 illi
1048 1091 1162 1170 dicere,
1192 1112 1229 1158 ne
1252 1113 1308 1175 per

161 1198 326 1282 publicum
358 1197 533 1281 plangeret.
567 1195 630 1277 Qui
658 1215 730 1262 oum
760 1197 891 1262 domum
920 1198 1057 1263 redisset
1083 1199 1146 1264 iam
1180 1216 1308 1264 suorum

162 1305 336 1370 eiulatibus
363 1308 586 1387 personantem
609 1308 643 1369 et
664 1308 790 1369 uestem
813 1305 908 1382 filiae,
936 1325 1032 1388 quam
1055 1306 1187 1384 ferebat,
1216 1325 1308 1389 super

163 1432 232 1477 eam
256 1411 453 1496 proiecisset,
477 1410 601 1476 reddita
623 1416 674 1476 est
694 1411 789 1476 uitae.

208 1519 332 1584 Rursus
359 1519 479 1584 ibidem
504 1521 584 1600 aput
605 1538 662 1584 nos
685 1518 806 1584 Ireuaei
835 1518 1001 1584 cuiusdam
1026 1519 1200 1584 collectarii
1224 1519 1309 1586 lilius

120 1647 144 1683 ιο
163 1625 361 1710 aegritudine
376 1625 551 1690 exstinctus
562 1629 621 1690 est.
634 1624 778 1708 Cumque
793 1643 907 1707 corpus
921 1624 1040 1689 iaceret
1055 1625 1195 1690 exanime
1211 1625 1312 1708 adque

163 1753 181 1796 a
204 1731 390 1816 lugentibus
415 1734 447 1794 et
463 1730 713 1795 lamentantibus
733 1733 900 1813 exsequiae
919 1736 1113 1814 pararentur,
1137 1731 1311 1798 amicorum

164 1839 235 1902 eius
263 1837 392 1920 quidam
422 1837 506 1901 inter
531 1837 665 1902 aliorum
695 1837 928 1902 consolantium
952 1839 1050 1902 uerba
1074 1839 1247 1923 suggessit,
1277 1845 1314 1902 ut

165 1943 309 2009 eiusdem
336 1943 486 2025 martyris
514 1945 583 2010 oleo
608 1962 722 2026 corpus
745 1947 1007 2028 perungueretur.
1037 1943 1169 2010 Factum
1194 1951 1252 2022 est,
1282 1942 1314 2008 et'

162 2051 290 2115 reuixit.

119 2180 144 2217 ιι
209 2158 355 2240 Itemque
374 2160 453 2240 aput
470 2175 527 2221 nos
547 2157 597 2220 uir
614 2155 804 2221 tribunicius
824 2156 995 2221 Eleusinus
1015 2175 1111 2240 super
1128 2157 1312 2222 memoriam

164 2267 352 2347 martyrum,
375 2281 456 2346 quae
483 2263 515 2326 in
544 2262 724 2327 suburbano
752 2262 822 2328 eius
850 2267 910 2338 est,
935 2261 1131 2346 aegritudine
1159 2262 1313 2328 exanima·

163 2377 236 2435 tum
258 2370 368 2452 posuit
390 2369 582 2434 infantulum
606 2369 719 2446 tilium,
739 2371 865 2450 etpost
883 2369 1067 2446 orationem,
1088 2388 1182 2451 quam
1201 2367 1312 2432 multis

166 2497 240 2542 cum
264 2477 405 2542 lacrimis
427 2476 472 2540 ibi
495 2475 591 2551 fudit,
614 2476 778 2540 uiuentem
801 2476 933 2542 leuauit.

211 2582 297 2664 Quid
325 2583 461 2647 faciam?
498 2582 599 2666 Urget
626 2581 723 2648 huius
752 2582 856 2664 operis
887 2581 1038 2665 inplenda
1068 2581 1248 2666 promissio,
1278 2587 1315 2646 ut

119 2714 144 2750 ιι
165 2709 228 2755 non
262 2690 316 2754 laic
346 2688 468 2770 possim
501 2688 608 2752 omnia
639 2706 885 2754 commemorare
919 2708 997 2770 quae
1030 2689 1111 2764 scio;
1146 2692 1178 2752 et
1203 2690 1314 2772 procul

166 2797 265 2862 dubio
296 2796 439 2879 plerique
471 2799 663 2873 nostrornm,
696 2813 770 2860 oum
807 2795 885 2860 haec
920 2795 1038 2878 legent,
1077 2794 1229 2859 dolebunt
1264 2813 1314 2858 me

165 2903 420 2986 praetermisisse
448 2905 514 2966 tam
542 2903 655 2979 multa,
680 2920 759 2983 quae
786 2901 901 2984 utique
924 2920 1049 2966 mecum
1075 2901 1189 2965 sciunt.
1228 2899 1314 2979 Quos

165 3011 230 3074 iarn
250 3027 343 3084 nnnc,
362 3012 400 3072 ut
417 3009 596 3092 ignoscant,
614 3026 704 3092 rogo,
723 3011 756 3072 et
779 3008 922 3092 cogitent
945 3025 1040 3089 quam
1063 3007 1176 3090 prolixi
1198 3007 1315 3072 laboris

167 3117 347 3194 sittacene,
372 3115 457 3198 quod
480 3134 532 3179 me
554 3115 607 3179 hic
630 3134 691 3179 non
714 3115 818 3180 lacere
843 3113 986 3196 suscepti
1010 3114 1113 3197 operis
1141 3113 1314 3179 necessitas

120 3248 147 3284 ss
168 3222 267 3306 cogit.
292 3221 327 3288 Si
350 3222 434 3287 enim
458 3221 612 3286 miracula
630 3222 814 3296 sanitatum,
834 3225 871 3285 nt
889 3221 952 3285 alia
970 3224 1103 3292 taceam,
1124 3239 1160 3284 ea
1178 3224 1315 3284 tantum·

167 3328 263 3394 modo
287 3328 387 3392 uelim
410 3327 557 3405 scribere,
580 3347 662 3410 quae
685 3347 741 3410 per
763 3328 849 3392 huuc
873 3329 1053 3408 martyrem,
1073 3327 1105 3392 id
1130 3330 1180 3391 est
1202 3327 1315 3412 glorio-

168 3436 335 3500 sissimum
363 3433 570 3516 Stephanum,
595 3434 679 3500 tacta
705 3437 782 3498 sunt
812 3434 844 3498 in
873 3432 996 3498 colonia
1020 3433 1197 3498 calamensi
1226 3434 1258 3497 et
1284 3433 1315 3497 in

167 3548 287 3618 nostra,
312 3541 441 3625 plurimi
465 3541 651 3606 conficiendi
675 3545 750 3605 sunt
772 3541 856 3618 libri,
876 3560 934 3605 nec
957 3547 1061 3606 temen
1086 3541 1190 3605 omnia
1209 3539 1317 3624 colligi

205 3833 381 3885 deumerent
393 3849 416 3900 p
480 3831 712 3900 dplaugerentp
775 3831 977 3884 thalulatibus
996 3847 1035 3900 cg
1090 3795 1282 3898 &prologissec
1298 3847 1316 3897 p

169 3956 360 4023 thiraneirn
377 3956 489 4018 hirenei,
510 3957 540 4008 ιἰι
558 3973 644 4026 ortorp.
665 3972 789 4026 cyrenen,
808 3973 822 4009 c
903 3957 934 4007 13
954 3969 1058 4023 perung
1041 3956 1168 4006 oneretur
1186 3969 1237 4020 ιιι·
1258 3969 1315 4021 per·

169 4076 352 4144 ungereturv
453 4073 486 4126 lo
503 4073 579 4132 item,
599 4073 697 4126 crrrmso
717 4087 777 4139 que,
792 4089 815 4138 p
925 4069 1059 4134 clepsiuus
1078 4086 1108 4136 ιι,·
1127 4034 1317 4132 eleusiinusm

170 4161 319 4216 eleusinius
334 4177 380 4228 up
451 4160 613 4212 memorien
684 4159 861 4212 memoratio
928 4159 959 4212 16
979 4157 1104 4225 martyris
1124 4157 1164 4210 du
1224 4157 1317 4208 19'111-

170 4249 273 4322 plenda
291 4267 369 4315 rass.;
387 4247 553 4317 implendis
638 4249 672 4302 20
691 4248 792 4318 possim
810 4247 856 4350 pic
873 4265 892 4315 p
965 4248 999 4298 22
1019 4251 1074 4300 tarn
1094 4245 1181 4298 mulla
1199 4251 1317 4314 praeter·

169 4367 279 4419 misisse
297 4382 314 4418 o
368 4365 402 4417 25
423 4369 454 4417 ut
472 4364 536 4432 alia]
556 4363 670 4432 utiliap
725 4364 767 4432 ea]
787 4362 852 4430 adp
