3192 4959
350 444 400 497 De
429 444 603 497 ciuitate
631 443 692 497 dei
721 443 785 496 lib.
814 443 900 497 XVll.
930 460 1003 514 cap.
1033 446 1058 501 3.
1211 449 1276 511 209

127 639 216 701 ualet
242 638 417 721 plurimum
445 639 645 720 multumque
674 640 814 704 exercuit
842 642 873 703 et
897 643 1018 703 exercet
1041 640 1168 723 ingenia
1191 660 1277 706 seru-

126 746 266 809 tantium
298 746 422 809 litteras
451 764 566 824 sacras,
596 749 642 822 ut,
672 746 757 828 quod
792 746 945 811 historice
977 745 1172 827 praedictum
1207 767 1277 812 con-

126 851 316 934 pletumque
356 852 475 935 legitur
513 852 545 915 in
589 850 707 916 semiue
745 852 889 916 Abrahae
926 851 1103 915 seeundum
1141 870 1275 931 earnem,

127 958 225 1022 etiam
258 959 289 1022 in
322 959 443 1022 semine
474 958 618 1023 Abrahae
652 958 827 1023 secundum
858 957 952 1021 fidem
986 959 1061 1040 quid
1092 960 1273 1041 inplendum

101 1064 298 1149 sallegorice
322 1064 481 1149 significet
498 1064 688 1147 inquiratur3
708 1066 738 1129 in
759 1068 882 1129 tanturn
902 1068 939 1129 ut
958 1066 1147 1147 quibusdam
1168 1067 1274 1132 uisum

126 1171 169 1235 sit
191 1172 273 1235 nihil
296 1191 366 1236 esse
388 1172 421 1235 in
446 1171 565 1235 eisdem
588 1172 679 1237 libris
703 1172 756 1235 uel
778 1172 1035 1253 praenuntiatum
1059 1175 1092 1237 ot
1115 1172 1273 1251 ellectum,
1387 1180 1389 1185 ’

127 1278 180 1341 111
207 1278 356 1342 effectum
384 1278 530 1359 quamuis
561 1299 621 1343 non
650 1279 917 1362 praenuntiatum,
945 1277 1029 1361 quod
1052 1299 1112 1343 non
1135 1280 1275 1345 insinuet

127 1384 248 1466 aliquid
271 1383 311 1448 ad
339 1404 506 1467 supernam
530 1385 694 1449 ciuitatem
718 1384 777 1448 Dei
802 1386 933 1467 eiusque
962 1385 1045 1449 lilios
1069 1386 1100 1449 in
1125 1387 1183 1450 hac
1207 1386 1275 1451 uita

127 1492 310 1573 peregrinos
339 1490 473 1576 figurata
500 1490 729 1573 significatione
757 1491 965 1556 referendum.
996 1490 1057 1557 Sed
1087 1492 1113 1556 si
1143 1494 1201 1557 hoc
1228 1494 1276 1557 ita

92 1623 112 1660 ro
128 1600 186 1672 est,
215 1598 278 1661 iam
307 1597 467 1681 bipertita,
495 1618 556 1661 uon
584 1596 744 1679 tripertita
771 1602 864 1663 erunt
887 1598 1013 1680 eloquia
1036 1598 1273 1681 prophetarum,

128 1704 178 1766 uel
200 1704 310 1786 potius
332 1706 460 1769 illarum
484 1705 712 1787 scripturarum
737 1706 890 1781 omnium,
916 1723 995 1788 quae
1019 1706 1137 1769 ueteris
1156 1707 1273 1770 instru-

127 1810 226 1874 menti
258 1810 469 1894 appellatione
498 1815 677 1876 ccnsentur·.
705 1811 794 1876 Nihil
823 1812 905 1875 enim
934 1812 993 1875 erit
1020 1812 1097 1890 illic,
1127 1813 1211 1894 quod
1235 1814 1274 1878 ad

128 1916 327 1981 Hierusalem
359 1922 515 1982 terrenam
546 1921 671 1982 tantum
702 1917 868 2000 pertineat,
903 1918 940 1995 si,
974 1918 1128 1999 quidquid
1159 1919 1204 1982 ibi
1236 1920 1272 1984 de

129 2022 181 2086 illa
221 2026 275 2089 uel
315 2028 443 2108 propter
479 2024 567 2089 illam
606 2024 723 2089 dicitur
758 2025 860 2106 adque
899 2024 1074 2106 conpletur,
1113 2026 1273 2109 significat

91 2154 113 2191 u
129 2129 256 2211 aliquid,
281 2130 365 2211 quod
389 2131 484 2195 etiam
508 2130 548 2193 ad
570 2130 772 2195 Hierusalem
801 2130 969 2194 caelestem
994 2130 1163 2214 allegorica
1186 2152 1272 2214 prae-

127 2234 313 2318 figuratione
339 2238 508 2312 toleratum
541 2237 596 2301 sed
625 2240 716 2301 erunt
739 2238 808 2301 sola
832 2236 893 2300 duo
917 2255 1041 2319 genera,
1065 2256 1163 2301 unum
1188 2239 1272 2320 quod

129 2341 165 2403 ad
187 2342 389 2405 Hierusalem
412 2342 555 2418 liberam,
586 2342 720 2406 alterum
743 2342 829 2424 quod
852 2342 891 2405 ad
916 2346 1082 2423 utramque
1105 2344 1271 2423 pertineat.

128 2446 206 2512 llihi
238 2452 345 2513 autern
379 2449 462 2513 sicut
494 2450 630 2513 multum
669 2448 819 2513 uidentur
850 2468 961 2523 errare,
1000 2448 1054 2530 qui
1087 2449 1190 2513 nullas
1221 2472 1272 2516 res

130 2560 233 2638 gestas
260 2555 293 2619 in
316 2574 353 2619 eo
378 2574 491 2639 genere
514 2556 691 2620 litterarum
715 2555 837 2637 aliquid
860 2555 946 2619 alind
969 2558 1093 2636 praeter
1116 2556 1157 2633 id,
1188 2558 1271 2638 quod

90 2684 113 2723 ro
130 2682 162 2725 10
198 2662 292 2726 modo
330 2666 439 2745 gestae
478 2665 562 2738 sunt,
600 2662 778 2745 significare
815 2661 1014 2739 arbitrantur,
1052 2662 1097 2725 ita
1132 2665 1270 2728 multum

130 2768 249 2844 audere,
287 2768 341 2851 qui
377 2786 508 2850 prorsus
545 2768 589 2831 ibi
627 2768 731 2831 munia
768 2766 1054 2851 significationibus
1092 2766 1272 2851 allegoricis

130 2875 270 2939 inuoluta
302 2894 373 2939 esse
407 2874 610 2940 contendunt.
642 2874 717 2939 Ideo
745 2874 913 2956 tripertita,
942 2894 1002 2939 non
1027 2874 1178 2957 bipertita
1201 2892 1270 2937 esso

130 2982 198 3046 dixi.
226 2982 295 3046 Hoc
323 2982 407 3045 enim
431 2981 586 3058 existimo,
616 2984 805 3045 nontamen
831 2980 1049 3063 culpanseos‚
1079 2980 1132 3063 qui
1160 2982 1271 3062 potue-

129 3090 188 3151 rint
211 3088 279 3152 illio
303 3088 341 3152 de
365 3106 564 3171 quacumque
592 3107 624 3151 re
649 3091 740 3171 gesta
767 3106 896 3151 sensum
920 3088 1156 3171 intellegentiae
1180 3087 1270 3169 spiri-

91 3217 114 3257 1
130 3196 198 3258 talis
227 3196 419 3277 exsculpere,
448 3198 575 3259 seruata
598 3195 761 3259 dumtaxat
783 3194 931 3275 primitus
956 3193 1106 3257 historiae
1126 3193 1270 3258 ueritate.

132 3302 271 3367 Ceterum
292 3320 373 3384 quae
396 3302 441 3365 ita
464 3300 621 3377 dicuntur,
649 3306 687 3365 ut
708 3301 803 3365 rebus
828 3300 1011 3364 humanitus
1037 3318 1092 3363 seu
1117 3299 1270 3363 diuinitus

132 3410 224 3490 gestis
246 3409 315 3473 siue
335 3408 480 3491 gerendis
500 3408 667 3472 conuenire
685 3427 746 3471 non
766 3411 901 3490 possint,
926 3406 997 3488 quis
1019 3405 1121 3470 fidelis
1147 3406 1272 3471 dubitet

132 3532 186 3577 non
212 3534 281 3579 esse
307 3514 444 3578 inaniter
466 3514 571 3578 dicta?
595 3513 674 3593 Quis
699 3533 735 3577 ea
757 3533 817 3578 non
843 3514 882 3578 ad
904 3513 1156 3596 intellegentiam
1179 3512 1269 3595 spiri·

131 3620 220 3684 talem
250 3625 389 3696 reuocet,
428 3621 455 3684 si
485 3620 600 3705 possit,
638 3625 693 3684 aut
725 3620 763 3684 ab
797 3640 833 3685 eo
867 3619 921 3701 qui
953 3622 1061 3702 potest
1092 3617 1269 3683 reuocanda

91 3746 115 3786 a
134 3745 196 3791 esse
217 3729 373 3793 fateatur?

166 3971 267 4041 ‘dquod
284 3971 356 4025 ibic
427 3971 590 4025 historiacc
644 3970 1014 4027 dcamem....secundum
1035 3985 1120 4037 0019
1183 3966 1267 4021 9sed

136 4058 531 4130 obcpppo;etalDomlr.
604 4060 645 4113 ita
662 4060 749 4114 hocb
805 4059 985 4114 aceoneme
1039 4060 1072 4111 23
1093 4059 1267 4128 potueruntc

134 4147 301 4217 Hiprimitns
321 4149 494 4202 dumtaxatv
575 4149 773 4217 capessente
854 4148 888 4203 28
908 4148 953 4217 ad]
972 4149 999 4201 in
1016 4166 1034 4218 p
1114 4148 1148 4200 29
1168 4145 1201 4200 ub
1222 4145 1265 4215 eo]

135 4235 244 4291 habeoe

161 4466 231 4505 mx
245 4466 301 4514 Aug.
316 4476 386 4513 opera
400 4465 475 4507 saeuo
490 4464 509 4504 V
524 4474 577 4515 pm
591 4465 622 4504 11.
1197 4445 1229 4497 14
