3192 4959
325 401 389 462 570
675 397 700 450 S.
730 397 885 451 Aurelii
913 397 1130 466 Augustini

323 592 434 675 iguis
458 592 660 675 probabit.
687 591 727 656 si
748 592 867 656 auius
888 611 987 675 opus
1007 592 1281 676 permanserit
1300 593 1462 675 (permanet

325 699 408 762 enim
432 697 517 780 quod
542 699 677 781 quisque
702 699 823 782 cogitat
847 719 926 781 quae
951 703 1024 764 sunt
1047 698 1117 774 Dei,
1143 717 1204 780 quo
1233 698 1327 762 modo
1351 701 1462 782 placeat

323 802 417 890 Deo),
443 804 547 887 quod
571 804 948 886 superaedificabit
972 806 1193 870 mercedem
1222 805 1402 889 accipiet
1423 805 1461 884 (id

324 915 384 989 est,
418 912 500 976 unde
534 911 700 994 cogitauit,
733 912 794 976 boc
824 911 959 997 sumet);
991 913 1025 976 si
1058 913 1175 977 auius
1209 916 1342 976 autam
1374 931 1460 994 opus

324 1018 484 1096 arserit,
513 1017 691 1083 damnum
720 1019 905 1100 patiatur
932 1020 1094 1101 (qnoniam
1124 1019 1208 1101 qnod
1237 1019 1388 1083 dilexerat
1408 1039 1459 1082 non
1486 1039 1495 1077 s

324 1123 480 1207 babebit),
504 1125 593 1206 ipsa
618 1127 749 1189 autem
775 1127 919 1190 saluus
944 1125 1023 1191 erit
1051 1125 1141 1210 (quia
1164 1127 1253 1190 nulla
1277 1145 1350 1190 eum
1373 1127 1460 1189 tribu·

323 1231 400 1295 latio
434 1231 473 1295 ab
501 1231 590 1295 illius
616 1231 815 1295 fundamenti
844 1232 1020 1298 stabilitate
1049 1233 1215 1313 semouit);
1250 1233 1310 1296 sic
1342 1235 1459 1296 tamen

324 1337 442 1419 quasi
474 1357 543 1420 par
574 1337 707 1422 ignem
740 1339 839 1420 (quod
872 1340 954 1404 euim
988 1340 1055 1404 sine
1087 1340 1249 1404 inliciente
1279 1357 1382 1402 amore
1408 1357 1459 1401 non

323 1444 444 1520 babuit,
469 1443 537 1508 sine
564 1448 676 1509 urente
704 1444 812 1510 dolore
841 1467 901 1511 uon
930 1446 1057 1533 perdit).
1087 1447 1178 1524 Ecce,
1208 1451 1361 1528 quantum
1392 1444 1457 1508 mibi

323 1551 460 1628 uidetur,
493 1552 641 1615 inuentus
670 1555 720 1617 ast
745 1553 841 1637 ignia,
871 1554 926 1636 qui
954 1555 1077 1620 nullum
1107 1575 1215 1618 eorum
1246 1553 1383 1629 damnet,
1412 1549 1457 1614 sed
1474 1575 1493 1613 ro

323 1676 422 1720 unum
446 1657 536 1730 ditet.
561 1658 696 1723 alterum
720 1659 913 1738 damnificet,
939 1661 1049 1726 ambos
1073 1661 1195 1743 probet.

369 1763 403 1828 Si
436 1768 542 1828 autem
574 1764 680 1848 ignem
712 1766 804 1831 illum
833 1767 904 1831 loco
932 1769 996 1832 isto
1027 1767 1222 1832 uoluerimus
1251 1768 1400 1849 accipere.
1427 1764 1456 1826 de

323 1890 385 1952 quo
410 1872 565 1936 Dominus
591 1873 676 1937 dicat
694 1873 848 1938 sinistris:
873 1874 1089 1939 Discedite
1114 1894 1132 1938 a
1154 1894 1222 1950 me,
1246 1873 1456 1938 maledicti.

322 1977 360 2040 in
389 1977 520 2060 ignem
550 1983 775 2056 aeteruum;
805 1984 843 2044 ut
869 1979 900 2044 in
929 1980 975 2044 eis
1000 1981 1094 2046 etiam
1120 1981 1175 2044 isti
1200 1999 1270 2046 esse
1296 1979 1456 2044 credantur.

323 2086 377 2166 qui
410 2085 577 2149 aedificant
609 2105 703 2168 super
739 2087 980 2152 fundamentum
1017 2088 1114 2170 ligna,
1153 2088 1271 2165 lanum,
1310 2086 1489 2168 stipulamn

322 2209 441 2272 eosque
465 2211 501 2255 er
523 2192 581 2256 illo
605 2192 679 2276 igne
701 2197 776 2274 post
798 2197 925 2274 ternpus
949 2213 1004 2276 pro
1029 2194 1120 2258 malis
1145 2194 1267 2257 meritis
1287 2192 1457 2275 inpartitum

320 2296 434 2362 libaret
460 2299 535 2362 boni
562 2299 712 2363 meritum
739 2300 953 2364 fundamenti:
988 2300 1064 2382 quid
1097 2300 1322 2366 arbitrabimur
1347 2299 1456 2364 dextros

322 2409 438 2490 quibus
467 2408 602 2472 dicetur:
633 2407 788 2484 Venite,
822 2408 1032 2472 benedicti
1060 2408 1194 2490 patris
1222 2407 1310 2486 mei,
1342 2405 1453 2490 possi·

323 2517 415 2580 dete
439 2518 623 2596 paratum
647 2515 766 2578 uobis
786 2534 961 2598 regnum,
982 2515 1043 2578 nisi
1064 2534 1129 2591 eos,
1149 2515 1205 2596 qui
1224 2513 1455 2580 aedifiaauerunt

322 2643 417 2705 snper
439 2622 680 2686 fundamentum
705 2641 827 2698 aurum,
852 2625 1029 2705 argentum,
1053 2622 1175 2705 lapides
1200 2622 1378 2703 pretiosos?
1403 2615 1487 2682 Sedu

321 2730 354 2792 in
381 2729 473 2793 illurn
497 2729 615 2811 ignem,
645 2729 769 2811 dequo
801 2729 920 2792 dictum
946 2733 1009 2793 est:
1040 2729 1101 2794 Sic
1131 2732 1252 2792 tamen
1278 2727 1384 2809 quasi
1401 2743 1454 2806 per

321 2837 457 2920 ignem,
482 2837 509 2900 si
535 2836 594 2899 boc
618 2835 711 2899 modo
736 2838 785 2898 est
808 2835 1052 2919 intellegendus
1072 2836 1199 2918 utrique
1218 2833 1366 2898 mittendi
1383 2835 1454 2896 sunt.

323 2945 356 3006 et
379 2942 479 3006 dextri
503 2943 629 3007 scilicet
652 2946 684 3005 et
706 2942 835 3006 sinistri.
860 2942 918 3007 lllo
943 2943 1060 3024 quippe
1080 2943 1153 3026 igne
1173 2941 1300 3024 utrique
1320 2935 1453 3023 probandi

323 3054 407 3125 sunt,
442 3049 480 3112 de
513 3069 574 3130 quo
610 3049 731 3114 dietum
760 3053 826 3113 est:
855 3048 951 3115 Dias
984 3049 1085 3112 enim
1111 3049 1355 3124 declarabit,
1378 3063 1452 3128 quo·

323 3158 426 3220 niam
454 3156 492 3218 in
523 3157 614 3239 igne
642 3156 912 3230 reuelabitur,
947 3159 984 3219 et
1012 3156 1342 3237 uniuscuiusque
1369 3165 1483 3246 opus-a

322 3265 441 3346 quale
474 3263 537 3341 sit,
570 3263 680 3346 iguis
713 3264 916 3347 probabit.
951 3264 984 3328 Si
1017 3283 1091 3347 ergo
1121 3268 1291 3344 utrumque
1325 3255 1453 3343 probabit

321 3369 416 3453 ignis,
445 3373 491 3447 ut,
525 3370 552 3433 si
582 3369 673 3434 cuius
704 3390 783 3453 opus
812 3371 1030 3452 permanserit,
1054 3371 1087 3434 id
1115 3373 1250 3434 estnon
1278 3368 1373 3432 fuerit
1393 3364 1451 3444 igne

322 3480 535 3553 consumtum,
560 3477 644 3558 quod
664 3477 941 3560 superaedificabit
958 3476 1135 3542 mercedem
1156 3476 1307 3558 accipiat;
1332 3474 1358 3538 si
1375 3470 1450 3535 cuius

322 3587 429 3646 autem
457 3602 536 3664 opus
567 3584 689 3660 arserit,
718 3585 869 3648 damnum
893 3585 1045 3667 patiatur:
1073 3584 1213 3666 profecto
1243 3601 1305 3644 non
1329 3583 1376 3643 est
1394 3575 1449 3656 ipse

322 3693 467 3754 aeternus
499 3691 554 3754 ille
581 3691 674 3774 ignis.
706 3691 741 3754 ln
768 3691 860 3755 illum
890 3691 972 3755 enim
1002 3690 1062 3755 soli
1091 3688 1210 3754 sinistri
1240 3687 1406 3754 nouissima
1426 3695 1480 3742 ets

413 3918 445 3970 13
464 3918 513 3972 ut.
533 3917 577 3977 25,
595 3918 629 3970 41
688 3917 720 3968 18
739 3915 775 3968 11).
796 3917 830 3970 34

358 4045 373 4096 6
393 4045 408 4096 9
429 4043 672 4110 abebit—abuitp
736 4043 750 4094 7
771 4043 890 4095 seruauit
909 4059 948 4110 cp
967 4041 1082 4108 Dornb.;
1101 4041 1219 4094 remouit
1239 4039 1297 4108 ob;
1317 4037 1400 4091 nrouet
1413 4030 1446 4100 pb·

320 4132 480 4201 mouitp²o
545 4134 574 4184 11
597 4132 733 4200 hunump
799 4132 831 4184 12
851 4131 903 4183 isto
923 4131 1017 4184 locov
1083 4132 1115 4184 13
1135 4129 1289 4200 dicitepp
1343 4120 1444 4180 liubi-

320 4221 439 4274 trabitur
450 4239 468 4290 9
505 4223 538 4273 ltl
558 4221 656 4290 quibus
675 4221 780 4273 dicetur
800 4238 832 4276 ru.
849 4225 868 4274 2
886 4238 919 4274 ea·
938 4222 1037 4290 quippe
1059 4220 1094 4286 (Ρ)
1115 4219 1215 4272 dicitur
1234 4235 1340 4286 corr.‚p
1372 4213 1400 4267 22
1412 4221 1442 4261 ⁶81

321 4329 428 4365 erasum
446 4329 464 4381 p
518 4312 552 4363 29
571 4311 692 4380 patietur
711 4309 739 4364 t²
812 4311 857 4365 ille
876 4311 935 4382 ipsc
955 4315 1064 4364 eternus
1083 4311 1155 4379 ignis
1174 4309 1190 4362 b
1264 4309 1320 4380 ipse
1338 4317 1410 4360 om.e
