3192 4959
309 430 359 483 De
387 430 562 483 ciuitate
590 428 651 482 dei
679 429 744 483 lib.
769 427 870 483 XVIII.
900 446 975 499 cap.
998 430 1041 483 43.
1065 432 1109 483 44.
1211 433 1275 497 339

133 647 181 691 an:
207 624 489 708 Quadraginta
512 623 622 688 dies?
643 621 721 702 Quis
741 624 824 688 enim
843 643 905 689 non
924 622 1033 689 uideat
1051 644 1111 689 non
1131 626 1274 707 potuisse

133 737 300 815 utrumque
317 736 394 797 tunc
414 731 478 796 diei
497 750 515 794 a
532 732 695 814 propheta,
716 731 770 812 qui
787 730 908 795 missus
932 731 1035 797 luerat
1057 734 1172 795 terrere
1193 751 1274 797 com-

132 839 299 904 minatione
321 836 504 903 inminentis
528 838 614 903 exitii
638 836 824 902 ciuitatem?
849 837 908 903 Cui
932 837 960 903 si
982 838 1075 903 tertio
1100 838 1149 904 die
1173 840 1275 904 fuerat

132 946 255 1011 laturus
286 945 445 1024 interitus,
478 964 538 1010 non
570 944 682 1026 utiquc
713 944 976 1029 quadragensimo
1010 944 1074 1022 die;
1107 945 1135 1009 si
1168 950 1274 1011 autem

108 1052 404 1135 squadragonoimo,
435 1070 498 1117 non
530 1050 641 1133 utiquo
672 1050 777 1117 tertio.
812 1050 846 1116 Si
875 1070 947 1135 ergo
977 1072 995 1117 a
1021 1070 1072 1117 me
1106 1052 1275 1135 quaeritur,

133 1158 203 1240 quid
231 1159 346 1224 horum
373 1158 467 1223 Ionas
497 1158 618 1235 dixerit,
646 1156 707 1223 hoc
734 1160 811 1239 puto
839 1158 948 1241 potius
982 1158 1064 1241 qnod
1098 1158 1216 1243 legitur
1242 1160 1273 1223 ln

133 1266 288 1330 Hebraeo:
322 1262 603 1347 Quadraginta
642 1262 740 1340 dies,
779 1266 819 1327 ot
854 1260 1013 1327 Nineue
1051 1267 1272 1329 euertetur.

134 1370 338 1455 Septuaginta
352 1370 505 1451 quinque
532 1370 626 1452 longe
653 1369 813 1451 posterius
837 1368 1036 1451 interpretati
1059 1369 1147 1434 alind
1171 1369 1273 1435 dicere

133 1481 309 1561 potuerunt,
334 1475 419 1558 qnod
440 1479 546 1540 tamen
570 1475 610 1541 ad
632 1494 698 1539 rem
717 1474 890 1557 pertineret
907 1480 940 1540 ct
957 1476 988 1539 in
1008 1496 1107 1540 arnum
1126 1476 1274 1541 eundem-

98 1612 118 1650 ιο
134 1604 189 1667 qne
221 1601 362 1661 sensum,
390 1582 537 1664 quamuis
569 1581 629 1645 sub
663 1582 761 1645 altera
793 1581 1035 1665 significatione,
1064 1586 1273 1660 concurreret,

133 1690 371 1770 admoneretque
407 1687 559 1753 lectorem
596 1692 731 1770 utraque
768 1688 956 1753 anctoritate
993 1708 1055 1753 non
1092 1693 1198 1771 spreta
1234 1690 1272 1755 ab

133 1797 262 1862 historia
288 1814 359 1861 sese
387 1795 539 1860 adtollere
568 1796 607 1860 ad
634 1814 669 1859 ea
697 1794 895 1877 requirenda,
920 1799 1047 1879 propter
1074 1814 1154 1879 quae
1178 1798 1272 1881 signi-

133 1903 247 1968 ficanda
271 1903 405 1968 historia
425 1902 497 1984 ipsa
521 1902 699 1984 conscripta
717 1906 776 1967 est.
802 1901 901 1967 Gesta
924 1905 999 1966 sunt
1023 1903 1139 1985 quippe
1162 1903 1218 1967 illa
1240 1904 1271 1967 in

107 2077 110 2083 ,
133 2010 249 2074 Νἰεεεε
264 2008 406 2085 ciuitate,
421 2008 476 2073 aed
496 2008 617 2089 aliquid
635 2008 731 2072 etiam
751 2007 1021 2092 significauerunt
1041 2009 1124 2091 quod
1144 2010 1272 2075 modum

96 2136 117 2175 ιε
133 2117 215 2181 illius
238 2115 381 2180 ciuitatis
405 2115 549 2190 excedat;
574 2114 660 2179 siout
681 2117 810 2199 gestum
834 2117 893 2191 est,
918 2115 1003 2196 quod
1025 2115 1093 2197 ipse
1121 2116 1274 2199 propheta

133 2221 159 2285 in
182 2226 290 2289 uentre
316 2222 376 2287 ceti
398 2220 505 2286 triduo
528 2220 601 2297 fuit,
626 2224 785 2286 ettamen
811 2220 908 2285 alium
933 2220 1126 2305 significauit
1148 2223 1180 2286 in
1203 2242 1273 2305 pro-

133 2328 222 2393 fundo
250 2328 364 2393 inferni
392 2326 498 2391 triduo
526 2328 682 2403 futurum,
706 2326 760 2408 qui
789 2326 936 2391 dominus
965 2331 1015 2392 est
1039 2327 1178 2393 omnium
1203 2344 1272 2411 pro·

132 2436 304 2516 phetarum.
334 2433 533 2517 Quapropter
561 2433 588 2499 si
616 2454 673 2517 per
699 2434 788 2497 illam
818 2433 981 2499 ciuitatem
1010 2438 1094 2499 recte
1119 2435 1273 2518 accipitur

133 2542 262 2606 ecelesia
285 2541 429 2625 gentium
452 2539 635 2624 prophetice
658 2539 803 2623 figurata,
824 2558 934 2605 euersa
952 2539 1076 2605 scilicet
1095 2560 1150 2622 per
1168 2539 1273 2623 paeni-

95 2648 268 2724 atentiam‚
292 2651 330 2710 ut
361 2646 464 2727 qualis
497 2645 598 2710 fuerat
630 2646 694 2710 iam
726 2665 787 2710 non
821 2648 915 2723 esset,
944 2646 1005 2709 hoc
1037 2646 1184 2728 quoniam
1218 2664 1273 2729 ρετ

133 2754 288 2819 Christum
317 2754 437 2818 factum
467 2752 574 2817 estin
605 2752 740 2816 ecclesia
768 2752 922 2836 gentium,
948 2752 1038 2817 cuius
1065 2753 1122 2816 illa
1148 2752 1271 2817 Nineue

132 2860 259 2943 liguram
287 2860 427 2944 gerebat,
451 2859 522 2924 siue
549 2878 605 2942 per
632 2858 840 2942 quadraginta
869 2858 935 2923 dies
960 2860 1028 2923 siue
1053 2858 1271 2943 pertriduum

131 2966 210 3031 idem
235 2967 305 3049 ipse
334 2964 530 3049 significatus
559 2968 610 3029 est
633 2964 793 3041 Christum
822 2984 879 3047 per
906 2964 1113 3049 quadraginta
1137 2964 1270 3043 scilicet,

133 3073 201 3155 quia
222 3077 271 3139 tot
294 3074 361 3137 dies
385 3074 508 3157 peregit
531 3091 603 3136 enm
629 3072 795 3155 discipuhs
821 3072 888 3137 suis
911 3076 987 3154 post
1008 3072 1270 3137 resurrectionem

93 3200 116 3238 ε
132 3185 161 3243 et
173 3180 336 3245 adscendit
353 3180 384 3243 in
404 3180 543 3255 caelum;
560 3180 770 3262 pertriduum
789 3198 876 3255 uero,
897 3180 971 3261 quia
989 3178 1039 3243 die
1057 3180 1150 3244 tertio
1170 3198 1271 3243 resur-

131 3288 218 3363 rexit3
251 3290 414 3368 tamquam
445 3286 597 3351 lectorem
629 3286 709 3350 nihil
742 3284 829 3350 alind
862 3307 955 3370 quam
989 3285 1138 3351 historiae
1166 3305 1271 3349 rerum

132 3396 283 3477 gestarum
311 3392 473 3457 inhaerere
501 3393 681 3475 cupientem
711 3392 749 3456 de
778 3412 887 3457 somno
918 3393 1122 3457 excitauerint
1145 3396 1270 3475 septua-

132 3500 215 3584 ginta
243 3496 429 3583 interpretes
461 3498 608 3581 idemque
641 3499 812 3581 prophetee
846 3499 884 3563 ad
917 3499 1173 3582 perscrutandam
1202 3499 1270 3563 alti·

131 3604 265 3668 tudinem
288 3605 474 3687 prophetiae
497 3611 531 3670 et
553 3605 689 3688 quodam
708 3606 803 3669 modo
824 3605 971 3669 dixerint:
997 3606 1041 3669 ‘Iu
1062 3604 1271 3687 quadraginta

94 3710 239 3775 aldiebus
264 3709 372 3792 ipsum
401 3731 525 3795 quaere,
554 3712 585 3777 in
615 3731 677 3795 quo
707 3716 739 3777 at
766 3712 906 3777 triduum
940 3712 1081 3795 potueris
1114 3710 1269 3785 inuenire;

164 3972 180 4023 3
195 3950 290 4039 'cuith
297 3973 330 4027 in
347 3989 433 4042 marg.
450 3946 523 4027 exdii
542 3973 592 4040 (sic
605 3990 660 4041 pro
680 3972 788 4039 excidii)
809 3990 822 4027 e
872 3972 887 4023 ‘l
907 3973 1005 4026 neniae
1025 3978 1050 4025 et
1067 3973 1107 4025 stc
1125 3987 1228 4038 semper·
1239 3988 1270 4041 p,-

132 4061 219 4113 niniae
237 4063 294 4117 rell.
312 4079 328 4117 a
383 4064 521 4116 euertetur
541 4078 559 4115 a
570 4062 653 4131 lappa·
671 4065 795 4115 uertatur
810 4082 837 4133 p,·
855 4060 1029 4115 subuertctur
1043 4061 1120 4118 eof
1152 4060 1169 4113 8
1188 4059 1269 4129 longe

133 4164 180 4202 oar.
199 4166 221 4218 ρ,
239 4151 316 4205 uncie
333 4150 448 4205 inclusit
466 4150 564 4205 Domh.
614 4152 646 4203 12
666 4167 725 4203 sese
743 4166 829 4219 reaque
848 4150 887 4204 ad
904 4148 1019 4203 historia
1033 4166 1067 4203 m.
1080 4153 1096 4201 1
1109 4148 1140 4201 in
1154 4164 1270 4218 morpp

135 4238 165 4289 13
183 4238 279 4307 quippe
297 4242 361 4293 aunt
374 4256 397 4307 p
479 4240 510 4293 16
530 4238 605 4303 alind
619 4256 641 4307 p
732 4238 893 4307 profundum
909 4256 931 4307 ρ
1010 4240 1044 4293 25
1064 4238 1270 4291 resurrexerite

133 4325 164 4376 27
182 4327 352 4395 septuaginta
370 4344 455 4396 usque
475 4328 648 4381 (addixerint
667 4328 685 4381 l.
705 4330 746 4381 29
763 4344 815 4381 om.
836 4345 849 4380 c
889 4328 923 4381 30
943 4329 971 4380 et
989 4344 1039 4381 one.
1060 4344 1073 4381 c
1132 4326 1269 4396 poterisp

1183 4430 1233 4483 22*
