3192 4959
354 429 405 482 De
433 429 607 482 ciuitate
636 429 697 482 dei
724 429 791 482 lib.
820 429 890 483 XXI.
920 447 995 499 cap.
1024 431 1067 484 24.
1096 431 1140 485 25.
1254 434 1318 497 565

170 623 263 701 diae,
302 623 520 705 ebrietates.
560 625 827 690 comisationes
867 629 902 689 et
935 625 993 688 his
1028 625 1184 698 similia;
1225 645 1318 708 quae

169 728 346 811 praedico
387 730 505 808 uobis,
544 733 646 796 sicut
686 731 866 815 praedixi,
911 732 1084 814 quoniam
1124 733 1187 814 qui
1223 733 1319 796 talio

168 840 287 920 agunt
310 857 463 920 regnum
489 838 557 902 Dei
582 859 650 902 non
678 838 941 922 possidebunt.
970 839 1057 902 Haec
1081 839 1220 920 profecto
1246 857 1318 919 apo-

167 943 284 1007 stolica
311 944 393 1008 falsa
419 945 576 1009 sententia
603 949 662 1023 est,
691 946 824 1010 situlos
852 951 925 1028 post
954 946 1151 1027 quantalibet
1175 949 1317 1027 tempora

136 1049 295 1115 eliberati
317 1070 450 1134 regnum
474 1052 532 1116 Dei
555 1052 776 1134 possidebunt.
806 1051 868 1117 Sed
893 1053 1040 1135 quoniam
1067 1051 1149 1116 falsa
1172 1071 1232 1116 non
1257 1062 1316 1129 est,

165 1157 310 1236 profecto
340 1178 473 1243 regnum
506 1159 565 1222 Dei
597 1179 658 1222 nou
690 1159 911 1240 possidebunt.
944 1159 985 1223 Et
1017 1159 1044 1222 si
1077 1158 1108 1222 in
1141 1159 1229 1240 regni
1257 1159 1317 1222 Dei

167 1264 370 1344 possessione
406 1284 579 1347 numquam
617 1269 718 1344 erunt,
756 1270 883 1330 aeterno
916 1265 1072 1348 supplicio
1109 1266 1314 1339 tenebuntur;

167 1371 317 1450 quoniam
340 1391 401 1435 non
426 1376 474 1435 est
497 1372 622 1435 medius
645 1373 748 1449 locus,
777 1373 831 1435 ubi
857 1393 918 1436 non
943 1373 986 1435 sit
1009 1373 1039 1435 in
1066 1373 1232 1454 supplicio,
1262 1372 1315 1454 qui

165 1476 221 1539 illo
247 1496 308 1540 nou
333 1479 429 1542 fuerit
453 1480 647 1542 constitutus
671 1481 702 1543 in
726 1499 833 1562 regno.

123 1609 147 1648 ro
211 1581 314 1660 Quam
348 1585 386 1649 ob
419 1605 485 1649 rem
515 1586 598 1667 quod
628 1588 673 1650 ait
696 1587 851 1651 Dominus
880 1588 985 1651 Iesus:
1019 1586 1088 1650 Hic
1118 1591 1174 1650 est
1207 1587 1314 1666 panis

165 1691 230 1771 qui
264 1690 305 1754 de
340 1693 442 1756 caelo
472 1692 685 1771 descendit,
719 1697 770 1770 nt,
805 1693 835 1757 si
868 1695 955 1775 quis
984 1713 1022 1756 er
1052 1693 1133 1774 ipso
1168 1693 1314 1755 mandu-

165 1797 323 1873 cauerit,
353 1817 421 1862 non
450 1800 642 1863 moriatur.
677 1800 754 1884 Ego
783 1819 864 1862 sum
893 1800 999 1882 panis
1024 1801 1149 1875 uiuus,
1183 1799 1246 1880 qui
1272 1799 1313 1861 de

165 1903 270 1966 caelo
305 1904 500 1983 descendi;
534 1907 566 1969 si
600 1907 684 1988 quis
717 1905 1003 1970 manducauerit
1037 1924 1076 1968 er
1110 1906 1176 1969 hoc
1210 1924 1312 1987 pane,

164 2012 273 2074 uiuet
310 2011 345 2074 in
385 2015 585 2088 aeternum,
625 2033 686 2095 quo
725 2012 818 2077 modo
856 2013 899 2076 sit
936 2012 1163 2093 accipiendum,
1200 2012 1313 2075 merito

120 2118 338 2198 requaeritur.
374 2118 416 2182 Et
452 2119 489 2182 ab
528 2120 600 2182 istis
639 2121 778 2201 quidem,
813 2119 928 2202 quibos
962 2138 1043 2182 nnnc
1076 2119 1312 2200 responderam,

163 2225 248 2288 huno
281 2225 479 2288 intellectum
508 2226 655 2290 auferunt
683 2225 741 2299 illi,
776 2225 892 2307 quibus
921 2225 1031 2288 deinde
1058 2223 1309 2305 respondendum

161 2334 226 2405 est3
252 2330 286 2393 hi
310 2335 385 2394 sunt
403 2336 519 2408 autem,
545 2333 598 2413 qui
618 2333 698 2397 hanc
716 2332 937 2396 liberationem
956 2351 1013 2396 nec
1032 2331 1179 2395 omnihus
1198 2330 1311 2394 haben-

161 2438 251 2502 tibus
279 2442 512 2501 sacramentum
540 2439 742 2520 baptismatis
772 2442 803 2502 et
832 2438 971 2520 corporis
996 2438 1125 2513 Christi,
1155 2437 1210 2502 sed
1234 2438 1310 2501 solis

162 2544 342 2619 catholicis
375 2545 522 2625 quamuis
555 2545 637 2608 male
670 2544 866 2620 uiuentibus,
899 2543 1100 2626 pollicentur,
1139 2543 1214 2624 quia
1250 2562 1310 2606 non

116 2675 144 2714 ao
161 2652 243 2724 solo,
268 2651 425 2732 inquiunt,
450 2653 657 2717 sacramento.
682 2651 737 2714 sed
760 2671 794 2713 re
818 2651 885 2734 ipsa
905 2650 1177 2714 manducauerunt
1195 2667 1309 2730 corpus

161 2757 293 2832 Christi,
316 2757 347 2820 in
372 2757 441 2838 ipso
461 2758 586 2821 scilicet
604 2758 673 2821 eius
693 2777 822 2840 corpore
842 2757 1021 2832 constituti;
1043 2757 1079 2819 de
1100 2775 1162 2838 quo
1182 2775 1309 2838 corpore

159 2865 206 2926 ait
237 2864 417 2944 apostolus:
448 2865 551 2928 Unus
578 2864 698 2945 panis,
727 2884 839 2928 unum
868 2883 1003 2946 corpus
1033 2864 1143 2928 multi
1168 2883 1308 2928 sumus.

160 2969 223 3048 Qui
250 2989 323 3053 ergo
348 2974 398 3034 est
419 2971 451 3033 in
477 2971 545 3034 eius
570 2972 708 3053 corporis
733 2971 865 3049 unitate,
885 2971 917 3035 id
937 2972 1037 3035 estin
1057 2970 1308 3035 Christianorum

160 3096 302 3159 conpage
326 3077 551 3150 membrorum,
572 3079 664 3141 cuius
684 3079 824 3159 corporis
844 3081 1078 3142 sacramentum
1097 3078 1205 3142 fideles
1226 3097 1309 3142 com-

114 3205 140 3243 as
157 3183 358 3246 manicantes
388 3182 426 3246 de
454 3183 545 3248 altari
573 3203 697 3247 sumere
726 3189 927 3259 consuerunt,
956 3185 1024 3267 ipse
1052 3205 1127 3249 uere
1157 3185 1308 3248 dicendus

159 3293 210 3353 est
240 3290 431 3353 manducare
464 3309 579 3371 corpus
614 3290 732 3355 Christi
765 3295 797 3354 et
826 3291 932 3354 bibere
961 3293 1147 3375 sangninem
1182 3291 1307 3356 Christi.

158 3397 204 3459 ho
230 3415 286 3477 per
308 3397 368 3460 hoc
392 3395 541 3460 haeretici
566 3399 598 3460 et
622 3397 820 3461 schismatici
844 3398 881 3460 ab
907 3398 1001 3462 huius
1025 3401 1148 3462 unitate
1168 3400 1307 3481 corporis

158 3502 297 3583 separati
329 3506 465 3584 possunt
495 3503 579 3566 idom
609 3490 769 3586 percipere
797 3510 1041 3583 sacramentum,
1074 3506 1129 3569 sed
1156 3525 1217 3568 non
1246 3507 1307 3569 sibi

160 3609 249 3686 utile,
286 3608 384 3673 immo
421 3630 497 3674 nero
535 3611 631 3674 etiam
669 3612 806 3688 noxium,
849 3631 910 3694 quo
948 3612 1129 3676 iudicentur·
1165 3614 1305 3694 granius,

250 3853 283 3905 10
302 3851 341 3906 Io.
360 3853 386 3913 6,
406 3853 440 3904 50
460 3869 499 3920 sq.
555 3853 590 3904 22
611 3854 634 3906 l.
655 3853 715 3908 Cor.
736 3852 777 3916 10,
800 3855 831 3906 17

194 3977 207 4028 1
237 3976 429 4028 comisationes
453 3977 506 4046 pp¹
532 3977 645 4042 Domb.‚·
672 3977 808 4030 comissct.
836 3978 874 4042 οῖς
902 3968 1029 4030 comesor.
1057 3976 1134 4048 o¹p²‚·
1163 3983 1304 4032 comesset.

156 4062 332 4131 ao²e²pao
385 4067 653 4119 ‹testaeutentiao
726 4070 828 4134 quanta
848 4067 961 4128 libente
1012 4067 1074 4118 oin
1093 4065 1303 4132 regnerioinou

155 4154 357 4223 possessionem
376 4170 522 4223 numquam
542 4159 619 4207 crunt
637 4155 759 4208 habituri
778 4158 793 4208 h
867 4157 883 4207 8
903 4156 978 4208 locus
997 4155 1136 4209 mediuso
1207 4157 1238 4208 14
1258 4156 1303 4223 sit]

154 4244 194 4297 sic
211 4261 230 4312 p
303 4244 337 4295 23
357 4243 472 4311 huiusp
540 4245 573 4296 25
594 4244 880 4314 altareip;alturcp
954 4243 1304 4313 consueruutepDomb.;

153 4335 354 4385 consueuerunt
375 4333 443 4400 bpo·
517 4349 615 4400 uerop
669 4335 703 4386 ‘27
723 4335 869 4387 scismatici
889 4350 928 4401 cp
