3192 4959
328 434 381 487 De
410 434 584 488 ciuitate
612 433 674 489 dei
701 434 767 489 lib.
794 434 867 489 XVI.
896 452 970 506 cap.
1000 437 1043 491 37.
1072 438 1114 491 38.
1235 442 1297 505 193

151 630 209 703 est,
238 648 311 692 cum
338 628 523 712 prophetico
548 632 678 713 epatre
707 628 907 694 benedicitur
928 630 1023 695 Iacob
1048 634 1080 694 et
1108 631 1226 696 dicitur
1253 633 1295 697 ei:

149 734 196 797 Et
223 736 297 799 eris
327 734 362 798 in
391 736 708 819 congregationes
736 735 916 819 gentium,
945 740 981 801 et
1009 738 1071 801 det
1094 737 1167 802 tibi
1191 738 1297 803 bene·

150 840 358 906 dictionem
381 842 565 906 Abraham
588 844 710 925 patris
734 843 806 908 tui.

192 948 334 1031 Pergens
360 948 467 1031 itaque
495 949 527 1013 in
554 949 819 1033 Mesopotamiam
847 950 941 1015 Iacob
970 951 1000 1014 in
1031 952 1150 1016 somnis
1175 954 1297 1037 accepit

121 1054 324 1128 senaculum,
349 1055 388 1119 de
412 1075 473 1138 quo
498 1056 545 1120 sic
569 1056 723 1139 scriptum
748 1060 814 1121 est:
832 1056 878 1119 bc
902 1057 995 1121 exiit
1012 1058 1124 1123 Iacob
1145 1078 1162 1122 a
1181 1063 1295 1143 puteo

148 1162 354 1226 iurationis
388 1165 425 1226 et
451 1163 648 1246 profectus
677 1166 736 1228 ost
762 1164 799 1228 in
828 1164 991 1229 Charran
1020 1168 1057 1229 et
1081 1165 1237 1230 deuenit
1259 1167 1293 1231 in

147 1268 273 1333 locum
303 1272 339 1332 et
362 1268 547 1333 dormiuit
569 1269 638 1344 ibi;
664 1270 856 1334 occiderat
880 1270 976 1335 enim
1001 1273 1071 1347 sol;
1097 1275 1134 1335 et
1159 1274 1297 1338 sumsit

148 1394 188 1438 er
215 1374 413 1456 lapidibus
441 1375 517 1439 loci
545 1379 582 1439 et
608 1378 740 1457 posuit
767 1376 810 1440 ad
835 1380 950 1459 caput
973 1397 1081 1443 suum
1105 1384 1142 1442 et
1166 1379 1297 1445 dormi-

148 1481 205 1545 uit
232 1482 269 1545 in
298 1482 381 1546 loco
411 1481 479 1546 illo
505 1485 541 1546 et
571 1483 787 1548 somniauit.
812 1484 859 1547 llt
882 1502 967 1549 ecce
992 1484 1097 1549 scala
1121 1485 1297 1551 stabilita

110 1608 133 1646 ro
148 1608 262 1670 super
289 1594 437 1665 terram,
468 1589 577 1653 cuius
607 1593 720 1672 caput
741 1591 984 1673 pertingebat
1009 1592 1051 1656 ad
1076 1592 1235 1669 caelum;
1262 1598 1298 1657 et

148 1695 282 1780 angeli
299 1695 368 1759 Dei
393 1695 651 1760 ascendebant
673 1699 710 1759 et
733 1696 1012 1761 descendebant
1034 1716 1099 1779 por
1125 1698 1237 1777 illam,
1263 1702 1298 1763 et

147 1802 330 1865 Dominus
363 1801 606 1867 incumbebat
639 1822 752 1886 super
778 1803 885 1867 illam
915 1806 950 1868 et
979 1803 1088 1869 dixit:
1112 1805 1191 1888 Ego
1217 1824 1297 1870 sum

147 1907 249 1973 Deus
278 1908 461 1973 Abraham
485 1910 606 1990 patris
630 1909 687 1974 tui
712 1912 748 1973 et
770 1910 871 1974 Deus
899 1912 1016 1982 Isaac,
1045 1911 1124 1974 noli
1147 1912 1295 1988 timere;

147 2018 296 2091 terram,
324 2016 360 2079 in
389 2034 460 2097 qua
486 2020 527 2080 tu
555 2016 697 2081 dormis
728 2036 952 2098 supeream,
976 2017 1050 2082 tibi
1074 2017 1166 2083 dabo
1191 2018 1295 2082 illam

105 2150 131 2190 rs
149 2126 184 2185 et
207 2122 347 2187 semini
364 2126 444 2199 tuo;
466 2126 503 2187 et
521 2122 596 2187 erit
615 2142 738 2187 semen
758 2126 865 2187 tuum
885 2123 986 2187 sicut
1005 2124 1144 2188 harena
1162 2127 1297 2202 terrae,

148 2234 184 2293 et
216 2228 446 2293 dilatabitur
479 2249 591 2313 supra
624 2249 722 2294 mare
751 2236 788 2295 et
816 2230 850 2293 in
880 2229 1049 2295 Africum
1078 2234 1115 2295 et
1136 2231 1172 2295 in
1197 2231 1296 2313 aqui·

146 2335 273 2399 lonem
307 2340 346 2399 ct
376 2336 419 2401 ad
446 2336 644 2411 orientem
679 2340 716 2401 et
742 2336 1015 2401 benedicentur
1043 2337 1079 2400 in
1108 2340 1144 2401 te
1169 2356 1296 2401 omnes

147 2442 273 2506 tribus
292 2445 415 2507 terrae
436 2446 473 2505 et
491 2442 526 2506 in
547 2442 689 2507 semine
707 2446 783 2509 tuo.
804 2443 850 2506 Et
869 2462 954 2508 ecce
974 2462 1041 2526 ego
1061 2462 1141 2507 sum
1161 2446 1296 2519 tecum,

147 2549 372 2614 custodiens
396 2554 433 2615 te
451 2550 488 2613 in
509 2550 606 2615 omni
625 2550 687 2614 uia
705 2568 941 2632 quacumque
961 2550 1045 2627 ibis,
1066 2554 1102 2613 et
1121 2550 1295 2614 reducam

106 2659 182 2721 rote
215 2656 254 2720 in
287 2660 426 2720 terram
456 2657 560 2733 hanc,
595 2658 682 2737 quia
713 2675 783 2721 non
812 2661 848 2719 te
880 2656 1150 2739 derelinquam,
1182 2656 1296 2721 donec

145 2762 286 2827 faciam
314 2763 445 2838 omnia,
475 2782 568 2845 quae
597 2768 724 2827 tecum
750 2762 907 2827 locutus
938 2782 1027 2827 sum.
1056 2763 1102 2826 Et
1131 2762 1297 2827 surrexit

144 2868 261 2933 Iacob
295 2869 338 2933 de
370 2888 498 2934 somno
533 2889 600 2934 suo
634 2872 670 2933 et
702 2869 812 2932 dixit:
843 2867 937 2947 Quia
965 2873 1023 2933 est
1051 2868 1235 2933 Dominus
1259 2868 1295 2931 in

144 2974 229 3039 loco
264 2975 343 3053 hoc,
378 2994 443 3059 ego
476 2980 600 3040 autern
633 2976 858 3040 nesciebam.
887 2976 934 3039 Et
961 2976 1093 3039 timuit
1121 2978 1158 3038 et
1187 2974 1295 3037 dixit:

146 3080 265 3160 Quam
297 3083 487 3147 terribilis
520 3083 629 3147 locus
662 3082 740 3148 hio!
772 3102 842 3145 uon
877 3085 936 3147 est
966 3083 1035 3146 hoc
1064 3081 1140 3145 nisi
1164 3081 1295 3145 domus

104 3212 128 3250 a
145 3188 212 3253 Dei
239 3192 277 3253 et
299 3190 390 3253 haec
412 3194 521 3273 porta
544 3193 602 3253 est
625 3189 730 3255 caeli.
749 3190 797 3253 Et
816 3188 982 3252 surrexit
1003 3188 1115 3252 Iacob
1140 3192 1178 3252 et
1202 3207 1295 3252 sum-

145 3296 197 3359 sit
233 3296 414 3377 lapidem,
448 3315 555 3377 quem
594 3295 799 3379 subposuit
836 3294 890 3359 ibi
929 3294 997 3359 sub
1035 3296 1147 3377 caput
1179 3313 1295 3371 suum,

145 3406 181 3466 et
205 3404 350 3466 statuit
374 3402 481 3466 illum
505 3402 664 3467 titulum
687 3405 724 3466 et
747 3401 967 3483 superfudit
991 3400 1113 3465 oleum
1132 3400 1169 3464 in
1190 3419 1295 3464 cacu-

235 3645 308 3698 aro.
328 3645 371 3709 aa,
392 3646 425 3698 ro
444 3662 502 3714 sqq.

179 3790 197 3841 2
217 3788 458 3857 congregationem
477 3786 492 3840 b
580 3786 632 3840 tibi
651 3773 701 3839 dri—e
721 3804 739 3839 a
803 3788 819 3840 3
841 3786 968 3840 abrabam
993 3784 1147 3854 Vabegp
1160 3802 1192 3849 α,·
1210 3782 1295 3836 Abra·

142 3878 194 3931 hae
215 3893 257 3947 pu
311 3880 327 3929 ὁ
347 3877 386 3929 sic
405 3892 456 3929 om.
476 3894 490 3929 c
549 3878 565 3931 6
585 3876 695 3929 charran
710 3882 779 3946 γῇς
798 3876 892 3929 charra
917 3876 1028 3944 Vestem
1047 3892 1149 3929 carram
1168 3873 1183 3925 b
1190 3892 1199 3939 ;
1219 3873 1294 3925 char·

143 3984 200 4021 ram
222 3982 292 4035 ago
366 3966 397 4019 11
419 3970 447 4019 et
464 3964 592 4020 descend.
611 3982 695 4018 om.e
768 3967 799 4020 16
820 3964 982 4069 dilabiture
1060 3978 1195 4032 supereo
1269 3962 1293 4012 in

143 4083 306 4137 affricama
398 4082 429 4133 17
449 4080 495 4151 ad]
516 4081 549 4134 ab
567 4097 600 4149 9,·
617 4081 682 4134 inu
774 4082 806 4134 19
826 4080 939 4145 iorisV
1014 4080 1048 4133 22
1068 4078 1200 4131 Dominus
1221 4080 1295 4129 estu

144 4170 332 4225 alterabilis
351 4172 431 4221 esta
515 4168 680 4237 hocjhicor
752 4169 845 4222 abibi
870 4168 1172 4236 Vpcc;sibiaegp
1245 4164 1294 4217 sub

148 4262 352 4330 Vaeppaf;
371 4276 451 4328 super
470 4278 498 4328 p‚·
515 4258 585 4313 adv
669 4258 708 4311 ibi
727 4258 761 4313 ad
779 4276 814 4313 m.
835 4262 855 4311 2
873 4274 933 4327 sup.
954 4259 1002 4313 lin.
1022 4257 1038 4311 b
1112 4272 1188 4309 suum
1209 4270 1259 4307 om.
1279 4269 1294 4305 v

144 4352 178 4403 27
198 4350 229 4403 in
247 4350 358 4403 titulum
380 4348 421 4401 bo

170 4474 254 4513 mx
266 4474 324 4523 sug.
340 4484 410 4523 open
424 4473 498 4514 secero
513 4472 534 4512 v
547 4482 599 4521 pm
613 4471 644 4509 11.
1227 4446 1259 4501 13
