3192 4959
306 441 370 504 394
643 439 669 492 S.
698 438 855 492 Aurelii
882 439 1100 508 Augustini

306 635 498 711 discesserit,
536 633 688 717 quamdiu
726 652 868 718 conpago
903 635 1116 698 membrorum
1153 639 1271 714 manet,
1311 655 1373 700 non
1411 638 1457 699 est

306 742 373 806 sine
402 742 539 824 quadam
564 741 704 824 partium
731 759 809 823 pace
833 740 918 822 quod
946 743 1097 818 remanet,
1127 740 1253 806 etideo
1284 744 1334 806 est
1359 741 1458 806 adhuc

305 849 360 931 qui
390 848 534 931 pendeat.
565 849 608 912 Et
635 846 720 930 quod
747 850 907 911 terrenum
939 865 1052 930 corpus
1080 847 1113 910 111
1141 850 1256 913 terram
1285 849 1401 912 nititur
1429 851 1459 912 et

304 955 433 1020 uinculo
462 975 524 1038 quo
553 973 743 1037 suspensum
773 957 823 1018 est
850 954 1005 1032 renititur,
1033 953 1065 1017 in
1095 973 1171 1019 suae
1200 955 1287 1036 pacis
1319 955 1458 1019 ordinem

304 1061 408 1126 tendit
434 1061 598 1125 stlocum
629 1080 690 1143 quo
718 1061 899 1142 requiescat
927 1060 1065 1142 quodam
1088 1061 1181 1126 modo
1206 1079 1287 1125 uoce
1309 1061 1458 1142 ponderis
1486 1083 1496 1122 1

305 1169 419 1250 poscit,
456 1169 582 1249 iamque
615 1167 757 1232 exanime
789 1187 825 1231 ac
861 1167 928 1231 siue
961 1167 1027 1231 ullo
1061 1185 1158 1231 sensu
1192 1187 1209 1230 a
1242 1187 1321 1249 pace
1355 1171 1458 1231 tamen

304 1275 441 1339 naturali
465 1276 516 1338 sni
539 1273 657 1338 ordinis
682 1293 742 1338 non
765 1273 895 1350 recedit,
920 1274 974 1338 uel
998 1291 1071 1338 cum
1095 1277 1183 1338 tenet
1206 1293 1287 1352 eam,
1312 1275 1370 1338 uel
1389 1291 1457 1337 cnm

304 1385 406 1447 fertur
428 1381 466 1445 ad
491 1401 570 1446 eam.
596 1380 629 1446 si
654 1381 738 1445 enim
762 1379 973 1445 adhibeantur
996 1379 1229 1446 medicamenta
1247 1381 1353 1462 adque
1374 1397 1458 1444 oura-

304 1489 361 1565 tio,
402 1507 482 1570 quae
520 1489 655 1552 somnam
692 1487 857 1553 cadaueris
895 1487 1031 1551 dissolui
1069 1486 1230 1570 dilabique
1268 1507 1332 1551 non
1367 1486 1457 1560 sinat,

304 1597 407 1660 adhuc
434 1615 494 1678 pax
522 1593 677 1678 quaedam
704 1597 811 1677 partes
840 1595 983 1678 partibus
1012 1594 1119 1676 iungit
1145 1595 1313 1676 totamque
1343 1594 1455 1658 molem
1475 1615 1498 1654 11

304 1702 444 1784 adplicat
475 1704 599 1766 terreno
632 1706 665 1764 et
697 1700 899 1766 conuenienti
932 1719 968 1764 ao
1000 1720 1055 1784 per
1082 1701 1143 1764 hoc
1170 1703 1284 1783 pacato
1312 1700 1397 1766 loco.
1426 1697 1457 1765 Si

305 1813 412 1873 autem
443 1809 531 1872 nulla
564 1807 752 1873 adhibeatur
784 1827 861 1871 cura
893 1806 1057 1882 condendi,
1091 1806 1148 1872 sed
1182 1806 1320 1871 naturali
1352 1806 1456 1871 cursui

304 1917 509 1996 relinquatur,
542 1915 665 1978 tamdiu
699 1915 790 1997 quasi
823 1915 1039 1978 tumultuatur
1071 1913 1302 1978 dissidentibus
1338 1913 1457 1977 exhala-

304 2021 445 2085 tionibus
473 2023 506 2084 et
527 2025 635 2084 nostro
663 2019 961 2084 incouuenientibus
986 2020 1093 2084 sensui
1123 2018 1168 2104 (id
1192 2019 1275 2083 enim
1301 2017 1455 2102 estquod

303 2129 335 2192 in
367 2129 480 2210 putore
513 2126 671 2209 sentitur),
706 2125 805 2191 donec
837 2125 947 2190 mundi
977 2126 1145 2190 conueniat
1173 2125 1342 2190 elementis
1374 2129 1406 2189 et
1425 2125 1456 2188 in
1477 2151 1500 2188 a

305 2253 413 2298 eorum
436 2252 545 2315 paoem
570 2234 725 2316 paulatim
749 2233 1030 2315 particulatimque
1055 2231 1207 2298 discedat.
1237 2231 1337 2296 Nullo
1365 2229 1457 2296 modo

304 2345 408 2404 tamen
424 2340 497 2403 inde
513 2339 633 2421 aliquid
646 2340 773 2423 legibus
789 2341 906 2404 summi
926 2339 1014 2403 illius
1035 2338 1184 2403 creatoris
1204 2338 1457 2419 ordinatorisque

306 2447 515 2521 subtrahitur,
544 2465 647 2528 aquo
675 2465 734 2528 pan
758 2447 977 2510 uniuersitatis
1003 2444 1258 2522 administratum
1288 2444 1373 2526 quia,
1397 2443 1459 2506 etsi

307 2553 345 2618 de
378 2553 531 2616 cadauere
563 2551 692 2616 maioris
730 2552 899 2616 animantis
937 2551 1085 2615 animalia
1122 2551 1245 2615 minuta
1279 2553 1460 2624 nascautur,

307 2658 415 2723 eadem
439 2661 512 2741 lege
536 2659 686 2722 creatoris
711 2677 853 2740 quaeque
878 2659 1066 2741 corpuscula
1095 2659 1125 2722 in
1150 2657 1266 2723 salutis
1290 2675 1368 2739 pace
1392 2653 1462 2720 suis
1478 2681 1505 2721 11

308 2765 457 2829 animulis
481 2766 638 2840 seruiunt,
668 2765 730 2829 etsi
753 2769 952 2829 mortuorum
976 2784 1085 2830 carnes
1110 2766 1148 2829 ab
1173 2765 1246 2829 aliis
1270 2763 1462 2828 animalibus

308 2871 509 2936 decorentur.
546 2872 672 2936 easdem
711 2873 798 2954 leges
836 2891 892 2954 per
929 2875 1042 2936 cuncta
1080 2872 1210 2935 diffusas
1249 2871 1288 2934 ad
1323 2870 1462 2934 salutem

309 2979 431 3061 generis
470 2977 625 3061 cuiusque
660 2978 845 3042 mortalium
882 2998 1022 3062 congrua
1060 2977 1207 3061 congruis
1245 2975 1464 3058 pacificantes,

309 3103 434 3166 quaqua
465 3104 595 3149 uersum
622 3086 786 3149 trahantur
815 3089 846 3149 et
875 3085 970 3149 rebus
1000 3084 1255 3166 quibuscumque
1288 3083 1468 3166 iungantur

308 3194 341 3254 et
367 3191 399 3254 in
427 3210 476 3254 res
505 3192 665 3274 quaslibet
693 3195 916 3256 conuertuntur
945 3196 976 3254 et
1004 3194 1250 3268 commutentur,
1283 3189 1467 3254 inueniunt.

347 3382 358 3433 l
379 3381 490 3435 membr.
508 3387 601 3435 manet
619 3400 749 3451 compago
767 3400 784 3436 o
870 3384 886 3436 2
906 3384 995 3436 adhuc
1014 3370 1090 3436 11111
1176 3383 1192 3434 1
1211 3380 1338 3450 ponderis
1356 3396 1432 3434 uoce
1451 3397 1468 3434 o

308 3467 482 3537 ildilauique
499 3487 517 3536 9
597 3471 689 3523 sinant
708 3470 774 3538 bep
841 3471 870 3523 ll
893 3470 952 3524 loeo
972 3474 1105 3538 pacatos
1175 3470 1208 3522 12
1228 3465 1362 3521 condendi
1386 3478 1467 3520 (con-

308 3556 419 3610 tendib
404 3558 525 3625 b.;)msa
545 3558 723 3611 condiendiv
798 3560 830 3612 13
851 3559 947 3612 exalat.
928 3563 1033 3626 tepp
1109 3557 1141 3612 16
1161 3555 1344 3626 particulatim
1364 3555 1469 3623 paula·

310 3646 447 3714 timquec
521 3647 553 3699 17
572 3646 680 3714 legibus
701 3645 838 3715 aliquidc
917 3649 949 3700 19
970 3663 1064 3700 cauere
1081 3663 1099 3714 q
1172 3645 1207 3698 20
1227 3645 1268 3698 sni
1287 3643 1470 3706 trimalias,

310 3761 366 3812 suis
386 3761 549 3815 animalibus
563 3779 585 3830 p
641 3763 673 3814 21
695 3766 777 3829 etp
833 3764 867 3816 24
887 3762 1040 3831 quibusque
1060 3777 1154 3815 eume
