3192 4959
371 455 421 509 Do
448 453 622 510 ciuitate
650 455 710 508 dei
738 454 803 510 lib.
830 453 900 508 XVI.
930 471 1006 524 cap.
1029 453 1053 507 8.
1221 457 1283 522 141

142 651 310 717 dissimiles
342 651 405 730 his,
438 669 475 714 ex
506 649 623 732 quihus
657 669 710 714 eos
743 653 835 714 natos
869 668 939 714 esse
968 649 1184 714 certissimum
1212 652 1285 712 est?

142 757 229 826 Siout
263 777 337 842 ergo
370 757 448 822 haec
481 775 517 824 ex
549 756 605 822 illo
639 775 701 820 uno
734 757 843 840 negari
876 773 937 820 nou
970 757 1107 838 possunt
1131 754 1283 838 originem

144 865 266 943 ducere,
287 864 334 928 ito
357 882 574 946 quaecumque
598 865 709 947 gentos
734 862 764 926 in
790 861 1031 926 diuersitatibus
1056 879 1222 944 corporum
1247 861 1285 926 ab

141 972 257 1036 usitato
288 972 419 1035 naturae
453 987 558 1044 cursu,
588 987 683 1050 quem
711 967 818 1050 plures
852 970 885 1032 et
912 986 1009 1051 prope
1033 986 1142 1032 omnes
1166 970 1284 1042 tenent,

114 1078 228 1145 auelnt
251 1076 445 1142 exorbitasse
468 1075 646 1154 traduntur,
676 1075 703 1140 si
727 1073 909 1139 delinitione
931 1073 988 1138 ille
1010 1072 1225 1148 includuntur,
1248 1075 1285 1136 ut

139 1183 303 1248 rationalia
333 1175 480 1246 animalis
508 1181 573 1246 sint
600 1181 702 1263 adque
731 1180 888 1258 mortalia,
917 1181 955 1244 ab
984 1180 1094 1245 eodem
1123 1179 1192 1260 ipso
1220 1197 1283 1243 uno

139 1291 237 1370 primo
275 1291 364 1372 patre
402 1287 542 1352 omnium
581 1287 711 1370 stirpem
748 1287 872 1351 trahere
910 1286 1122 1350 confitendum
1159 1288 1218 1362 est,
1256 1284 1284 1349 si

139 1399 240 1458 tamen
265 1412 342 1458 uere
365 1396 441 1458 sunt
464 1411 542 1474 quae
567 1392 604 1456 de
627 1391 755 1456 illarum
779 1392 945 1456 nationum
968 1390 1122 1454 uarietate
1146 1393 1179 1454 et
1195 1392 1283 1454 tanta

138 1500 217 1564 inter
240 1518 275 1566 se
300 1499 402 1581 adque
425 1497 591 1565 nobiscum
617 1497 802 1563 diuersitate
825 1496 1002 1561 traduntur.
1020 1494 1102 1561 Nam
1122 1499 1155 1560 et
1173 1497 1282 1560 simias

102 1631 123 1669 n
140 1611 168 1672 et
190 1606 427 1688 cercopithecos
451 1607 484 1669 at
508 1605 659 1689 sphingas
684 1605 712 1668 si
734 1604 930 1669 nesciremus
953 1623 1014 1668 non
1038 1603 1183 1667 homines
1202 1621 1283 1676 esse,

139 1713 346 1790 sechenias,
369 1713 502 1795 possent
523 1710 572 1775 illi
595 1711 739 1776 historici
763 1711 802 1775 de
826 1729 885 1775 sue
908 1709 1092 1775 curiositate
1111 1710 1283 1792 gloriantes

139 1821 225 1885 uelut
249 1821 361 1905 gentes
386 1819 508 1902 aliquas
527 1818 691 1883 hominum
710 1817 802 1882 nohis
821 1816 967 1900 inpunite
984 1817 1127 1880 uanitate
1146 1815 1282 1882 mentiri.

140 1925 197 1992 Sed
229 1927 258 1990 si
290 1925 436 1991 homines
470 1929 553 2006 sunt,
584 1923 621 1988 de
650 1923 766 2008 quihus
793 1923 851 1987 illa
880 1924 959 1987 mira
987 1922 1165 2005 conscripta
1188 1925 1280 1987 sunt:

139 2033 220 2115 quid,
255 2033 284 2097 si
316 2035 483 2116 propterea
515 2031 601 2096 Deus
634 2031 740 2095 uoluit
773 2030 868 2095 etiam
901 2028 1067 2094 nonnullas
1097 2032 1207 2114 gentes
1235 2030 1281 2093 ite

101 2163 122 2200 n
139 2158 248 2219 creare,
278 2159 317 2204 ue
345 2139 376 2203 in
404 2138 454 2204 his
484 2139 645 2215 monstris,
675 2155 754 2220 quoe
783 2141 861 2220 aput
883 2155 940 2201 nos
968 2138 1095 2219 oportet
1122 2155 1158 2200 ex
1181 2135 1280 2200 homi·

138 2247 225 2311 nibus
254 2245 356 2323 nasci,
388 2239 456 2309 eius
485 2243 683 2326 sapientiam,
715 2263 778 2325 qua
804 2247 950 2308 asturem
979 2243 1072 2326 fingit
1098 2242 1279 2318 humanam,

137 2353 223 2419 uelut
261 2355 361 2417 artem
399 2351 578 2435 cuiuspiam
615 2351 720 2415 minus
757 2347 890 2434 perlecti
927 2348 1060 2434 opificis,
1094 2353 1278 2431 putaremus

137 2461 275 2524 errasse?
303 2455 373 2522 Nou
401 2457 507 2539 itaque
535 2457 626 2522 nohis
654 2457 755 2520 uideri
783 2457 878 2521 debet
901 2455 1085 2533 absurdum,
1108 2458 1155 2527 ut,
1184 2475 1279 2538 quem

138 2565 173 2628 ad
200 2565 332 2630 modum
359 2563 392 2628 in
422 2565 558 2648 siugulis
583 2563 762 2648 quibusque
787 2564 936 2649 gentibus
961 2564 1114 2644 quaedam
1137 2565 1280 2628 monstra

98 2695 120 2734 n
136 2676 209 2736 sunt
230 2672 406 2746 homiuum,
430 2671 475 2736 ita
497 2671 528 2735 in
553 2671 701 2736 uniuerso
723 2690 837 2756 genere
860 2672 998 2734 humano
1019 2670 1173 2752 quaedam
1191 2688 1278 2734 mon·

137 2785 199 2844 stra
217 2780 283 2844 sint
305 2778 459 2862 gentium.
485 2776 683 2861 Quapropter
705 2781 742 2842 ut
764 2779 861 2843 istam
882 2777 1099 2861 quaestionem
1119 2775 1279 2860 pedetem-

136 2887 190 2950 tim
219 2889 374 2968 cauteque
404 2884 603 2949 concludam:
633 2887 689 2949 aut
714 2885 780 2963 illa,
810 2903 890 2968 quae
917 2883 996 2948 talia
1023 2883 1061 2947 de
1089 2882 1277 2965 quibusdam

137 2993 280 3075 gentibus
310 2991 429 3074 scripto
457 2995 541 3067 suut,
571 2991 698 3055 omnino
717 2990 805 3055 nulla
829 2994 918 3067 sunt3
943 2993 999 3055 eut
1022 2989 1049 3054 si
1072 2992 1158 3067 sunt,
1177 2989 1277 3054 homi-

137 3119 189 3163 nes
213 3119 272 3164 non
298 3101 387 3176 sunt3
412 3101 466 3163 eut
489 3117 525 3163 er
548 3095 648 3162 Adam
675 3102 759 3172 sunt,
784 3097 812 3162 si
834 3098 980 3162 homines
1004 3098 1086 3160 sunt.

171 3334 183 3388 l
204 3354 234 3392 er
252 3354 303 3392 om.
324 3337 350 3408 ρ1
423 3341 501 3390 natos
521 3353 566 3392 eos
587 3335 621 3390 7ι
677 3337 693 3390 2
714 3344 784 3407 ‘port
803 3337 934 3406 originem
953 3337 985 3390 in
1003 3337 1061 3391 coel.
1081 3355 1099 3388 α
1116 3355 1220 3409 magno
1238 3347 1277 3394 est

135 3423 243 3490 lamma,
261 3443 333 3495 quae
345 3427 467 3495 pertinet
483 3442 570 3494 usque
588 3425 868 3493 conservent.
924 3425 1091 3480 5e1horbit.
1115 3427 1142 3480 7
1192 3431 1275 3482 retio-

134 3511 260 3567 nobiliee
314 3512 584 3568 'lconfidendumV
636 3513 766 3566 9simios
784 3512 821 3566 V¹
876 3513 910 3566 10
929 3513 1125 3583 circopithecos
1141 3533 1173 3584 g;
1191 3516 1275 3570 circo·

135 3601 234 3669 peticus
256 3601 304 3656 Vc
431 3603 464 3655 14
481 3617 536 3672 sqq.
555 3603 588 3656 ire
610 3601 635 3654 V
651 3601 737 3656 umba
756 3601 831 3656 Deus
849 3602 939 3656 uoluit
957 3603 1116 3657 etiem-its
1134 3620 1224 3659 creare
1241 3621 1275 3658 ne

134 3717 168 3729 -—
192 3693 295 3760 oportet
316 3691 349 3744 in
371 3691 515 3744 maculosa
537 3691 698 3744 membrana
721 3689 822 3760 dispici
838 3696 991 3762 neqteeront5
1012 3697 1105 3745 tameo
1123 3707 1184 3746 cum
1203 3691 1221 3749 l.
1239 3697 1275 3746 15

134 3779 250 3844 matium
270 3785 335 3849 post
360 3796 410 3832 nos
433 3785 532 3847 septem
558 3779 657 3834 litteris
679 3795 735 3848 por
758 3779 803 3841 sit,
831 3782 939 3848 oportet
960 3795 1018 3833 non
1042 3782 1120 3848 patet
1144 3781 1275 3847 scriptum

133 3865 217 3932 futare
232 3867 370 3936 suspirari
387 3868 450 3922 licet
548 3871 657 3938 oportet
676 3868 869 3938 abepprph
886 3867 1001 3933 Domb.,·
1019 3870 1097 3937 patet
1114 3884 1143 3934 v;
1162 3873 1275 3938 apparet

133 3954 299 4010 scribendum
318 3972 374 4011 erae
390 3957 552 4025 sopientur
568 3957 667 4012 Domh.
738 3957 771 4010 18
790 3956 936 4012 absurdum
957 3954 1071 4012 debete
1145 3959 1178 4012 19
1197 3973 1273 4010 mon·

134 4045 217 4095 strata
234 4044 254 4098 e¹
310 4047 342 4099 21
364 4043 571 4116 peditenrtimp
