3192 4959
364 442 417 494 De
447 442 620 494 ciuitate
650 440 711 494 dei
738 442 804 497 lib.
837 441 905 494 XXI.
935 459 1010 512 cap.
1039 442 1082 495 26.
1233 445 1297 508 569

143 636 323 700 secundum
347 634 520 712 Christum,
546 637 616 717 quis
642 635 669 698 ei
690 635 817 699 dubitet
840 636 871 698 in
891 635 1095 700 fundamento
1122 655 1190 700 esse
1211 635 1284 702 Chri

142 745 252 805 stum?
286 742 313 804 si
341 761 415 806 uero
445 741 620 805 secundum
649 741 709 805 hoe
737 741 913 820 saeculum,
948 741 975 805 si
1005 742 1180 819 carnaliter,
1215 745 1295 808 siin

140 848 252 912 morbo
278 849 617 930 concupiscentiarum,
642 849 728 912 sicut
747 852 778 913 et
797 852 908 932 gentos
929 867 1008 932 quae
1024 849 1168 933 ignorant
1182 850 1295 929 Deum,

142 956 239 1018 etiam
272 956 333 1020 hoc
365 956 541 1019 secundum
574 956 700 1019 ueniam
729 955 875 1019 concedit
903 957 1078 1037 apostolus
1111 957 1208 1022 immo
1241 977 1297 1040 per

111 1087 123 1126 a
143 1063 325 1144 apostolum
351 1061 507 1126 Christus.
530 1063 643 1126 Potest
667 1082 740 1147 ergo
766 1066 798 1126 et
821 1061 882 1126 iste
906 1063 936 1126 in
956 1063 1160 1127 fundamento
1181 1064 1295 1128 hahere

142 1168 318 1234 Christum.
356 1169 390 1234 Si
424 1170 506 1234 enim
539 1169 617 1232 nihil
655 1169 684 1232 ei
717 1170 790 1233 talis
830 1169 1017 1234 adlectionis
1054 1169 1294 1252 uoluptatisque

140 1278 324 1358 praeponat,
368 1275 514 1358 quamuis
557 1276 800 1357 superaedificet
835 1277 930 1360 ligna.
973 1278 1092 1354 fenum,
1131 1278 1293 1360 stipulam.

142 1383 291 1446 Christus
316 1387 366 1447 ost
388 1383 641 1458 lrrndamentum,
664 1387 793 1466 propter
811 1383 871 1446 hoc
896 1384 1006 1447 saluus
1027 1383 1087 1446 erit
1105 1385 1292 1468 perignem.

141 1489 283 1554 Delicias
307 1492 424 1571 quippe
448 1490 544 1554 huius
569 1490 655 1554 modi
679 1509 866 1572 amoresque
894 1494 1046 1568 terrenos,
1070 1495 1199 1573 propter
1223 1511 1293 1556 con·

98 1621 122 1660 ro
139 1598 281 1679 iugalem
311 1598 438 1678 quidem
470 1597 615 1680 copulam
644 1618 705 1662 non
734 1599 940 1675 damnabiles,
970 1599 1184 1662 tribulationis
1209 1599 1292 1683 ignis

141 1708 265 1779 exuret3
290 1704 446 1787 adquam
471 1707 629 1786 pertinent
651 1706 758 1792 ignem
783 1709 816 1769 et
840 1705 991 1770 orbitates
1017 1710 1048 1770 et
1073 1725 1292 1789 quaecumque

140 1812 341 1875 calamitates
366 1831 446 1894 quae
466 1813 612 1876 auserunt
629 1813 717 1877 haec.
742 1813 788 1876 Ac
807 1832 863 1896 per
882 1813 941 1877 hoo
965 1812 1003 1888 ei,
1029 1813 1083 1894 qui
1102 1813 1290 1893 aedificarit,

141 1918 204 1980 erit
231 1919 408 1983 aedificatio
435 1919 499 1983 ista
528 1919 688 1982 damnosa.
718 1918 792 2002 quia
820 1939 880 1983 non
904 1919 1044 1996 habehit,
1076 1919 1159 2002 quod
1184 1939 1291 2001 auper-

140 2025 332 2099 aedificauit,
366 2031 398 2089 et
430 2045 537 2090 corum
570 2025 740 2090 amissione
773 2026 976 2102 cruciabitur,
1010 2027 1125 2109 quihus
1159 2027 1290 2090 fruendo

97 2132 253 2215 acutique
286 2132 477 2208 laetabatur3
511 2132 568 2197 sed
599 2152 656 2215 per
686 2133 770 2197 hunc
802 2132 906 2216 ignem
942 2134 1051 2197 saluus
1085 2133 1145 2196 erit
1176 2135 1289 2198 merito

138 2239 350 2315 fundamenti,
380 2240 463 2323 quia,
497 2240 557 2303 etsi
586 2246 692 2304 utrum
721 2240 754 2303 id
782 2240 897 2304 habero
926 2240 1035 2303 mallet
1064 2259 1101 2302 an
1127 2238 1288 2303 Christum

140 2365 157 2408 a
185 2351 389 2428 persecutore
414 2352 651 2428 proponeretur,
679 2347 759 2410 illud
788 2345 914 2411 Christo
944 2365 1003 2410 non
1034 2351 1287 2429 praeponeretur.

140 2453 223 2517 Vide
247 2455 278 2517 in
311 2455 447 2536 apostoli
480 2455 586 2518 uerbis
619 2455 777 2518 hominem
807 2453 1023 2518 aedificantem
1054 2473 1149 2536 super
1177 2453 1288 2516 funda·

138 2565 284 2624 mentum
304 2579 425 2637 aurum,
446 2563 623 2644 argentum,
643 2561 764 2642 lapides
783 2561 956 2641 pretiosos:
982 2557 1051 2638 Qui
1077 2560 1156 2623 sine
1176 2579 1287 2623 uxore.

95 2691 120 2730 ao
140 2674 208 2742 est,
238 2667 352 2748 inquit,
384 2669 530 2750 cogitat
557 2685 649 2748 quae
678 2672 765 2730 sunt
789 2666 867 2744 Dei,
901 2686 972 2748 quo
1002 2667 1108 2730 modo
1137 2666 1287 2748 placeat

139 2774 227 2837 Deo.
251 2773 333 2837 Vide
361 2775 459 2837 aliurn
488 2773 704 2836 aedificantem
735 2772 831 2855 ligna,
860 2773 979 2848 fenum,
1013 2773 1182 2854 stipulam:
1217 2773 1285 2852 Qui

139 2888 264 2945 autem
299 2881 535 2944 matrimonio
569 2880 722 2943 iunctus
757 2885 825 2954 est,
864 2879 977 2961 inquit,
1016 2880 1161 2964 cogitat
1194 2899 1287 2962 quae

138 2993 232 3053 sunt
258 2988 396 3065 mundi,
425 2986 627 3070 quomodo
656 2987 805 3068 placeat
827 2987 942 3051 uxori.
974 2987 1286 3068 Uniuscuiusque

139 3114 236 3178 opus
256 3094 585 3165 manifestabitur3
611 3093 690 3157 dics
716 3095 811 3156 enirn
838 3093 1048 3157 declarabit
1071 3095 1151 3178 (dies
1175 3095 1287 3176 utique

91 3225 117 3262 25
136 3201 380 3285 tribulationis),
410 3200 582 3282 quoniam
606 3201 641 3263 in
666 3201 762 3284 igne,
791 3201 903 3282 inquit,
933 3201 1179 3265 reuelabitur.
1209 3202 1288 3264 Ean-

136 3309 211 3372 dem
244 3309 481 3372 tribulationem
513 3308 621 3390 ignem
653 3312 758 3372 uocat.
791 3307 876 3370 sicut
909 3307 984 3370 alibi
1017 3309 1149 3390 legitur:
1184 3307 1288 3371 Vasa

135 3415 266 3498 figuli
300 3414 445 3498 probat
476 3415 617 3478 fornax
658 3420 697 3478 et
727 3413 911 3478 homines
944 3417 1079 3478 iustos
1108 3415 1285 3478 tentatio

136 3521 441 3586 tribulationis.
478 3521 526 3584 Et
558 3521 890 3602 uniuscuiusque
929 3541 1028 3602 opus
1067 3521 1185 3603 quale
1220 3521 1285 3595 sit,

231 3697 335 3766 raph.
356 3699 381 3760 a,
400 3699 434 3750 25
498 3698 559 3751 31.
579 3697 673 3752 Thess.
692 3699 754 3761 aa
820 3699 853 3750 ro
875 3699 897 3750 1.
918 3696 977 3750 eor.
1000 3697 1024 3763 r,
1045 3697 1078 3748 aa
1098 3712 1138 3764 sq.
1194 3695 1284 3748 earo.

134 3790 161 3850 a,
186 3788 219 3839 ra
274 3789 309 3840 aa
328 3786 412 3839 acan
432 3787 475 3848 er,
496 3789 512 3838 a
567 3788 601 3840 aa
623 3788 645 3839 1.
667 3786 726 3840 cor.
747 3787 771 3843 3.
788 3787 826 3840 ia
847 3803 906 3854 sqq.

173 3912 308 3964 3etom.
329 3928 347 3959 α
409 3909 623 3979 tconcedctp¹
687 3910 822 3964 bbaberc
842 3909 1043 3963 infundamo
1105 3907 1286 3960 deinihilo

135 4000 181 4053 uel
201 3999 445 4068 uoluptatisquep
514 4001 529 4052 9
549 3999 629 4052 huius
647 3998 721 4051 modi
741 3999 763 4051 ε’
772 4016 792 4065 p
806 4016 857 4067 po,·
877 4000 934 4051 eius
954 3997 1026 4050 ruodi
1046 3998 1076 4062 b;
1094 3997 1174 4049 buius
1193 3996 1287 4048 rnundi

135 4090 380 4157 regintrudae
432 4089 464 4141 10
483 4087 681 4156 danrnabilisp
733 4089 763 4140 ll
785 4088 1065 4156 ignerupertincnto
1117 4087 1149 4138 13
1170 4085 1286 4138 16abe-

132 4177 298 4230 bit-abere
323 4194 341 4244 p
432 4177 464 4229 16
484 4179 585 4244 utrum]
610 4193 702 4229 uerum
728 4193 741 4229 c
814 4193 847 4228 an
873 4173 1008 4228 Christum
1032 4174 1132 4227 habero
1156 4173 1249 4226 mallet
1272 4190 1288 4226 a

132 4269 170 4321 22
190 4283 223 4320 ca
242 4265 348 4334 quael)
426 4266 460 4317 24
481 4265 538 4317 dies
558 4266 627 4317 enim
648 4265 750 4317 dornini
771 4282 789 4316 a
867 4265 900 4318 ‘25
920 4263 946 4316 in
966 4264 1024 4332 igni
1043 4281 1095 4333 cp;
1114 4263 1141 4316 in
1161 4263 1251 4330 ignem
1272 4262 1286 4314 b

132 4356 250 4410 candem
271 4353 341 4406 obe
348 4371 366 4422 p
370 4371 392 4422 p
404 4372 459 4420 αὐς
478 4341 643 4423 eandemque
664 4373 677 4422 ρ
696 4355 795 4408 Doruh.
