3192 4959
303 435 368 501 418
653 433 679 486 S.
707 433 863 486 Aurelii
892 433 1110 502 Augustini

298 628 446 704 ficano,
485 628 598 710 inquit,
637 627 698 693 dis
732 618 1018 692 eradicabitur
1055 625 1136 692 nisi
1174 627 1344 691 Domino
1379 631 1452 691 tan-

298 737 399 810 tum;
427 755 489 799 non
514 754 576 817 quo
600 735 644 798 rei
669 739 763 818 egeat
785 734 933 813 alicuius,
963 733 1020 798 sed
1043 734 1118 816 quie
1140 733 1232 798 nobis
1257 733 1397 816 expedit,
1421 737 1453 797 nt

297 859 348 903 res
377 841 447 904 eius
476 841 588 908 simus.
616 839 702 905 Huic
729 841 814 904 enim
844 840 967 904 canitur
995 841 1024 904 in
1050 841 1149 904 sacris
1178 839 1294 904 litteris
1318 840 1452 904 Hebrae-

298 966 406 1011 orum:
444 947 537 1011 Dixi
576 947 762 1011 Domino:
801 947 907 1010 Deus
946 965 1057 1010 meus
1095 965 1135 1010 es
1173 949 1226 1020 tu,
1266 947 1451 1028 quonian

295 1053 492 1118 bonorum
520 1074 695 1118 meorum
725 1073 800 1118 non
830 1071 934 1138 eges.
963 1051 1069 1117 Huius
1098 1055 1206 1117 autem
1240 1053 1487 1135 praeclarissis

297 1178 385 1222 mum
419 1159 522 1241 adque
554 1161 710 1242 optimum
744 1159 936 1223 sacrificium
970 1179 1027 1224 nos
1061 1159 1123 1242 ipsi
1153 1177 1276 1236 sumus,
1310 1160 1372 1224 hoc
1406 1165 1451 1224 est

297 1266 415 1332 ciuitas
453 1267 533 1345 eius,
571 1267 663 1331 ouius
696 1267 742 1330 rei
773 1267 962 1350 mysterium
1002 1266 1199 1330 celebramus
1237 1267 1449 1332 oblationibus

297 1375 427 1452 nostris,
456 1393 536 1456 quae
563 1373 712 1437 fidelibus
740 1375 833 1438 notae
862 1376 947 1450 sunt,
977 1373 1063 1436 siout
1089 1371 1121 1435 in
1149 1371 1241 1435 libris
1264 1371 1449 1454 praeceden-

296 1482 384 1545 tibus
409 1479 656 1562 disputeuimus.
680 1478 867 1544 Cessatnros
892 1479 976 1544 enim
999 1478 1161 1554 uictimas,
1186 1495 1264 1559 ques
1288 1477 1449 1542 inumbra

294 1586 396 1652 futuri
429 1585 602 1651 offerebant
627 1585 747 1664 Iudaei,
778 1589 811 1650 et
838 1605 937 1650 unum
965 1585 1156 1650 sacrificinm
1186 1587 1296 1668 gentes
1326 1605 1345 1648 e
1374 1586 1448 1650 solis
1466 1609 1488 1648 o

296 1696 369 1757 ortu
401 1712 503 1774 nsque
531 1691 570 1756 ad
599 1711 758 1769 occasum,
787 1693 872 1756 sicut
899 1692 962 1755 iam
991 1691 1058 1756 fieri
1088 1691 1257 1769 cernimus,
1288 1691 1448 1756 oblaturas

295 1819 352 1881 per
378 1801 548 1881 propbetas
571 1798 734 1864 Hebraeos
765 1799 892 1863 oracula
916 1799 1099 1881 increpuere
1124 1797 1248 1872 dinine;
1273 1817 1309 1861 ex
1334 1797 1448 1879 quibus

294 1909 449 1986 quantum
481 1905 560 1970 satis
589 1905 696 1968 uisum
725 1909 784 1983 est,
819 1906 971 1970 nonnulla
1000 1905 1194 1988 protulimus
1223 1909 1255 1969 et
1288 1905 1448 1968 tuicioni
1494 1965 1497 1972 .

294 2013 381 2095 operi
415 2012 642 2094 adspersimus.
677 2010 878 2096 Quapropter
904 2013 960 2076 nbi
988 2031 1051 2076 nou
1080 2015 1130 2077 est
1156 2011 1219 2076 ista
1246 2011 1384 2089 iustitie,
1414 2014 1449 2074 ut

293 2119 469 2184 secundum
508 2138 598 2182 susm
637 2119 771 2202 gratiam
809 2118 932 2182 ciuitati
971 2118 1151 2183 oboedienti
1187 2117 1275 2182 Deus
1313 2118 1487 2199 imperetis

291 2243 375 2288 unus
404 2228 437 2288 et
464 2243 621 2300 summus,
648 2243 687 2288 ne
716 2224 865 2305 cuiquam
896 2223 1053 2288 sacrificet
1076 2224 1136 2288 nisi
1164 2224 1387 2300 obtunsior,
1417 2227 1449 2287 et

292 2351 348 2413 per
379 2331 439 2395 boc
471 2331 504 2394 in
537 2329 684 2394 omnibns
718 2330 901 2394 hominibus
931 2331 971 2394 sd
998 2331 1130 2395 eundem
1158 2331 1324 2396 ciuitatem
1353 2331 1448 2414 perti·

293 2437 441 2501 uentibus
466 2437 568 2519 adque
592 2436 835 2501 oboedientibus
854 2437 923 2501 Deo
944 2437 1068 2501 unimus
1088 2438 1184 2501 etium
1204 2437 1327 2520 corpori
1346 2436 1447 2519 adque

292 2544 372 2608 ratio
405 2543 495 2607 uitiis
528 2543 635 2607 ordine
667 2543 812 2626 legitimo
847 2543 982 2607 fideliter
1013 2544 1160 2627 imperet;
1200 2547 1247 2621 ut,
1281 2562 1375 2625 quern
1409 2541 1448 2605 ad

291 2649 423 2714 modum
454 2649 561 2713 iustus
593 2668 688 2725 unus,
721 2649 767 2712 ito
794 2651 906 2713 coetus
935 2649 1136 2732 populusque
1163 2649 1323 2714 iustorum
1356 2649 1487 2712 niorto

293 2775 329 2820 ex
365 2755 437 2832 fide,
474 2773 553 2835 qnae
591 2758 739 2836 operetur
774 2773 830 2837 per
867 2754 1079 2832 dilectionem,
1117 2773 1179 2836 qua
1211 2755 1306 2820 bomo
1340 2754 1449 2838 diligit

294 2861 408 2937 Deum,
443 2861 527 2923 sicut
555 2859 736 2944 diligendus
765 2864 816 2925 est
843 2861 941 2937 Deus,
971 2862 1004 2922 et
1030 2859 1207 2944 proximum
1236 2860 1322 2924 sicut
1345 2863 1449 2923 semet

293 2967 409 3049 ipsum,
442 3003 486 3012 —
518 2966 573 3030 ubi
606 2985 680 3050 ergo
713 2985 775 3031 non
809 2969 859 3030 est
890 2967 954 3030 iste
982 2965 1117 3041 iustitie,
1145 2967 1287 3048 profecto
1311 2955 1372 3029 non
1399 2967 1449 3028 est

293 3076 403 3136 coetus
440 3073 604 3136 hominurn
646 3073 724 3138 iuris
763 3091 918 3138 consensu
962 3075 995 3136 et
1030 3072 1181 3137 utilitatis
1223 3073 1448 3136 commuuione

267 3179 442 3244 sociatus.
472 3177 565 3257 Quod
593 3181 620 3243 si
648 3199 710 3244 non
738 3184 798 3256 est,
827 3181 939 3261 ntique
968 3179 1107 3262 populus
1136 3198 1196 3242 non
1225 3183 1292 3256 est,
1315 3179 1342 3244 si
1370 3195 1487 3246 uerus

293 3289 342 3350 est
370 3285 447 3349 haec
474 3286 585 3368 populi
614 3285 766 3350 definitio.
796 3286 879 3370 Ergo
903 3304 961 3350 uec
985 3305 1035 3350 ree
1058 3285 1188 3367 publica
1211 3289 1271 3364 est,
1297 3285 1447 3368 quiores

290 3393 403 3475 populi
426 3409 487 3455 non
512 3393 571 3469 est,
596 3392 649 3455 ubi
673 3390 743 3473 ipse
766 3393 905 3474 populus
930 3411 990 3455 non
1016 3395 1075 3456 est.

381 3605 398 3654 4
417 3601 461 3658 Ps.
482 3604 525 3665 15,
544 3603 561 3655 2

327 3725 436 3793 2quod
450 3743 472 3794 p
527 3724 626 3778 3buic
645 3724 739 3788 oodd.,·
757 3725 862 3779 Hinov
916 3723 1065 3794 libito
1122 3725 1155 3778 13
1174 3723 1263 3776 uisum
1282 3723 1447 3776 estsslise

292 3815 325 3867 16
343 3830 426 3868 nece
480 3815 515 3868 22
535 3831 563 3867 εθ
583 3829 624 3882 ep
679 3815 714 3867 23
733 3813 788 3866 istu
806 3813 879 3867 iusto
897 3813 1040 3881 iustitiep
1095 3813 1130 3867 26
1148 3812 1258 3882 puplica
1274 3829 1292 3882 p
