3192 4959
298 433 363 495 534
634 433 661 485 S.
690 430 849 484 Aurelii
875 429 1098 500 Augustini

293 627 359 702 tnr;
393 645 472 707 quae
504 628 643 691 recolere
675 629 706 691 et
737 645 981 690 commemorare
1010 625 1037 689 si
1066 623 1174 702 uelim,
1207 623 1305 687 huius
1340 623 1440 704 operis
1552 643 1553 722 ζ

294 732 365 813 quis
393 732 453 797 erit
480 733 574 797 finis?
602 733 747 796 Monstra
773 751 848 798 seue
874 731 958 795 dicta
985 731 1152 814 perhibent
1180 749 1198 794 a
1228 730 1440 807 monstrando,

293 837 378 918 quod
410 839 530 921 aliquid
558 839 763 923 significando
792 838 1018 915 demonstrent,
1051 840 1084 902 ct
1112 840 1239 902 ostenta
1265 836 1304 900 ab
1340 841 1440 902 osten-

293 943 405 1020 dendo,
438 946 471 1008 et
498 948 643 1025 portenta
671 965 689 1008 a
715 943 940 1027 portendendo,
971 943 1004 1007 id
1033 947 1082 1008 est
1104 943 1390 1025 praeostendendo,
1413 947 1442 1008 ct
1552 983 1553 988 κ

290 1050 447 1134 prodigia,
480 1051 565 1133 quod
597 1071 689 1134 porro
722 1052 838 1128 dicant,
871 1051 904 1115 id
938 1053 986 1115 est
1017 1051 1125 1115 futura
1155 1051 1349 1132 praedicant.
1383 1050 1441 1115 Sed
1468 1069 1478 1109 1
1552 1031 1553 1038 ¹

291 1155 431 1220 uiderint
464 1176 572 1222 eorum
605 1159 810 1233 coniectores,
845 1178 906 1239 quo
935 1157 1029 1222 modo
1059 1177 1094 1221 ex
1124 1157 1170 1221 eis
1200 1157 1270 1221 siue
1294 1156 1441 1222 fallantur

292 1261 361 1325 siue
388 1263 541 1327 instinctu
569 1265 752 1345 spirituum,
785 1264 900 1346 quibus
930 1283 1005 1328 cura
1033 1267 1083 1327 est
1109 1263 1166 1326 tali
1194 1282 1297 1346 poena
1331 1265 1440 1348 dignos

292 1368 413 1433 animos
442 1371 608 1434 hominum
635 1371 745 1435 noxiae
774 1370 970 1435 curiositatis
998 1370 1119 1434 retibus
1152 1370 1314 1452 inplicare,
1349 1373 1439 1436 ctiam

291 1494 367 1538 uera
388 1477 581 1557 praedicant,
602 1478 669 1541 siue
688 1480 792 1542 multa
815 1478 946 1542 diceudo
970 1475 1139 1558 aliquando
1162 1475 1194 1539 in
1219 1476 1342 1558 atiquid
1363 1477 1440 1541 ucri-

291 1582 367 1646 tatis
391 1583 561 1648 incnrrant.
589 1584 690 1648 Nobis
714 1589 819 1648 tamen
844 1586 916 1657 ista,
942 1604 1021 1666 quae
1050 1583 1141 1648 uelut
1164 1585 1274 1648 contra
1298 1587 1437 1648 naturam
1455 1605 1475 1642 xo

291 1688 371 1752 fiunt
405 1695 437 1753 ot
469 1693 578 1755 contra
610 1697 753 1755 naturam
781 1691 849 1756 fieri
879 1691 1028 1756 dicuntur
1055 1689 1132 1775 (quo
1161 1709 1248 1754 more
1278 1691 1437 1755 homiuum

290 1794 419 1859 locutus
444 1799 549 1861 estet
572 1799 736 1881 apostolus
761 1798 893 1862 dicendo
918 1801 1027 1863 eontra
1049 1802 1193 1861 naturam
1217 1797 1249 1860 in
1275 1799 1346 1862 olea
1369 1798 1438 1862 iusi·

290 1905 361 1966 tum
390 1903 563 1967 oleastrum
590 1905 709 1968 factum
737 1923 808 1968 esse
837 1904 1024 1987 participem
1052 1903 1255 1988 pinguedinis
1283 1901 1385 1988 oleae)
1408 1906 1436 1966 et

291 2013 432 2074 monstra
451 2014 586 2086 ostenta,
606 2014 753 2092 portenta
771 2011 917 2094 prodigia
936 2014 1167 2094 nuncupantur,
1188 2011 1249 2074 hoc
1268 2014 1435 2076 monstrare

291 2115 416 2194 debent,
441 2116 501 2180 hoc
525 2117 688 2181 ostendere
714 2119 765 2181 uel
788 2118 1040 2200 praeostendere,
1065 2117 1124 2182 hoo
1147 2116 1337 2200 praedicere,
1358 2115 1433 2199 quod
1449 2133 1469 2172 1⁵

290 2222 433 2286 facturus
462 2223 504 2286 sit
533 2223 629 2302 Deus,
659 2243 739 2306 quae
764 2225 802 2288 de
827 2225 1012 2306 corporibus
1041 2223 1207 2288 hominum
1232 2243 1266 2288 se
1289 2242 1433 2306 praenun-

290 2329 386 2392 tiauit
408 2349 479 2394 esse
501 2329 670 2406 facturum,
696 2332 784 2394 nulla
810 2331 991 2413 inpediente
1015 2330 1214 2408 difficultate,
1240 2330 1327 2394 nulla
1352 2349 1431 2411 prac-

291 2434 447 2499 scribente
470 2435 541 2519 lege
564 2440 704 2501 naturae.
731 2436 914 2516 Quomodo
935 2441 1042 2500 autem
1061 2436 1341 2518 praenuntiaucrit,
1359 2436 1429 2500 satis

289 2541 321 2604 in
344 2541 424 2606 libro
449 2544 609 2624 superiore
635 2543 781 2607 docuisse
806 2563 856 2606 me
881 2541 1037 2619 existimo,
1062 2542 1256 2625 decerpendo
1281 2541 1318 2605 dc
1341 2541 1427 2621 scrip·

290 2649 370 2713 turis
404 2651 523 2714 sanctis
557 2652 589 2714 ct
620 2651 713 2714 nouis
747 2654 779 2714 et
812 2651 975 2715 ueteribus
1009 2669 1069 2714 non
1103 2649 1231 2732 quidem
1265 2650 1365 2713 omnia
1392 2646 1461 2710 adu

289 2755 350 2818 hoc
373 2756 573 2837 pertinentia,
599 2757 655 2820 sed
678 2775 758 2838 quae
783 2756 929 2820 sufficere
953 2757 1027 2820 huic
1052 2759 1138 2838 operi
1162 2755 1313 2819 indicaui.

732 2949 872 3016 CAPUT
896 2951 998 3014 VIIII.

351 3091 404 3153 De
429 3091 597 3174 gehenna
620 3097 657 3155 et
680 3099 919 3156 aeternarum
945 3092 1134 3174 qualitate
1157 3109 1366 3173 poenarum.

333 3230 425 3310 Quod
448 3234 549 3316 igitur
572 3234 609 3298 de
634 3236 827 3316 sempiterno
853 3235 1010 3317 supplicio
1030 3235 1249 3298 damnatorum
1269 3247 1424 3316 persuum

289 3341 477 3422 prophetam
516 3341 602 3405 Deus
638 3341 725 3418 dixit,
763 3341 828 3418 fiet,
868 3342 992 3406 omnino
1025 3341 1094 3405 fiet:
1129 3339 1275 3404 Vermis
1312 3349 1459 3402 eorums

289 3465 358 3509 non
381 3446 564 3511 morietur
588 3450 626 3511 et
648 3448 748 3532 ignis
773 3467 900 3512 eorum
921 3466 988 3511 non
1010 3447 1290 3529 exstinguetur.
1308 3443 1355 3508 Ad
1373 3442 1423 3506 hoc

289 3553 371 3615 enim
395 3553 614 3617 uehementius
639 3553 923 3618 commendandum
949 3554 1043 3617 etiam
1062 3552 1219 3616 Dominus
1237 3551 1338 3626 Iesus,
1361 3563 1422 3611 cum

288 3660 430 3722 membra
453 3680 532 3741 quae
556 3660 715 3724 hominem
744 3659 957 3724 scandalizant
980 3679 1034 3740 pro
1061 3659 1109 3722 his
1135 3657 1317 3721 hominibus
1339 3671 1421 3738 pore

379 3849 411 3902 13
430 3849 507 3903 Rom.
529 3850 570 3911 11,
592 3851 624 3902 17
644 3866 704 3918 sqq.
758 3851 793 3903 25
813 3849 885 3902 Esai.
905 3849 948 3911 66,
968 3849 1002 3901 24

323 3971 571 4040 ‘dperhibenturb
649 3972 938 4025 3demonstrenturb
1017 3971 1246 4041 opraedioeutb
1321 3971 1418 4037 eprae-

289 4059 418 4113 dicuntb
489 4063 521 4114 10
541 4067 583 4114 cst
602 4061 689 4113 istab
765 4063 796 4114 11
817 4063 885 4115 fiunt
905 4067 933 4114 ct
952 4065 1045 4115 contra
1064 4065 1189 4114 naturam
1208 4060 1293 4116 onnt
1362 4069 1417 4124 quo·

286 4135 433 4218 modprcp
524 4151 556 4203 13
575 4149 744 4219 pinguidinis
760 4149 789 4218 9¹
874 4154 906 4205 15
926 4150 1118 4220 praedicarep
1208 4150 1239 4202 16
1261 4165 1326 4218 qnae
1343 4140 1417 4198 01111

288 4253 386 4290 seem.
404 4255 422 4306 p
478 4238 510 4290 19
530 4237 744 4306 deserpentcb
800 4239 831 4290 21
853 4237 1021 4291 iudicauitb
1083 4238 1117 4290 25
1137 4233 1240 4290 dicito
1294 4229 1415 4288 26crtir·

287 4324 428 4392 tinguctur
449 4341 467 4377 α
477 4326 492 4378 b
503 4343 516 4378 e
524 4343 542 4394 p
548 4343 582 4393 μ·
604 4326 771 4395 extinguitur
790 4343 804 4394 ρ
817 4344 832 4374 c
