3192 4959
347 457 397 509 De
426 455 601 510 ciuitate
630 455 691 510 dei
718 453 784 511 lib.
811 455 926 512 XVIIII.
954 473 1029 527 cap.
1053 457 1079 513 4.
1228 459 1292 523 379

138 651 202 716 bus
241 652 299 714 aut
336 651 482 716 subiacet
514 651 654 728 casibus,
691 651 780 716 nulle
814 653 906 716 medo
939 652 1033 716 beata
1065 651 1233 728 diceretur,
1266 652 1293 717 si

138 757 300 830 hormines,
328 757 384 840 qui
410 758 471 823 hec
498 757 618 836 dicunt,
647 759 732 824 sicut
759 758 840 822 uicti
867 759 960 822 malis
988 757 1294 842 ingrauescentibus,

140 883 216 927 cunr
242 863 305 928 sibi
332 865 480 947 ingerunt
501 869 648 943 mortem,
676 865 794 930 cedunt
816 865 1006 942 infelicitati,
1030 866 1076 930 ita
1098 865 1178 930 uicti
1201 863 1295 930 certis

138 969 333 1046 rationibus,
366 989 439 1034 cum
467 974 622 1054 quaerunt
647 971 773 1036 beatam
807 973 917 1048 uitam,
951 971 1155 1056 dignarentur
1187 971 1295 1035 cedere

108 1075 278 1140 suauitati
305 1080 338 1141 et
364 1095 425 1142 nen
454 1077 517 1141 sibi
544 1081 694 1161 putarent
719 1077 751 1140 iu
774 1076 839 1142 ista
865 1078 1059 1143 mortalitate
1086 1077 1148 1142 fine
1178 1076 1295 1141 summi

138 1181 218 1271 beni
253 1201 324 1246 esse
358 1183 570 1266 gaudendum,
603 1185 658 1248 ubi
691 1184 828 1250 uirtutes
861 1185 958 1267 ipsae,
988 1185 1102 1267 quibus
1131 1185 1183 1248 hic
1211 1186 1295 1248 certe

139 1288 223 1352 nihil
248 1289 366 1354 melius
389 1289 492 1372 adque
514 1291 628 1356 utilius
650 1291 682 1354 in
706 1291 833 1355 homine
856 1291 1020 1374 reperitur,
1040 1295 1157 1374 quanto
1178 1291 1297 1354 maiora

140 1400 221 1460 sunt
259 1395 417 1460 adiutoria
453 1399 562 1462 centra
603 1397 670 1461 uim
705 1397 919 1480 periculorum
960 1397 1104 1462 laborum
1142 1397 1296 1474 dolorum,

140 1505 233 1565 lanto
264 1501 406 1567 fideliora
433 1503 615 1569 testimonia
638 1504 848 1569 miseriarum.
879 1505 913 1570 Si
937 1504 1019 1568 enirn
1043 1523 1137 1568 uerae
1160 1503 1296 1566 uirtutes

96 1634 121 1671 m
140 1613 231 1686 siunt,
266 1628 347 1690 quae
379 1608 442 1675 nisi
474 1610 507 1674 111
536 1613 594 1686 eis,
627 1611 744 1692 quibus
772 1630 850 1675 uera
877 1611 962 1676 inest
987 1611 1101 1697 pietas,
1135 1627 1205 1674 esse
1236 1628 1297 1673 uon

139 1716 297 1797 possunt:
334 1733 396 1780 non
433 1736 467 1780 se
504 1716 693 1798 profitentur
724 1719 785 1782 hcc
817 1737 922 1801 posse,
950 1720 987 1784 ut
1019 1717 1122 1781 nullas
1154 1713 1297 1779 miserias

138 1820 311 1903 patiantur
344 1820 500 1900 homines,
536 1823 568 1887 in
606 1823 721 1906 quibus
759 1827 835 1888 sunt
871 1823 985 1908 (neque
1015 1823 1099 1888 enim
1131 1819 1298 1886 mendaces

141 1932 223 1991 sunt
247 1946 341 1992 uerae
364 1928 512 2009 uirtutes,
536 1933 574 1994 ut
596 1931 655 1995 hoc
682 1930 913 2017 profiteantur),
934 1929 991 1994 sed
1010 1933 1047 1994 ut
1065 1930 1133 1993 uita
1151 1929 1298 2004 humana,

142 2053 229 2116 quae
263 2037 313 2098 tot
341 2038 373 2098 et
399 2036 497 2100 tantis
526 2036 622 2101 buius
651 2035 770 2103 saeculi
798 2036 891 2102 malis
921 2056 992 2101 esse
1021 2036 1146 2120 cogitur
1173 2033 1299 2112 misera,

96 2164 121 2202 rs
141 2160 203 2222 spe
232 2142 335 2206 futuri
363 2143 482 2207 saeculi
511 2145 554 2207 sit
579 2143 683 2221 beata,
712 2143 797 2208 sicut
820 2145 851 2208 et
875 2143 973 2210 salua.
1006 2140 1074 2222 Quo
1098 2140 1192 2206 mede
1216 2138 1299 2204 enim

140 2245 242 2311 beata
267 2251 327 2325 est,
351 2269 432 2331 quae
455 2250 593 2314 nendum
620 2251 711 2314 salua
734 2253 806 2315 est?
830 2249 921 2315 Unde
946 2253 978 2314 et
997 2250 1161 2331 apestolus
1180 2247 1300 2336 Paulus

140 2373 208 2419 nen
235 2354 275 2418 de
294 2356 476 2421 hominibus
495 2357 738 2438 inprudentibus
756 2357 998 2441 inpatientibus,
1017 2339 1300 2437 intemperantibus

143 2466 178 2525 et
202 2461 335 2543 iniquis,
360 2463 418 2527 sed
442 2464 480 2528 de
503 2463 565 2540 his,
589 2464 644 2546 qui
663 2463 840 2528 secundum
858 2483 967 2528 ueram
985 2465 1137 2546 pietatem
1156 2460 1303 2524 uiuerent

142 2571 179 2632 et
212 2567 287 2632 ideo
320 2569 470 2646 uitiatae,
504 2589 581 2653 quas
614 2570 776 2649 haberent,
809 2589 901 2636 ueras
934 2570 1095 2647 haberent,
1133 2568 1189 2632 ait:
1230 2564 1301 2647 Spe

95 2675 251 2740 sienim
285 2675 385 2740 salui
417 2676 511 2740 lacti
545 2695 686 2742 sumus.
725 2675 817 2760 Spes
851 2679 976 2742 autem
1009 2695 1102 2758 quae
1138 2673 1301 2746 uidetur,

141 2801 219 2846 non
250 2785 310 2845 est
338 2801 435 2865 spes.
465 2782 569 2862 Quod
598 2785 695 2848 enim
719 2784 825 2848 uidet
848 2783 944 2865 quis,
974 2782 1063 2866 quid
1094 2784 1130 2848 et
1154 2783 1301 2864 sperat?

142 2887 186 2953 Si
223 2891 349 2953 autem
385 2890 481 2970 quod
513 2911 583 2956 nen
615 2891 788 2957 uidemus
823 2909 1028 2975 speramus,
1061 2909 1126 2972 per
1161 2889 1303 2972 patien-

141 2999 242 3062 tiam
274 2999 524 3078 expectamus.
555 2997 646 3070 Sicut
674 3018 749 3082 erge
773 3017 830 3080 spe
854 2999 947 3074 salui,
970 2998 1017 3062 ita
1040 3017 1095 3080 spe
1119 2995 1205 3062 beati
1227 2993 1300 3059 lact'

141 3123 279 3181 sumus,
308 3107 340 3167 et
368 3103 453 3168 sicut
481 3105 628 3182 salutem,
656 3107 703 3170 ita
729 3105 958 3170 beatitudinem
987 3123 1048 3169 nen
1071 3105 1134 3168 iam
1157 3106 1303 3166 tenemus

93 3233 123 3274 aa
140 3213 362 3294 praesentem,
378 3210 434 3274 sed
449 3215 668 3292 exspectamus
682 3212 834 3289 futuram,
851 3216 883 3276 et
901 3212 961 3277 hcc
980 3231 1044 3294 per
1062 3209 1301 3293 patientiam3

141 3318 227 3401 quia
256 3315 289 3378 in
311 3317 405 3380 malis
429 3335 553 3394 sumus,
578 3337 658 3399 quae
681 3318 839 3400 patienter
860 3318 994 3382 tolerare
1019 3317 1182 3393 debemus,
1206 3315 1305 3380 donec

143 3425 188 3488 ad
219 3422 277 3486 illa
307 3424 472 3487 ueniamus
500 3424 592 3502 bena,
621 3423 677 3488 ubi
702 3424 806 3488 omnia
834 3425 935 3503 arunt,
964 3424 1080 3505 quibus
1104 3421 1306 3487 ineffabiliter·

141 3530 361 3607 delectemur,
394 3531 473 3602 nihil
506 3531 566 3594 erit
597 3534 715 3608 autem,
748 3531 833 3612 quod
865 3531 929 3595 iam
960 3530 1094 3595 tolerare
1123 3528 1303 3594 debeamus.

142 3637 242 3702 Talis
281 3636 379 3715 salus,
414 3655 495 3718 quac
527 3637 558 3700 in
596 3638 703 3702 lutum
742 3637 801 3701 erit
833 3638 971 3716 saeculo,
1010 3637 1080 3719 ipsa
1112 3637 1177 3700 erit
1208 3633 1304 3698 etiam

247 3815 282 3882 19
300 3828 377 3882 Rcm.
396 3829 422 3897 8,
442 3829 476 3882 24
497 3846 538 3898 sq.
885 3911 886 3914 Ἰ

185 3975 206 4028 2
228 3970 330 4025 dictic
405 3970 599 4040 ingrauiscent.
616 3971 645 4040 9¹
735 3928 890 4037 1111111111,
911 3970 928 4023 d
946 3989 980 4024 m.
1000 3974 1027 4038 2,
1047 3987 1060 4023 e
1149 3969 1165 4023 8
1185 3968 1304 4022 laborem

143 4063 313 4116 dolorame
366 4060 398 4114 21
420 4061 480 4130 quis
499 4060 610 4121 uidete
664 4059 731 4130 quid
750 4066 778 4114 et
796 4063 889 4131 sperat
903 4071 960 4129 pp;
979 4058 1044 4128 qnid
1063 4060 1155 4127 sperat
1175 4057 1307 4125 abpcu;

146 4147 224 4221 quid
241 4147 398 4218 speraturi
446 4148 649 4218 1311111131
669 4165 716 4218 spe
735 4147 806 4201 salui
825 4147 891 4202 facti
911 4165 1011 4210 sumus,
1030 4147 1071 4224 ita
1089 4145 1226 4216 spebeati
1241 4145 1306 4198 lacti

145 4289 251 4330 sumus
264 4288 288 4342 p
375 4273 449 4327 beati
466 4251 550 4338 111111,
568 4274 601 4328 in
617 4291 703 4344 marp.
722 4273 832 4337 facite
903 4274 936 4325 27
956 4271 1129 4343 ,liueninmuu
1147 4269 1175 4324 in
1192 4249 1308 4334 'erum

148 4363 202 4418 ubi
222 4365 290 4417 sunt
308 4362 399 4416 omnia
414 4380 433 4432 p
438 4379 459 4432 p
1147 4365 1150 4371 '
