3192 4959
272 430 323 484 Dc
351 430 525 483 ciuitate
553 429 614 484 dci
641 429 707 485 lib.
734 429 835 485 xum.
863 448 936 501 cap.
965 432 1008 486 31.
1037 432 1079 485 32.
1194 432 1259 497 313

123 625 218 709 Moysi
245 629 279 691 et
305 626 417 692 Heliae
445 646 518 693 cum
546 628 603 693 illo
630 628 663 691 in
691 632 799 693 monte
827 626 1128 693 sermocinantium?
1161 626 1258 691 Dum

123 732 446 815 adpropinquant
465 736 566 809 anni,
582 735 785 809 nosceris;
806 734 844 799 in
864 734 1040 799 aduentu
1060 732 1259 816 tenrporis

124 836 358 915 ostenderis,
390 858 449 904 nec
477 840 694 923 exponendum
730 844 790 907 ost.
823 842 865 906 In
899 860 941 907 eo
975 860 1062 905 cum
1093 841 1261 905 turbata

123 946 245 1010 luerit
268 946 399 1011 anima
419 966 514 1025 mea,
532 948 572 1011 iu
590 948 652 1012 ira
670 948 981 1014 misericordiae
1006 967 1154 1013 memor·
1177 946 1258 1011 eris

96 1051 192 1132 aquid
213 1054 265 1117 eet
287 1052 348 1117 uisi
372 1052 457 1135 quod
475 1053 611 1119 ludaeos
629 1055 662 1117 in
682 1074 717 1119 se
734 1054 983 1139 transfigurauit‚
1003 1072 1135 1136 quorum
1156 1052 1260 1136 gentis

122 1159 187 1235 luit
209 1161 265 1243 qui
293 1180 365 1225 cum
392 1181 508 1247 magna
533 1162 580 1227 ira
607 1163 727 1228 turbati
755 1162 977 1247 crucifigerent
1005 1160 1177 1237 Christum,
1204 1160 1260 1224 ille

123 1266 349 1332 misericordiae
381 1287 502 1333 memor
534 1268 626 1333 dixit:
662 1270 784 1334 Pater
819 1270 986 1353 ignosce
1023 1268 1126 1347 illis,
1167 1266 1262 1349 quia

123 1373 311 1439 nesciunt
333 1375 437 1457 quod
460 1374 644 1441 faciunt?
663 1376 769 1441 Deus
794 1376 839 1441 de
862 1376 1034 1441 Theman
1059 1373 1199 1439 ueniet
1222 1378 1262 1437 et

122 1483 284 1545 sauctus
317 1481 362 1544 de
394 1484 527 1547 monte
560 1484 750 1547 umbroso
783 1486 822 1547 et
854 1482 1067 1548 condenso.
1093 1478 1186 1560 Quod
1209 1480 1261 1543 hie

86 1598 106 1637 ¹⁰
123 1585 236 1649 dictum
261 1590 327 1651 eet:
352 1588 404 1651 Dc
433 1588 605 1652 Theman
634 1590 784 1665 ueniet,
815 1589 869 1653 alii
892 1587 1090 1671 interpretati
1113 1589 1189 1653 sunt
1211 1586 1261 1651 ‘ab

120 1693 245 1758 duatro‘
270 1694 323 1758 uel
350 1687 493 1770 ‘Ahico'3
525 1714 582 1777 per
613 1696 697 1777 quod
730 1695 928 1779 significetur
959 1694 1118 1771 meridies,
1146 1692 1179 1758 id
1212 1696 1262 1757 est

122 1799 220 1862 feruor
243 1799 385 1864 caritatis
407 1803 441 1865 et
463 1800 612 1883 splendor
632 1800 790 1865 ueritatis.
811 1802 953 1866 Montom
976 1818 1051 1865 uero
1074 1798 1261 1864 umbrosum

121 1904 217 1988 adque
254 1905 460 1984 condensum,
497 1907 646 1989 quamuis
684 1906 796 1971 multis
829 1906 934 1971 modis
971 1905 1076 1988 possit
1107 1904 1262 1988 intellegi,

120 2011 268 2076 libentius
280 2008 454 2095 acceperim
468 2013 697 2096 scripturarum
715 2013 918 2078 altitudinem
937 2013 1125 2089 diuinarum,
1146 2012 1264 2093 quibus

83 2130 106 2170 1⁵
120 2118 324 2199 prophetatus
356 2123 406 2184 est
433 2118 591 2187 Christus.
624 2120 729 2185 Multa
755 2120 800 2185 ibi
830 2120 945 2203 quippe
978 2119 1128 2185 umbroso
1160 2118 1262 2200 adque

121 2224 274 2290 condensa
296 2229 382 2303 sunt,
405 2246 486 2309 quae
509 2231 647 2291 montom
665 2228 844 2309 quaerentis
863 2229 1036 2292 exerceant.
1059 2226 1134 2291 Inde
1154 2229 1262 2290 autern

120 2332 216 2409 uenit,
241 2352 314 2396 eum
338 2332 383 2397 ibi
403 2352 487 2408 eum,
507 2333 562 2415 qui
579 2334 750 2417 intellegit,
769 2334 902 2399 inuenit.
928 2333 1099 2416 Operuit
1123 2333 1261 2397 caelos

121 2439 253 2503 uirtus
278 2439 377 2518 eius,
402 2444 442 2504 et
469 2439 608 2505 laudis
632 2441 722 2505 eius
749 2441 956 2522 plenaest
979 2442 1089 2504 terra
1113 2438 1189 2521 quid
1213 2441 1263 2502 est

120 2544 176 2608 nisi
196 2546 282 2627 quod
302 2546 740 2629 ctiaminpsalmodioitur:
762 2547 951 2611 llxaltare
973 2545 1262 2627 asperaceler,

81 2663 104 2704 ω
120 2650 234 2727 Deus,
255 2654 295 2715 et
317 2670 440 2735 super
459 2671 609 2717 omnem
630 2658 778 2717 terram
798 2652 933 2737 gloria
952 2656 1043 2717 tua?
1064 2650 1263 2735 Splendor·

120 2759 204 2824 eius
238 2763 282 2824 ut
313 2760 446 2824 lumen
479 2761 560 2825 orit
592 2761 666 2842 quid
699 2764 750 2825 est
780 2761 842 2825 uisi
870 2760 965 2826 ‘fama
997 2760 1065 2825 eius
1098 2758 1263 2823 credentes

118 2864 351 2930 inluminabit’?
384 2865 541 2931 Cornua
571 2867 610 2932 in
642 2868 826 2932 manibus
861 2868 949 2932 eins
983 2869 1078 2931 suut
1109 2865 1184 2947 quid
1213 2868 1264 2928 est

119 2971 178 3036 nisi
213 2975 379 3055 tropaeum
417 2974 543 3038 crucis?
579 2975 627 3038 nt
663 2974 804 3057 posuit
846 2974 1063 3039 caritatem
1105 2972 1263 3037 firmam

119 3078 384 3144 fortitudinis
421 3098 516 3146 suae
549 3099 606 3145 nec
640 3080 856 3163 exponendum
889 3084 947 3145 est.
980 3080 1080 3145 Ante
1117 3076 1264 3143 faciem

79 3184 205 3251 aelus
229 3185 309 3250 ibit
331 3186 508 3264 uerbum,
528 3190 566 3252 et
584 3187 806 3269 prodictio
827 3206 1007 3270 eampum
1027 3188 1121 3269 post
1139 3183 1263 3267 pedes

119 3291 204 3356 eius
224 3293 301 3374 quid
321 3296 371 3358 est
388 3293 450 3358 nisi
469 3294 554 3377 quod
572 3297 606 3359 et
624 3296 792 3377 antequam
808 3294 870 3357 huc
885 3294 1008 3359 ueniret
1024 3288 1264 3375 praenuntiatus

118 3403 174 3473 est,
198 3403 233 3464 et
255 3402 367 3482 postea
390 3420 484 3483 quam
507 3401 581 3465 hinc
604 3420 753 3467 reuersus
778 3405 838 3477 eat,
858 3399 1064 3488 adnuntiatus
1088 3401 1157 3463 est?
1182 3396 1263 3462 Ste-

207 3609 223 3661 7
242 3607 289 3662 Lc.
308 3608 352 3671 23,
370 3609 407 3663 34

152 3732 165 3783 l
187 3748 248 3785 curn
267 3748 332 3786 eoo
386 3734 403 3786 2
422 3732 702 3803 adpropinquanerint
720 3750 763 3787 ce
835 3732 953 3786 nosceris
973 3748 1012 3801 ey
1030 3731 1143 3796 Dcrnb.;
1163 3746 1262 3798 cogno-

118 3819 316 3887 sceriechpo
423 3820 682 3891 inaduentumhp
778 3817 1263 3889 3cumobeyDcmb.;dumpc

117 3907 229 3961 turbata
247 3908 363 3979 beqpp
382 3910 496 3977 Dcmd.;
514 3908 676 3963 conturbata
696 3926 768 3964 ooo
823 3912 838 3963 5
858 3908 1065 3977 transfigurabit
1084 3924 1097 3959 e
1155 3908 1171 3959 8
1192 3906 1264 3976 quod

116 4012 156 4064 φρ
175 3995 290 4064 Dcmh.;
308 3997 374 4067 qnid
394 3998 513 4067 obepo
589 3998 618 4052 ll
640 3996 673 4050 ob
693 3997 775 4051 olrico
796 3996 850 4051 d²c
928 3996 1019 4050 aldrico
1040 3994 1264 4099 cep;hafrig09

119 4114 151 4165 14
170 4113 313 4183 cecinerim
330 4131 349 4183 o
417 4114 450 4168 15
470 4114 570 4185 quippe
589 4114 661 4167 ibio
729 4114 762 4167 21
782 4114 836 4167 nisi
855 4112 960 4182 quode
1023 4113 1057 4165 23
1076 4116 1216 4181 tropaeum
1234 4128 1265 4179 o,-

118 4236 312 4307 trophaeumo
393 4240 428 4293 25
447 4253 524 4293 eecce
542 4216 635 4308 cedes,
653 4238 685 4293 irc
702 4255 788 4309 moro.
808 4215 913 4309 ¹poste
993 4238 1026 4291 26
1046 4236 1098 4291 nisi
1118 4238 1263 4305 antequam

118 4324 190 4392 quod
209 4324 285 4381 hice
356 4327 409 4381 nisi
428 4332 456 4380 et
474 4328 573 4382 omisso
592 4327 664 4397 quod
680 4344 700 4395 p
