3192 4959
312 476 377 538 284
657 472 684 527 S.
712 472 869 525 Aurelii
896 471 1113 541 Augustini

311 668 423 732 crinita
445 668 643 749 serpentibus
669 670 701 731 et
724 666 934 748 adspicientes
964 666 1168 731 concertabat
1194 666 1226 729 in
1254 665 1390 747 lapides;
1421 666 1455 729 de

311 773 566 855 Bellerophonte,
603 772 688 855 quod
725 792 805 855 equo
842 772 952 855 pennis
989 772 1118 835 uolente
1156 772 1198 836 sit
1238 776 1362 849 uectus,
1406 772 1455 854 qui

310 900 413 961 equus
440 880 583 963 Pegasus
612 880 716 945 dietus
745 886 807 957 est3
837 880 875 943 de
899 880 1087 961 Amphione,
1117 879 1202 962 quod
1225 879 1364 944 citharae
1389 900 1455 944 sua·

311 987 412 1050 nitate
434 986 557 1069 lapides
580 987 727 1051 mulserit
751 990 783 1050 et
806 986 990 1057 adtraxerim
1015 986 1052 1051 de
1071 986 1158 1051 fabro
1178 986 1318 1050 Daedalo
1338 987 1455 1051 eteius
1560 1064 1561 1067 Ἴ

311 1094 398 1158 lcaro
428 1094 504 1169 filio,
533 1093 617 1174 quod
642 1092 704 1157 sibi
731 1093 888 1175 coaptatis
911 1092 1015 1173 pinnis
1040 1092 1233 1167 uolauerint;
1264 1092 1302 1157 de
1326 1091 1490 1176 Oedipus
1560 1070 1561 1135 3

311 1200 396 1283 quod
424 1203 600 1265 monstrum
633 1199 802 1281 quoddam,
836 1218 915 1282 quae
945 1199 1085 1283 Sphinga
1118 1198 1289 1273 dicebatur,
1322 1200 1456 1263 humana

310 1308 390 1371 facie
419 1306 665 1389 quadrupedem,
694 1306 799 1369 solute
824 1324 902 1388 quae
927 1306 1045 1369 chilla
1072 1306 1206 1388 proponi
1229 1307 1347 1371 soleret
1370 1306 1457 1370 uelut

309 1414 477 1478 insolubili
512 1413 697 1496 quaestione
734 1432 791 1477 suo
831 1412 1015 1495 praecipitio
1053 1414 1152 1494 perire
1190 1413 1382 1495 conpulerit;
1422 1412 1456 1476 de

311 1522 442 1597 Antaeo,
480 1539 573 1603 quem
606 1520 735 1584 necanit
764 1519 931 1595 Hercules,
970 1519 1055 1601 quod
1091 1519 1177 1584 tilius
1214 1524 1314 1583 tanae
1352 1520 1456 1595 fuerit,
1561 1558 1562 1571 ι

309 1630 438 1709 propter
469 1626 554 1708 quod
585 1626 700 1690 cadens
732 1626 764 1689 in
791 1629 908 1689 terram
936 1626 1047 1690 fortior
1070 1628 1187 1691 soleret
1214 1627 1399 1709 adsurgere,
1428 1630 1492 1689 etro
1561 1618 1562 1621 ’

311 1733 339 1797 si
367 1753 430 1816 qua
455 1733 536 1797 sorte
564 1732 626 1796 alia
652 1731 860 1814 praetermisi.
888 1732 955 1797 Hae
983 1733 1108 1797 fabulae
1140 1734 1260 1798 bellum
1290 1732 1329 1797 ad
1357 1752 1456 1815 usque

310 1840 491 1917 Troianum,
529 1839 585 1903 uhi
621 1838 796 1904 secundum
829 1840 944 1903 librum
977 1840 1104 1904 Marcus
1138 1840 1235 1905 Varro
1274 1839 1311 1903 de
1348 1838 1456 1922 populi

310 1946 443 2011 Romani
480 1950 574 2031 gente
606 1946 721 2019 finiuit,
759 1966 794 2011 ex
837 1947 1002 2012 occasione
1040 1947 1258 2023 historiarum,
1292 1965 1371 2029 quae
1409 1966 1456 2010 res

311 2055 466 2118 ueraciter
495 2057 603 2137 gestas
631 2054 804 2131 continent,
835 2054 881 2118 ita
910 2056 985 2119 sunt
1007 2054 1143 2138 ingeniis
1167 2054 1331 2118 hominum
1355 2054 1455 2130 fictae,
1562 2120 1563 2131 ,

310 2164 348 2225 ut
370 2180 430 2225 uon
454 2161 519 2225 sint
541 2161 718 2243 obprobriis
742 2161 906 2225 numinum
926 2160 1054 2227 adfixae.
1074 2161 1170 2225 Porro
1191 2163 1296 2225 autem
1318 2160 1456 2242 quicum-
1474 2178 1494 2217 u

312 2286 372 2350 que
400 2267 555 2332 finxerunt
582 2269 699 2332 alone
722 2267 762 2331 ad
785 2271 931 2348 stuprum
955 2272 1079 2349 raptum
1110 2266 1358 2349 pulcherrimum
1382 2286 1455 2348 pua-

309 2394 379 2437 rum
404 2372 630 2456 Ganymedem,
654 2374 737 2455 quod
762 2372 850 2437 ne‘las
873 2393 926 2437 rex
944 2374 1095 2439 Tantalus
1114 2373 1191 2438 fecit
1210 2376 1241 2437 et
1259 2374 1330 2437 loni
1349 2373 1455 2437 fabula

308 2480 431 2557 tribuit,
455 2481 508 2543 uel
530 2480 655 2545 Danaes
679 2498 735 2561 per
756 2480 891 2543 imbrem
911 2498 1041 2544 aureum
1063 2479 1222 2561 adpetisse
1241 2480 1455 2555 concubitum,

310 2586 365 2650 ubi
390 2586 588 2671 intellegitur
613 2586 769 2669 pudicitia
796 2586 939 2650 mulieris
969 2606 1044 2651 auro
1072 2586 1173 2652 inisse
1197 2590 1353 2667 corrupta,
1377 2604 1455 2669 quae

308 2692 374 2757 illis
398 2694 595 2775 temporibus
618 2695 671 2756 uel
693 2694 778 2757 facta
800 2694 854 2757 uel
876 2693 951 2757 ficta
974 2697 1059 2771 sunt,
1084 2697 1140 2757 aut
1161 2694 1245 2757 facta
1268 2693 1306 2757 ab
1331 2692 1401 2757 aliis
1426 2694 1456 2755 et
1472 2708 1493 2745 n
1563 2698 1564 2709 ¹

307 2799 383 2863 ficta
415 2798 453 2863 de
484 2801 572 2876 Ioue,
606 2798 668 2863 dici
701 2818 761 2863 nou
793 2803 901 2883 potest
934 2804 1086 2881 qnantum
1119 2800 1197 2863 mali
1225 2799 1262 2863 de
1292 2800 1454 2864 hominnm

307 2907 556 2988 praesumserint
580 2906 737 2983 cordibus,
762 2906 847 2988 quod
870 2910 1001 2989 possent
1018 2907 1082 2970 ista
1099 2906 1255 2988 patienter
1273 2906 1352 2970 ferre
1370 2925 1454 2969 men·

310 3012 410 3090 dacia,
443 3031 522 3093 qnae
555 3016 659 3075 tamen
693 3012 789 3077 etiam
816 3012 952 3077 libenter
980 3012 1115 3095 amplexi
1142 3014 1227 3077 aunt.
1257 3010 1320 3090 Qui
1347 3013 1453 3093 utique

309 3122 426 3201 quanto
465 3119 613 3182 deuotius
650 3120 758 3183 Iouem
789 3120 907 3199 colunt,
935 3122 1023 3185 tanto
1053 3138 1118 3197 eos,
1147 3119 1200 3201 qui
1228 3119 1306 3183 haec
1335 3120 1371 3183 de
1397 3118 1452 3182 illc

311 3225 414 3289 dicere
441 3224 511 3288 ausi
538 3228 623 3301 suut,
653 3227 795 3290 seuerius
824 3226 935 3307 punire
965 3226 1151 3291 debuerunt.
1180 3224 1273 3291 Nunc
1298 3245 1371 3289 uero
1393 3246 1452 3289 non
1469 3244 1492 3283 a

309 3333 413 3395 solum
446 3332 503 3409 eis,
537 3331 591 3412 qui
621 3332 685 3396 ista
715 3332 880 3407 finxerunt,
914 3332 985 3417 irati
1018 3352 1078 3397 non
1112 3336 1196 3410 sunt,
1230 3333 1287 3397 sed
1316 3332 1453 3397 uitalia

308 3438 459 3521 figmenta
486 3438 583 3502 etiam
610 3438 642 3503 in
669 3438 804 3504 theatris
834 3444 972 3523 agerent,
1000 3440 1087 3522 ipsos
1117 3439 1192 3503 deos
1220 3439 1330 3521 potius
1357 3441 1452 3503 iratos

308 3546 422 3609 habere
446 3546 631 3609 timuerunt
659 3546 719 3610 His
742 3546 940 3628 temporibus
968 3547 1088 3611 Latona
1115 3545 1294 3628 Apollinem
1323 3546 1452 3630 peperit,

309 3672 369 3717 non
392 3653 495 3727 illum,
524 3652 615 3717 cuius
639 3653 766 3718 oracula
789 3654 890 3718 solere
914 3654 1037 3719 consuli
1067 3652 1212 3735 superius
1235 3653 1451 3736 loquebamur,

344 3844 360 3897 2
378 3842 558 3896 heHoroionte
574 3860 634 3911 91²5
651 3844 845 3897 bellereircnte
863 3861 878 3897 e
939 3844 1029 3913 pinnis
1049 3862 1063 3897 e
1081 3844 1180 3898 Domb.
1231 3846 1247 3899 3
1267 3844 1398 3913 anphiona
1412 3858 1452 3911 ep

308 3934 326 3986 4
352 3932 487 3985 mulserit.
510 3932 519 3984 i
543 3948 578 3987 aa.
602 3935 622 3985 2
643 3932 675 3985 in
699 3949 713 3986 e
736 3949 816 3995 corr,
838 3950 856 4001 p
964 3934 1021 3986 eius
1045 3934 1116 3986 icaro
1144 3948 1221 3999 aucep
1248 3932 1325 3987 Icaro
1353 3932 1408 3985 eins
1435 3948 1450 3984 o

309 4020 545 4090 hoedippoepp
614 4022 745 4090 6spinga
765 4038 806 4089 ep
875 4022 1060 4075 isolutame
1132 4019 1451 4091 nolentemque,-

309 4109 695 4178 soletqpn5solehetefo
766 4110 902 4163 9antheo
922 4128 961 4179 ep
1038 4111 1151 4179 negauit
1169 4109 1231 4179 0¹9¹
1302 4108 1451 4177 herculisq

311 4202 341 4253 ll
362 4199 463 4251 bellum
482 4197 619 4267 adusque
638 4215 715 4265 mas.;
733 4198 767 4251 ad
787 4200 886 4253 bellum
906 4216 1025 4268 usqueo
1077 4202 1109 4253 15
1129 4200 1311 4269 abpropriise
1358 4198 1388 4251 21
1405 4198 1449 4261 uel

308 4288 404 4341 fictae
499 4288 534 4340 24
554 4285 587 4339 de
606 4286 653 4339 illo
673 4304 723 4340 om.
745 4306 767 4356 ρ,
785 4288 899 4341 inclusit
918 4288 1015 4341 Domh.
1114 4288 1149 4341 25
1168 4288 1226 4341 ausi
1246 4290 1309 4341 snut
1327 4286 1450 4353 dicerep

309 4379 342 4432 26
361 4377 506 4447 pinxerunt
524 4393 539 4429 e
592 4376 626 4429 28
646 4376 752 4444 peperit
770 4378 859 4446 Apoll.
878 4394 894 4433 v
