3192 4959
336 465 387 518 De
416 466 590 518 ciuitate
619 463 681 518 dei
707 464 773 518 lib.
797 462 898 517 XVIII.
924 480 998 532 cap.
1023 464 1049 517 2.
1073 464 1098 516 3.
1229 466 1291 529 271

142 678 199 723 auo
238 678 349 723 eorum
386 659 545 723 Abraham
583 660 686 723 adhuc
728 659 857 722 uiuente
895 662 927 721 et
968 662 1095 723 centum
1134 658 1296 743 sexaginta

142 766 256 830 aetatis
289 784 385 830 anuos
419 771 542 850 agente,
571 767 625 848 qui
654 766 789 847 expietis
818 769 945 830 centum
976 766 1178 849 septuaginta
1207 766 1295 847 quin-

142 894 201 955 que
226 873 396 937 defunctus
420 877 479 950 est,
503 874 709 956 regnantibus
733 876 811 954 aput
833 872 981 955 Assyrios
1004 872 1103 937 Xerse
1131 874 1187 937 iIIo
1216 874 1295 936 anti-

141 979 261 1061 quiore,
287 979 341 1060 qui
374 979 469 1043 etiam
493 978 610 1043 Beleus
641 979 825 1057 uocabatur,
861 983 892 1042 et
920 982 997 1061 aput
1025 978 1188 1062 Sicyonios
1212 978 1295 1043 'Ibu-

112 1086 235 1163 artace,
270 1104 364 1166 quern
401 1084 529 1167 quidam
563 1085 815 1149 Thurimachum
849 1085 1001 1162 scribunt,
1036 1085 1181 1167 septimis
1214 1085 1294 1168 regi-

141 1192 209 1255 bus.
234 1192 382 1275 Regnum
406 1194 514 1254 autem
537 1192 731 1274 Argiuorum
755 1192 853 1255 simul
873 1210 945 1255 curn
964 1191 1107 1255 Abrahae
1126 1192 1294 1273 nepotibus

141 1301 245 1361 ortum
270 1301 329 1375 est,
354 1296 409 1361 ubi
433 1296 555 1378 primus
577 1298 725 1379 regnauit
745 1298 891 1362 Inachus.
917 1296 1010 1375 Sane,
1035 1298 1119 1381 quod
1139 1300 1293 1379 praetere-

141 1404 261 1467 undum
299 1422 359 1467 non
395 1403 467 1480 fuit,
505 1404 599 1467 etiam
632 1406 709 1485 aput
746 1403 927 1486 sepulcrum
969 1405 1096 1487 septimi
1130 1405 1180 1469 sui
1210 1404 1294 1486 regis

142 1509 295 1574 Thurieci
315 1509 491 1573 sacrificare
516 1510 680 1593 Sicyonios
705 1511 805 1575 solere
832 1512 928 1575 Verro
952 1512 1056 1576 refert.
1076 1511 1294 1595 Regnantibus

100 1636 122 1673 ιο
139 1635 230 1697 porro
266 1616 389 1681 octauis
424 1617 564 1701 regibus,
601 1617 790 1683 Armamitre
825 1618 1039 1701 Assyriorum,
1074 1617 1294 1701 Sicyoniorum

139 1723 301 1805 Leucippo
335 1726 368 1787 et
398 1724 499 1807 primo
528 1723 719 1808 Argiuorum
752 1725 869 1789 Inacho
904 1725 992 1789 Deus
1021 1726 1148 1789 Iocutus
1178 1727 1227 1787 est
1255 1722 1294 1786 ad

138 1831 229 1893 Isaac
263 1830 367 1913 adque
399 1830 462 1911 ipsi
495 1850 619 1913 quoque
652 1831 772 1909 eadem,
807 1851 887 1914 quae
920 1830 1003 1914 patri
1036 1832 1116 1905 eiua,
1148 1831 1210 1896 duo
1239 1829 1295 1893 illa

138 1936 298 2017 promsit,
336 1935 448 1999 semim
485 1935 610 2000 scilieet
647 1937 715 2000 eius
754 1940 873 2001 terram
912 1936 1057 2001 Chanaau
1097 1939 1128 2001 et
1158 1936 1191 2000 in
1225 1936 1293 2000 eius

139 2042 260 2106 semine
284 2041 536 2107 benedictionem
561 2046 745 2107 cunctarum
769 2044 923 2127 gentium.
943 2042 1031 2107 Haec
1050 2044 1120 2125 ipsa
1137 2042 1296 2125 promissa

97 2152 213 2213 nsunt
238 2149 336 2213 etiam
358 2148 425 2213 filio
449 2150 527 2223 eius,
546 2150 654 2232 nepoti
672 2150 827 2228 Abrahae,
848 2150 902 2232 qui
922 2153 972 2213 est
992 2151 1172 2233 appellatus
1192 2148 1292 2232 primo

136 2256 246 2333 Iacob,
279 2258 353 2339 post
379 2257 489 2333 Israel,
518 2274 591 2320 oum
618 2257 682 2320 iarn
711 2256 848 2320 Beloous
877 2275 929 2320 rex
953 2275 1055 2320 nonus
1087 2256 1236 2339 Assyriae
1262 2251 1295 2318 et

140 2362 331 2428 Phoroneus
358 2362 467 2425 Inachi
493 2362 579 2426 filius
609 2362 767 2427 secundus
794 2366 941 2446 regnaret
968 2363 1106 2447 Argiuis,
1134 2363 1293 2445 Leucippo

141 2470 249 2533 adhuc
288 2472 366 2551 aput
398 2468 563 2551 Sicyonios
595 2472 806 2551 permanente.
841 2469 900 2535 His
933 2470 1128 2553 temporibus
1163 2466 1295 2534 Graecia

140 2576 200 2639 sub
230 2575 397 2639 Phoroneo
425 2575 576 2659 Argolico
603 2595 677 2660 rege
700 2576 809 2659 legum
833 2580 866 2640 et
888 2575 1078 2640 iudiciorum
1103 2574 1293 2657 quibusdam

96 2704 121 2745 eo
139 2682 258 2747 clarior
284 2681 369 2745 facta
396 2686 446 2747 est
468 2681 636 2746 institutis.
665 2682 813 2765 Phegous
842 2687 948 2746 tamen
977 2682 1072 2747 frater
1094 2683 1189 2747 huius
1214 2682 1293 2745 Pho·

137 2788 228 2853 ronei
255 2787 359 2851 iunior
388 2807 458 2852 cum
484 2792 569 2853 esset
591 2793 747 2866 mortuus,
772 2790 811 2853 ad
840 2790 909 2854 eius
934 2791 1113 2872 sepulcrum
1138 2788 1293 2872 tempium

137 2898 187 2960 est
211 2895 438 2971 constitutum,
463 2895 494 2958 in
520 2915 581 2978 quo
605 2894 762 2959 coleretur
784 2900 822 2961 ut
844 2896 930 2960 Deus
955 2900 987 2961 et
1013 2896 1041 2960 ei
1064 2897 1163 2961 boues
1183 2896 1295 2959 immo·

135 3002 294 3065 larentur.
324 3001 423 3066 Credo
452 3002 569 3067 honore
596 3005 684 3067 tanto
713 3002 784 3067 ideo
815 3004 945 3087 dignum
974 3006 1135 3085 putarunt,
1165 3002 1238 3085 quia
1261 3001 1292 3066 in

135 3108 230 3192 regui
261 3108 312 3171 sui
341 3110 429 3190 parte
456 3106 560 3193 (pater
588 3109 704 3193 quippe
737 3109 807 3173 loca
835 3111 989 3174 ambobus
1018 3110 1233 3185 distribuerat
1262 3110 1293 3173 in

94 3239 119 3279 a
137 3214 259 3297 quibus
299 3233 335 3277 eo
375 3214 504 3279 uiuente
541 3215 720 3300 regnarent)
757 3217 820 3281 iste
858 3217 974 3281 sacella
1014 3216 1221 3281 constituerat
1254 3215 1293 3278 ad

137 3321 295 3387 colendos
334 3320 409 3385 deos
446 3324 479 3385 et
515 3321 666 3386 docuerat
703 3322 862 3387 obseruari
901 3328 1045 3405 tempora
1076 3342 1132 3405 per
1168 3342 1293 3386 menses

136 3427 245 3511 adque
274 3444 383 3501 annos,
412 3426 488 3508 quid
517 3446 624 3492 eorum
658 3434 814 3509 quatenus
843 3429 1028 3493 metirentur
1056 3429 1156 3510 adque
1187 3446 1293 3491 nume-

136 3536 255 3598 rarent.
280 3531 425 3595 Haecin
449 3552 485 3598 eo
510 3552 593 3598 noua
615 3534 765 3597 mirantes
789 3534 883 3599 rudes
909 3534 1011 3599 adhuc
1030 3535 1175 3599 homines
1195 3538 1294 3597 morte

135 3640 227 3704 obita
260 3638 356 3702 deum
390 3658 459 3704 esse
492 3639 612 3704 factum
646 3640 715 3705 siue
748 3640 867 3722 opinati
905 3644 979 3705 sunt
1012 3642 1079 3705 siue
1113 3641 1293 3704 uoluerunt.

92 3746 221 3812 aoNam
257 3747 292 3810 et
323 3745 358 3808 Io
390 3744 456 3809 filia
488 3746 597 3810 Inachi
629 3747 728 3811 fuisse
761 3747 954 3830 perhibetur,
984 3767 1064 3829 quae
1093 3750 1204 3830 postea
1231 3747 1292 3812 Isis

135 3852 305 3936 appellata
334 3855 370 3915 ut
397 3870 511 3935 magna
539 3853 597 3917 dea
626 3855 713 3918 culta
741 3856 790 3919 est
818 3854 850 3917 in
873 3854 1033 3938 Aegypto;
1063 3853 1209 3937 quamuis
1239 3854 1293 3917 aIii

170 4082 188 4133 3
206 4094 288 4132 xerse
304 4094 323 4129 a
333 4075 360 4130 b¹
371 4093 385 4131 e
392 4094 437 4181 pp
448 4098 462 4150 ρ
472 4097 490 4129 α
503 4083 524 4142 f
537 4078 652 4144 Domb.;
665 4095 743 4132 xerxe
754 4078 807 4132 b²o
853 4080 870 4132 4
885 4078 1008 4132 thuriaco
1025 4096 1043 4131 a
1051 4096 1111 4147 pp5
1125 4078 1246 4148 tyriacho
1263 4080 1291 4145 b,-

134 4195 264 4264 thyriaco
284 4211 343 4265 pa‚·
359 4192 425 4246 thiri
436 4193 485 4247 cho
501 4210 515 4247 e
550 4196 567 4247 5
580 4194 781 4247 thurimachum
797 4212 816 4247 a
824 4211 884 4265 pp,·
897 4194 1075 4264 thyrimacum
1096 4194 1135 4264 hp
1148 4214 1179 4261 α,·
1197 4194 1292 4248 thitia-

133 4283 300 4337 machume
346 4281 490 4351 Ssollere,
509 4299 589 4337 eram
607 4298 634 4347 u,
651 4300 669 4353 p
720 4286 751 4337 11
772 4284 910 4353 Leucippo
931 4284 1070 4352 Sicyone
1122 4285 1154 4337 16
1175 4285 1293 4351 assyriae

136 4371 334 4441 abepppar
353 4369 502 4439 Aneyriisv
557 4371 592 4424 22
612 4375 655 4423 est
672 4388 723 4426 om.
744 4370 769 4424 e²
