3192 4959
360 457 411 512 De
440 459 616 512 ciuitate
644 458 706 511 dei
735 457 801 515 lib.
829 457 929 511 XVIII.
959 475 1034 528 cap.
1063 460 1106 515 54.
1243 461 1306 524 361

155 652 280 718 Deinde
303 655 378 735 post
397 651 607 737 quadraginta
626 652 693 717 dies
713 651 880 717 adscendit
898 653 929 716 in
950 654 1087 729 caelum;
1108 654 1182 735 post
1201 652 1309 718 decem

154 759 236 838 dies,
269 759 304 823 id
336 762 386 824 est
418 758 704 843 quinquagensimo
736 763 813 841 post
840 778 932 823 suam
960 759 1223 825 resurrectionem
1247 759 1308 836 die,

153 865 247 930 misit
274 866 429 948 Spiritum
457 871 613 930 sanctum.
642 864 730 930 'Iunc
757 866 819 929 tria
846 865 935 931 milia
962 865 1127 930 hominum
1155 865 1309 948 apostolis

153 992 230 1037 oum
263 972 521 1055 praedicantibus
554 972 765 1037 crediderunt.
794 972 882 1036 Tunc
910 972 1019 1054 itaque
1052 971 1188 1037 nominis
1219 972 1309 1036 illius

121 1078 265 1143 scultus
294 1098 423 1145 exorsus
447 1082 507 1154 est,
536 1077 621 1143 sicut
643 1098 702 1143 nos
726 1079 885 1143 credimus
914 1082 947 1142 et
970 1078 1089 1144 ueritas
1114 1079 1219 1157 habet,
1244 1078 1309 1143 effi-

152 1185 245 1249 cacia
279 1184 417 1267 Spiritus
451 1186 566 1261 sancti3
601 1186 687 1250 sicut
718 1188 826 1250 autem
858 1185 948 1249 finxit
979 1185 1105 1250 uanitas
1137 1185 1224 1269 inpia
1255 1186 1309 1249 uel

150 1290 295 1373 putauit,
324 1292 457 1376 magicIs
486 1291 609 1356 artibus
631 1292 730 1356 Petri.
759 1292 860 1357 Paulo
883 1294 957 1373 post
982 1292 1077 1355 etiam
1102 1292 1193 1375 signo
1217 1290 1309 1355 mira·

151 1398 213 1461 bili
247 1398 344 1474 facto,
374 1396 498 1479 quando
527 1396 567 1459 ad
591 1397 725 1462 uerbum
754 1396 858 1480 ipsius
881 1397 967 1461 Petri
992 1396 1120 1479 quidam
1144 1396 1310 1461 mendicus

151 1504 192 1568 ab
230 1507 321 1568 utero
354 1503 464 1567 matris
497 1504 544 1567 ita
577 1503 721 1580 claudus,
753 1507 791 1568 ut
823 1504 862 1568 ab
895 1505 967 1569 aliis
998 1506 1178 1585 portaretur
1209 1508 1242 1568 et
1271 1504 1310 1567 ad

108 1639 133 1677 ιο
150 1614 284 1693 portam
306 1610 430 1691 templi,
454 1609 511 1673 ubi
534 1609 649 1692 stipem
673 1612 805 1691 peteret,
829 1613 1007 1693 poneretur,
1031 1610 1062 1673 in
1087 1610 1214 1675 nomine
1236 1610 1310 1674 Iesu

151 1715 279 1782 Christi
308 1715 419 1779 saluus
448 1714 599 1789 exsiliuit,
629 1715 768 1797 quinque
791 1716 955 1781 hominnm
984 1716 1073 1780 milia
1095 1715 1310 1793 crediderunt3

150 1842 189 1889 ac
215 1822 332 1887 deinde
357 1822 428 1887 aliis
452 1821 554 1905 adque
578 1821 650 1887 aliis
674 1822 858 1887 accessibus
877 1820 1072 1889 credentium
1092 1824 1194 1888 creuit
1212 1826 1309 1889 cecle-

149 1931 211 1995 sia
247 1930 297 1994 Ac
329 1948 385 2012 per
415 1928 477 1994 hoc
509 1928 673 2013 colligitur
705 1928 802 1993 etiam
834 1928 913 2005 dies,
946 1948 982 1993 er
1015 1948 1078 2010 quo
1112 1948 1212 1993 annus
1241 1929 1310 2012 ipsa

149 2036 278 2101 sumsit
303 2035 442 2110 initium,
471 2035 596 2101 scilicet
624 2035 749 2117 quando
777 2035 898 2099 missus
927 2038 977 2099 est
1000 2035 1139 2117 Spiritus
1168 2040 1309 2108 sanctus,

107 2171 131 2208 as
149 2143 184 2207 id
211 2149 267 2206 est
289 2161 345 2224 per
367 2142 444 2207 Idus
467 2142 580 2205 Maias.
603 2142 788 2208 Numeratis
811 2141 941 2224 proinde
970 2142 1154 2207 consulibus
1178 2143 1311 2207 trecenti

149 2249 325 2332 sexaginta
352 2249 492 2330 quinque
521 2250 594 2313 anni
620 2249 821 2331 reperiuntur
846 2248 960 2332 inpleti
986 2268 1043 2332 per
1062 2249 1203 2313 easdem
1234 2249 1311 2313 Idus

149 2356 329 2421 consulatu
353 2354 488 2419 Honorii
511 2357 543 2417 et
566 2354 767 2436 Eutychiani.
791 2355 887 2420 Porro
907 2356 1052 2437 sequenti
1073 2374 1162 2435 anno,
1182 2354 1312 2420 consule

148 2462 272 2527 Mallio
297 2461 473 2539 Theodoro,
504 2460 628 2542 quando
656 2461 720 2524 iam
749 2460 927 2527 secundum
950 2462 1030 2527 illud
1055 2463 1217 2527 oraculum
1241 2462 1311 2525 dae-

149 2588 293 2633 monum
326 2574 382 2631 aut
414 2567 602 2651 figmentum
634 2566 800 2631 hominum
833 2568 921 2632 nulla
953 2587 1023 2633 esse
1057 2566 1168 2632 debuit
1199 2567 1310 2651 religio

100 2706 129 2744 ευ
150 2673 352 2752 Christiana,
377 2674 453 2756 quid
476 2692 532 2755 per
555 2673 634 2737 alias
658 2676 812 2738 terrarum
835 2678 942 2756 partes
965 2675 1098 2739 forsitan
1116 2675 1237 2740 factum
1258 2672 1311 2749 sit,

149 2803 215 2847 non
241 2780 307 2845 fuit
331 2799 460 2844 necesse
484 2780 679 2862 perquirere3
704 2780 840 2857 interim,
865 2782 950 2863 quod
974 2782 1104 2861 scimus,
1127 2782 1159 2845 in
1179 2780 1311 2845 ciuitate

148 2887 330 2953 notissima
353 2890 386 2951 et
414 2886 667 2960 eminentissima
690 2885 880 2971 Carthagine
903 2886 1028 2952 Africae
1058 2886 1256 2952 Gaudentius
1281 2890 1312 2951 et

146 2995 269 3061 Ionius
299 2993 433 3057 comites
461 2992 661 3075 imperatoris
688 2992 823 3058 Honorii
855 2997 965 3076 quarto
994 2994 1117 3059 decimo
1150 2994 1311 3059 Kalendas

146 3101 280 3186 Aprilis
308 3100 463 3164 falsorum
491 3098 622 3164 deorum
651 3100 771 3181 templa
799 3104 980 3166 auerterunt
1003 3105 1036 3166 et
1060 3101 1230 3165 simulacra
1252 3102 1311 3165 fre-

99 3242 127 3283 ᾖ
147 3212 286 3293 gerunt.
320 3206 365 3270 En
397 3224 459 3287 quo
492 3224 594 3288 usque
627 3205 667 3268 ad
700 3206 759 3269 hoc
792 3207 920 3289 tempus
952 3226 1008 3290 per
1044 3206 1177 3291 triginta
1212 3207 1311 3271 ferme

147 3332 258 3380 annos
284 3313 354 3393 quis
379 3330 440 3376 non
463 3312 574 3375 uideat
597 3315 751 3393 quantum
776 3314 910 3377 creuerit
934 3316 1040 3377 cultus
1065 3314 1200 3378 nominis
1225 3313 1311 3378 Chri-

147 3423 208 3486 sti.
236 3418 423 3502 praesertim
448 3421 561 3500 postea
584 3437 679 3501 quam
698 3419 793 3482 multi
813 3438 921 3485 eorum
942 3420 1111 3486 Christiani
1129 3420 1206 3485 facti
1226 3423 1311 3496 sunt,

146 3528 210 3611 qui
237 3529 403 3607 tamquam
427 3544 504 3589 uera
525 3526 582 3589 illa
600 3524 795 3590 diuinatione
814 3526 1044 3592 reuocabantur
1063 3548 1081 3592 a
1099 3526 1159 3591 fida
1179 3546 1311 3609 eamque

145 3634 309 3715 conplete
338 3632 447 3695 eodem
477 3650 607 3696 numero
636 3650 788 3695 annorum
815 3632 940 3699 inanem
968 3633 1194 3716 ridendamque
1226 3633 1311 3697 uide-

250 3844 268 3896 8
289 3843 349 3897 Act.
369 3842 394 3907 3,
412 3844 430 3896 2
450 3859 508 3912 sqq.

188 3985 400 4052 5efflcarjrtiae
436 3985 552 4055 lpaulo
571 4004 606 4041 cr.
625 3990 645 4039 2
663 3986 775 4040 lineolis
793 3985 938 4039 deletamc
977 3983 1009 4038 10
1028 3960 1067 4047 ut,
1086 3984 1118 4037 in
1130 3941 1312 4051 mor9.dbi‚c

149 4080 185 4135 ll
210 4073 321 4131 Christi
339 4090 425 4143 onnp
488 4074 720 4143 exiliuitbqpc;
740 4074 835 4127 exiluit
855 4072 1012 4127 aeDomb.
1086 4072 1311 4126 milichom.oo

148 4195 187 4249 17
210 4189 392 4259 consonus
447 4190 489 4244 ιι.
511 4188 543 4243 rs
563 4156 671 4256 conabo
690 4190 779 4260 areop
852 4188 945 4242 manno
956 4204 1019 4256 pa·
1036 4187 1119 4241 marro
1139 4186 1180 4240 ce
1198 4186 1312 4251 nonno,-

146 4282 211 4337 alio
236 4295 257 4331 a
318 4278 353 4332 22
373 4281 401 4332 et
419 4278 547 4335 eminent.
567 4294 619 4332 ono.
638 4278 664 4332 οἱ
714 4280 748 4332 23
767 4276 868 4331 ·XlIII·
888 4276 934 4333 KI.
954 4276 1048 4345 aprilis
1062 4293 1084 4345 p
1139 4276 1173 4329 25
1192 4278 1312 4344 termep

147 4372 188 4427 29
209 4384 348 4424 annorum
365 4383 474 4422 numo
