3192 4959
268 463 333 525 216
620 460 647 513 S.
674 459 832 513 Aurelii
860 458 1075 528 Augustini

268 654 306 718 de
329 659 412 719 terra
435 652 608 717 suscitauit
630 656 696 716 tum
720 651 794 729 cito,
819 655 857 715 ut
880 670 951 717 caro
972 654 1040 717 eius
1061 671 1121 717 non
1141 653 1265 718 uideret
1288 674 1418 737 corrup·

267 762 397 827 tionem.
429 760 496 825 Nec
527 760 608 824 iliud
645 759 683 822 ab
718 759 773 823 illo
807 758 960 833 alienabo,
994 758 1077 841 quod
1106 758 1250 825 additum
1278 764 1342 825 est:
1371 762 1420 825 Et

269 869 311 932 de
336 872 505 933 stercore
529 866 646 951 erigit
663 866 821 947 inopem.
841 867 937 947 Inops
957 867 1073 949 quippe
1092 866 1187 945 idem,
1208 868 1261 950 qui
1280 888 1417 952 pauper;

266 978 390 1040 stercus
413 994 501 1051 uero,
523 975 608 1038 unde
632 976 756 1038 erectus
781 977 841 1051 est,
865 974 1043 1038 rectissime
1062 974 1294 1058 intelleguntur
1310 995 1417 1058 perse·

268 1087 393 1146 cutores
422 1082 542 1156 Iudaei,
571 1082 603 1145 in
628 1099 762 1162 quorum
782 1099 913 1145 numero
939 1098 1009 1145 cum
1035 1100 1068 1145 se
1093 1080 1225 1145 dixisset
1249 1084 1417 1164 apostolus
1451 1104 1466 1142 ε

268 1188 435 1252 ecclesiam
463 1191 682 1270 persecutum:
713 1185 814 1266 Quae
842 1187 933 1251 mihi
960 1188 1126 1263 fuerunt,
1153 1188 1269 1269 iuquit,
1298 1190 1416 1265 lucre.

268 1294 362 1359 haec
389 1299 544 1377 propter
571 1293 763 1359 Christum
792 1294 923 1357 damna
951 1312 1034 1358 esse
1064 1294 1164 1368 duxi;
1198 1312 1264 1359 nec
1293 1296 1417 1359 solum

268 1401 506 1477 detrimenta.
530 1420 659 1465 uerum
685 1402 798 1465 etiam
823 1404 992 1465 stercora
1016 1400 1235 1465 existimaui
1260 1419 1352 1478 esse,
1371 1407 1418 1465 nt

267 1508 461 1572 Christum
485 1508 582 1571 lucri
606 1508 778 1571 facerem.
809 1508 856 1571 De
880 1510 963 1571 terre
986 1526 1060 1591 ergo
1085 1508 1262 1572 suscitatus
1286 1510 1336 1573 est
1357 1508 1416 1571 ille

267 1632 364 1696 supra
391 1632 499 1678 omnes
529 1614 647 1678 diuites
674 1633 804 1696 pauper.
834 1617 866 1677 et
894 1613 932 1678 de
960 1614 1016 1678 illo
1042 1616 1180 1679 stercore
1211 1618 1334 1678 erectus
1362 1618 1417 1679 est
1438 1638 1467 1677 ro

266 1738 363 1802 supra
395 1739 504 1785 omnes
539 1721 707 1802 opulentos
739 1721 796 1785 ille
828 1721 929 1801 inops,
962 1726 1000 1784 ut
1032 1720 1142 1785 sedeat
1174 1740 1255 1785 cum
1287 1724 1417 1803 poten·

266 1827 372 1892 tibus
409 1828 552 1910 populi,
589 1827 707 1910 quibus
745 1827 802 1891 ait:
844 1827 1036 1892 Sedebitis
1070 1846 1181 1909 super
1215 1827 1415 1893 duodecim

267 1933 387 2008 sedes,
412 1937 449 1997 et
473 1932 598 1997 sedem
622 1932 766 2017 gloriae
790 1933 1044 1997 hereditatem
1068 1933 1157 1999 dans
1182 1934 1251 2010 eis;
1272 1934 1417 1998 dixerant

267 2040 352 2104 enim
375 2044 521 2123 potentes
544 2040 607 2104 illi:
636 2041 731 2104 Ecce
754 2059 821 2105 nos
845 2039 1059 2105 dimisimus
1084 2041 1207 2105 omnia
1229 2044 1266 2104 et
1289 2044 1416 2105 secuti

266 2165 396 2211 sumus
419 2150 466 2212 tc.
490 2147 559 2211 Hoc
583 2149 696 2211 uotum
719 2146 943 2229 potentissime
965 2149 1130 2211 uouersnt.
1160 2146 1223 2211 Sed
1245 2147 1327 2211 unde
1350 2147 1415 2211 hoc
1438 2168 1467 2207 u

265 2254 323 2329 eis,
356 2253 419 2317 uisi
451 2253 489 2317 ab
522 2254 589 2329 illo,
624 2253 661 2317 de
694 2272 756 2334 quo
789 2253 841 2317 hic
874 2252 1024 2318 continuo
1057 2252 1177 2317 dictum
1212 2256 1277 2318 est:
1311 2254 1414 2318 Dans

264 2363 395 2424 uotum
418 2360 598 2425 uouenti?
621 2359 770 2442 Alioquin
796 2379 831 2423 ex
851 2360 915 2424 illis
936 2364 1043 2425 essent
1060 2360 1256 2441 potentibus,
1277 2378 1415 2441 quorum

266 2465 442 2531 infirmatus
476 2470 525 2531 est
557 2486 657 2532 urens.
691 2467 800 2544 Dans,
832 2466 947 2549 inquit,
980 2470 1110 2531 uotum
1142 2466 1308 2531 uouenti.
1338 2464 1414 2531 Non

187 2592 192 2597 ·
265 2572 348 2636 enim
377 2572 512 2637 Domino
542 2572 709 2654 quisquam
738 2572 910 2654 quidquam
943 2575 1064 2636 rectum
1094 2577 1237 2649 uoueret,
1266 2572 1326 2636 nisi
1356 2576 1417 2655 qni

265 2678 305 2742 ab
342 2679 398 2743 illo
436 2680 594 2760 acciperet
630 2678 714 2760 qnod
751 2683 892 2743 uoueret.
932 2676 1096 2760 Sequitur:
1134 2680 1182 2743 nt
1219 2679 1416 2745 benedixit
1439 2704 1469 2745 no

265 2802 380 2848 annos
403 2785 512 2862 iusti,
537 2788 575 2848 ut
598 2804 670 2849 oum
695 2784 751 2849 illo
775 2785 900 2849 scilicet
923 2786 992 2849 sine
1015 2786 1075 2849 fine
1098 2786 1199 2862 uiuat,
1220 2784 1270 2850 cui
1290 2786 1416 2850 dictum

265 2896 330 2954 est:
358 2892 404 2955 nt
432 2892 516 2955 anni
543 2892 599 2956 tui
626 2910 695 2955 non
725 2890 918 2959 deficient.
953 2892 1003 2957 Ibi
1035 2893 1117 2956 enim
1143 2892 1334 2968 stacteum,
1357 2892 1417 2957 hie

264 3000 371 3061 utitem
396 3000 572 3074 transcunt,
597 2998 695 3063 immo
718 3000 866 3079 pereunt;
892 3002 1060 3081 antequam
1084 3000 1216 3063 ueniant
1238 2999 1330 3075 enim,
1349 3018 1418 3065 non

264 3107 353 3177 sunt;
387 3122 460 3167 oum
492 3106 600 3167 autem
632 3105 785 3181 uenerint,
820 3124 880 3170 non
914 3110 1015 3183 erunt,
1050 3107 1124 3187 quin
1157 3125 1230 3170 cum
1264 3122 1320 3169 suo
1349 3104 1417 3169 tine

263 3211 407 3274 ueniunt.
426 3210 548 3276 Horum
569 3214 674 3275 autem
695 3212 842 3287 dirorum,
861 3212 893 3275 id
914 3215 964 3276 est
983 3212 1072 3276 dans
1092 3216 1221 3277 uotum
1242 3212 1415 3287 uouenti,
1439 3234 1468 3275 s

264 3321 298 3379 et
319 3317 516 3382 benedixit
539 3336 654 3382 annos
678 3318 784 3396 insti,
809 3338 907 3382 unum
933 3319 1083 3401 estquod
1109 3320 1255 3395 facimus,
1276 3318 1414 3383 alterum

264 3423 350 3504 qrrod
379 3425 546 3489 sumimus.
571 3422 633 3489 Sed
656 3426 716 3489 hoc
740 3425 873 3488 alterum
903 3425 971 3489 Deo
998 3425 1148 3509 largitore
1177 3444 1237 3489 non
1262 3426 1414 3491 sumitur.

264 3530 325 3594 nisi
355 3532 521 3612 cumipse
546 3531 689 3596 adiutore
711 3532 848 3614 primum
878 3531 958 3595 illud
983 3530 1132 3596 efficitur:
1163 3529 1258 3610 Quin
1280 3551 1348 3595 non
1370 3531 1413 3595 in

263 3637 412 3701 uirtute
453 3641 588 3720 potens
631 3642 691 3701 est
732 3638 798 3702 uir.
841 3638 1021 3703 Dominus
1063 3638 1254 3702 infirmum
1292 3637 1411 3702 faciet

262 3744 527 3807 aduersarium
570 3744 666 3816 eius;
709 3744 801 3807 illum
844 3744 977 3823 scilicet,
1021 3745 1075 3827 qui
1116 3743 1236 3809 homini
1276 3745 1464 3815 uouentim

261 3848 386 3912 inuidet
419 3852 451 3913 et
483 3850 613 3928 resistit,
646 3869 685 3913 ne
717 3850 823 3913 ualeat
851 3850 969 3932 inplere
997 3850 1081 3933 quod
1108 3852 1209 3916 uouit.
1234 3851 1345 3916 Potest
1371 3870 1412 3917 ex

351 4058 549 4122 2Ps.112,7
603 4058 851 4129 oPhn.3,7sq.
908 4060 942 4112 12
961 4060 1010 4115 Mt.
1032 4060 1074 4123 19,
1094 4060 1128 4113 28
1190 4060 1222 4113 14
1242 4060 1290 4113 Mt.
1312 4060 1354 4124 19,
1372 4060 1409 4113 ‘21

263 4146 361 4201 22120.
382 4146 441 4212 101,
460 4147 495 4200 28

297 4269 433 4337 dinquit,
452 4270 595 4324 fuerunto
650 4270 896 4325 Slucrificereme
947 4272 980 4325 13
998 4270 1184 4325 hereditates
1235 4274 1267 4327 19
1287 4272 1353 4343 quis
1371 4290 1413 4344 ey

260 4358 296 4411 ‘20
315 4360 450 4427 acceperit
465 4376 483 4427 9
537 4360 571 4414 23
591 4360 663 4413 enim
682 4361 827 4413 ueniunto
882 4362 917 4414 24
936 4361 1061 4413 uenerint
1079 4376 1164 4414 ome

1573 960 1575 999 i

1573 1000 1575 1045 t
