3192 4959
303 476 367 540 608
650 471 677 524 S.
705 471 864 524 Aurelii
892 470 1108 540 Augustini

302 673 463 750 poterunt,
487 668 546 733 sed
573 672 697 754 tanturn
726 668 764 734 de
793 668 910 752 quibus
940 667 1042 733 libelli
1066 667 1131 732 dati
1156 670 1241 741 sunt,
1266 665 1320 749 qui
1344 663 1452 730 recita·

303 778 411 840 rentur
433 776 465 840 in
490 776 628 859 populis.
665 775 703 840 ld
727 794 862 856 namque
885 774 953 838 fieri
977 773 1150 850 uoluimua,
1176 791 1249 837 eum
1274 771 1451 835 uideremus

305 882 446 964 antiquie
470 882 590 948 similia
605 883 792 947 diuinarum
818 882 911 965 signa
932 881 1092 946 uirtutum
1115 881 1212 946 etiam
1235 879 1356 945 nostris
1379 881 1451 941 tem·

305 989 436 1068 poribus
461 989 655 1071 frequentari
678 993 711 1053 et
734 1007 771 1052 ea
793 1007 854 1053 non
881 987 994 1052 debere
1016 989 1192 1052 multorum
1211 986 1348 1052 notitiae
1367 984 1450 1067 depe·

303 1096 373 1159 rire.
410 1096 560 1162 Nondum
589 1100 640 1160 ost
667 1099 774 1160 autem
804 1095 974 1174 biennium,
1004 1113 1040 1158 er
1073 1112 1135 1176 quo
1169 1098 1247 1176 aput
1276 1092 1448 1174 Hipponem
1476 1113 1487 1149 a

302 1203 440 1285 Regium
465 1202 572 1286 eoepit
594 1221 665 1266 esse
693 1201 756 1266 ista
777 1202 940 1278 memoria,
966 1203 999 1265 et
1020 1201 1143 1277 multis,
1166 1199 1252 1283 quod
1275 1199 1368 1263 nobis
1393 1216 1449 1262 ear·

304 1308 465 1373 tissimum
491 1311 551 1387 est,
576 1328 637 1373 non
661 1307 745 1373 datis
769 1308 888 1372 libellis
914 1308 952 1372 de
975 1307 1037 1384 bie,
1057 1326 1137 1390 quae
1160 1305 1354 1370 mirabiliter
1374 1305 1449 1369 iacta

304 1421 389 1490 suut,
414 1415 463 1478 illi
490 1415 553 1498 ipsi
582 1415 635 1497 qui
664 1415 731 1479 dati
759 1419 836 1479 sunt
863 1414 902 1479 ad
931 1414 1135 1498 septuaginta
1162 1414 1261 1478 fermo
1289 1430 1447 1476 numerum

305 1525 522 1604 peruenerant,
542 1521 667 1603 quando
690 1521 755 1586 ista
777 1521 962 1603 conscripsi.
986 1520 1133 1586 Calamus
1152 1538 1240 1596 uero,
1259 1519 1314 1582 ubi
1337 1522 1370 1582 et
1386 1517 1448 1600 ipsa

304 1628 457 1693 memoria
484 1627 572 1710 prius
601 1647 672 1692 esse
702 1628 806 1710 eoepit
840 1633 871 1693 et
904 1628 1044 1692 erebrius
1078 1627 1200 1703 dantur,
1229 1625 1450 1709 inconparabili
1467 1649 1484 1685 n
1555 1656 1556 1705 p

306 1733 512 1800 multitudine
535 1737 696 1818 superant.
1555 1725 1556 1746 ¹

348 1841 440 1906 Uzali
468 1841 575 1915 etiam,
605 1859 686 1923 quae
715 1841 840 1906 colonia
868 1841 979 1906 Uticae
1011 1841 1118 1905 uicina
1146 1844 1205 1918 est,
1236 1840 1339 1904 multa
1370 1859 1450 1922 prae·

305 1950 391 2013 clara
413 1966 469 2030 per
492 1946 627 2011 eundem
650 1950 821 2030 martyrem
844 1947 929 2012 facta
952 1946 1177 2030 cognouimus3
1207 1947 1300 2011 ouius
1325 1946 1370 2010 ibi
1393 1964 1448 2009 me·

305 2055 405 2118 moria
426 2055 520 2138 longe
544 2054 632 2136 prius
657 2073 752 2136 quam
776 2056 855 2136 aput
879 2072 935 2118 nos
959 2053 998 2117 ab
1023 2053 1174 2136 episcopo
1193 2053 1318 2118 Euodio
1343 2053 1448 2118 eonati·

305 2164 376 2224 tuta
403 2162 463 2224 ost.
502 2159 565 2225 Sed
593 2160 775 2225 libellulum
804 2160 979 2225 dandorum
1005 2161 1051 2226 ibi
1081 2161 1279 2226 consuetudo
1313 2180 1372 2224 non
1404 2163 1480 2222 estu
1556 2193 1557 2216 2

308 2269 360 2330 uel
383 2267 491 2350 potius
514 2287 575 2332 non
599 2267 678 2343 t'uit3
700 2286 773 2331 nam
796 2267 933 2332 fortasse
956 2287 1039 2332 nrrno
1060 2287 1130 2332 esse
1149 2268 1212 2333 iam
1233 2267 1349 2350 eoepit.
1373 2265 1444 2331 Cum

306 2374 390 2437 enim
421 2393 521 2454 nuper
552 2374 619 2437 illic
648 2392 804 2450 essemus,
833 2374 1024 2450 Petroniam,
1054 2373 1263 2440 clarissimam
1291 2373 1443 2438 feminam.

307 2498 386 2561 quae
409 2479 454 2543 ibi
478 2479 666 2545 mirabiliter
688 2499 725 2544 er
747 2499 862 2563 magno
892 2479 995 2562 adque
1024 2481 1181 2561 diuturno,
1205 2481 1238 2544 in
1265 2499 1328 2564 quo
1357 2477 1444 2544 medi·

306 2605 414 2651 corum
442 2586 599 2650 adiutoria
626 2585 959 2662 cuncta-deiecerant,
982 2586 1135 2670 languore
1162 2590 1272 2652 sanata
1302 2589 1361 2664 est,
1384 2588 1445 2651 bor-

306 2693 365 2757 tati
402 2711 527 2770 sumus,
558 2693 702 2773 uolente¹
725 2692 908 2774 supradicio
945 2693 1009 2758 loci
1046 2694 1206 2778 episeopo,
1239 2696 1277 2758 ut
1308 2693 1444 2758 libellum
1460 2715 1482 2752 a·

307 2798 404 2877 daret,
434 2799 489 2880 qui
521 2800 708 2863 recitaretur
738 2799 770 2862 in
803 2801 932 2884 populo,
961 2803 993 2864 et
1026 2800 1306 2866 oboedientissime
1337 2800 1444 2884 paruit.

306 2907 342 2969 In
367 2925 435 2988 quo.
453 2906 563 2990 posuit
585 2906 693 2984 etiam,
717 2907 802 2989 quod
826 2907 878 2971 hio
901 2907 1032 2971 reticere
1056 2926 1117 2972 non
1136 2927 1280 2990 possum,
1306 2907 1444 2990 quamuis

308 3013 347 3076 ad
375 3031 421 3085 ea,
450 3031 530 3095 quae
554 3012 616 3076 hoc
639 3031 719 3095 opus
742 3016 868 3097 urgent,
897 3013 1046 3078 festinare
1071 3013 1239 3098 conpellar.
1264 3014 1443 3098 aquodam

308 3118 422 3182 ludaeo
446 3117 524 3182 dixit
547 3118 609 3182 sibi
631 3118 732 3183 fuisse
755 3137 955 3203 persuasum,
983 3123 1020 3184 ut
1044 3122 1172 3186 anulum
1198 3122 1361 3205 capillacio
1384 3121 1442 3193 uin·

306 3227 378 3289 culo
398 3225 561 3302 insereret,
581 3244 644 3307 quo
664 3226 723 3289 sub
744 3225 828 3291 omni
844 3232 934 3292 ueste
951 3226 991 3292 ed
1004 3227 1090 3291 nuda
1104 3227 1243 3310 corporis
1260 3229 1440 3312 cingendum
1457 3243 1477 3283 a

307 3332 361 3414 qui
392 3331 506 3395 anulus
535 3331 666 3397 heberet
688 3332 749 3396 aab
773 3351 899 3417 gemma
921 3333 1058 3417 lapidem
1087 3335 1119 3398 in
1137 3334 1266 3399 renibus
1289 3336 1441 3400 inuentum

308 3437 410 3502 bouis.
437 3437 509 3501 Hoc
531 3438 673 3520 adligata
699 3439 790 3521 quasi
819 3439 957 3504 remedio
981 3439 1019 3504 ad
1049 3439 1149 3506 saneti
1173 3442 1321 3524 martyris
1342 3439 1442 3504 limina

307 3543 465 3608 ueniebat.
490 3542 552 3608 Sed
575 3545 717 3627 profecta
741 3565 759 3609 a
782 3545 983 3630 Carthagine,
1008 3565 1081 3611 eum
1104 3547 1136 3612 in
1161 3547 1294 3612 confinio
1314 3545 1441 3612 fluminis

306 3649 467 3734 Bagradae
491 3651 523 3714 in
547 3669 606 3715 sua
629 3653 831 3733 possessione
855 3653 1037 3732 mansisset,
1067 3673 1200 3739 surgens
1224 3658 1262 3719 ut
1284 3654 1344 3718 iter
1364 3669 1441 3735 pera·

307 3762 397 3840 geret
418 3761 490 3822 ante
514 3758 611 3839 pedes
635 3777 712 3822 suos
734 3758 828 3822 illum
846 3759 1003 3824 iacentem
1023 3759 1153 3824 anulum
1174 3760 1257 3826 uidit
1276 3764 1308 3826 et
1325 3757 1440 3841 capilla·
1456 3773 1477 3815 ao

306 3863 388 3927 eiam
411 3882 533 3942 zonam,
558 3883 620 3947 qua
639 3865 744 3930 fuerat
761 3865 932 3948 adligatus,
956 3867 1069 3932 mirata
1087 3868 1234 3933 tentauit.
1260 3865 1358 3946 Quam
1375 3879 1439 3929 cum

343 4185 358 4236 7
379 4183 411 4237 de
430 4185 498 4238 iiev
568 4187 601 4241 14
622 4185 738 4240 ennodio
752 4205 789 4256 p,
809 4143 894 4250 euodbo
915 4205 928 4241 e
997 4188 1029 4242 19
1048 4187 1160 4258 langore
1177 4207 1195 4260 p
1202 4207 1223 4258 p
1291 4189 1324 4242 24
1341 4183 1434 4241 uinculo

305 4291 383 4337 arrae.;
402 4273 510 4342 cingulo
528 4291 544 4328 a
628 4277 664 4328 25
684 4275 790 4344 quoda
875 4277 908 4329 27
928 4277 1054 4330 marturis
1071 4294 1090 4346 9
1173 4277 1209 4332 29
1229 4275 1343 4348 bagrada
1361 4273 1433 4340 obp:

306 4360 436 4429 bagradie
455 4378 481 4427 e,·
499 4362 619 4430 bagrada
636 4381 666 4431 p;
684 4364 821 4433 uagradae
841 4383 883 4433 ρα
955 4369 1049 4435 ageret
1065 4381 1084 4434 9
