3192 4959
319 455 383 518 268
668 448 694 503 S.
722 446 879 501 Aurelii
908 444 1129 513 Augustini

318 642 453 723 demque
485 645 614 705 naturae
647 640 781 723 quadam
817 638 1039 703 communione
1072 636 1219 701 deuincta
1246 636 1405 701 utilitates
1439 642 1466 699 et

319 748 511 829 cupiditates
544 767 618 812 suas
648 747 828 828 quibusque
857 746 1063 814 sectantibus,
1099 744 1174 808 dum
1202 743 1235 806 id
1263 742 1349 825 quod
1377 742 1465 823 adpe-

317 856 397 919 titur
426 857 483 918 aut
513 854 631 918 nemini
664 858 720 917 snt
747 872 808 918 non
838 852 985 917 omnibus
1013 850 1143 928 suflicit,
1173 850 1247 931 quia
1275 866 1335 913 non
1365 847 1464 913 estid

317 961 433 1043 ipsum,
455 960 608 1024 aduersus
627 960 783 1041 seipsam
803 960 989 1042 plerumque
1009 956 1172 1031 diuiditur,
1193 960 1225 1020 et
1243 974 1315 1039 pars
1335 958 1463 1036 partem,
1557 978 1558 1031 j

319 1088 399 1150 quae
422 1067 595 1149 praeualet,
616 1067 774 1148 obprimit.
794 1065 925 1129 Victriei
946 1066 1028 1128 enim
1048 1065 1136 1129 uicta
1154 1062 1350 1136 subcumbit,
1371 1060 1464 1125 domi·
1488 1082 1497 1121 r

317 1175 438 1239 nationi
461 1174 585 1239 scilicet
608 1174 660 1237 uel
685 1174 780 1237 etiam
805 1172 946 1237 libertati
966 1172 1231 1254 qualemcumque
1251 1188 1363 1252 pacem
1382 1187 1463 1250 prae-

317 1282 418 1345 ferens
452 1300 488 1345 ac
522 1280 669 1346 salutem,
707 1280 753 1343 ita
784 1282 821 1343 ut
853 1297 986 1361 magnae
1019 1278 1136 1343 suerint
1169 1276 1380 1353 admirationi,
1414 1277 1462 1357 qui

316 1389 418 1471 perire
442 1407 535 1471 quam
561 1386 679 1451 seruire
699 1387 892 1451 maluerunt.
915 1384 996 1449 Nam
1015 1386 1047 1449 in
1068 1385 1214 1449 omnibus
1233 1384 1297 1448 iere
1318 1384 1462 1468 gentibus
1558 1406 1559 1451 1

318 1493 453 1576 quodam
478 1493 572 1557 modo
596 1512 657 1556 1101
681 1496 810 1556 naturae
833 1493 896 1555 ista
918 1492 1094 1573 personuit,
1117 1496 1154 1557 ut
1178 1491 1342 1575 subiugari
1367 1492 1463 1555 uicto-

316 1601 405 1665 ribus
429 1600 572 1676 mallent,
597 1598 713 1681 quibus
737 1598 873 1682 contigit
895 1598 990 1672 uinci,
1016 1618 1110 1680 quam
1134 1599 1249 1663 bellica
1268 1598 1461 1664 omnifariam
1477 1614 1497 1652 ιο

316 1707 495 1772 uastatione
528 1706 637 1772 deleri.
669 1705 754 1769 Hinc
785 1705 904 1769 factum
940 1710 999 1783 est,
1029 1708 1066 1769 ut
1093 1724 1153 1769 non
1183 1706 1250 1769 sina
1275 1705 1333 1770 Dei
1363 1704 1461 1789 proui-

317 1813 434 1889 dentia,
458 1814 490 1877 in
514 1813 606 1876 cuius
629 1815 788 1894 potestate
810 1816 868 1889 est,
889 1816 926 1877 ut
945 1812 1079 1895 quisque
1098 1812 1182 1877 bello
1202 1817 1257 1876 aut
1276 1812 1462 1896 subiugatur
1559 1836 1560 1889 p

317 1922 373 1982 ant
401 1920 561 2003 subiugat,
592 1918 721 2001 quidam
749 1922 857 1983 essent
880 1920 985 2003 regnis
1008 1918 1153 2001 praediti,
1184 1918 1312 2001 quidam
1336 1940 1460 2004 regnan·
1559 1900 1560 1913 ¹

316 2027 403 2090 tibus
442 2026 571 2091 subditi.
609 2024 670 2090 Sed
702 2027 785 2089 inter
817 2026 955 2108 plurima
987 2046 1082 2109 regns
1114 2030 1277 2095 terrarum,
1316 2027 1347 2089 in
1386 2044 1460 2109 quae

315 2136 456 2196 terrenae
487 2132 637 2196 utilitatis
670 2133 724 2195 uel
756 2132 942 2213 cupiditatis
976 2136 1026 2197 est
1058 2132 1162 2196 diuisa
1189 2133 1324 2197 societas
1356 2131 1459 2217 (quam
1476 2146 1497 2185 1⁵

317 2240 479 2303 ciuitatem
504 2238 614 2302 mundi
638 2238 733 2302 buius
757 2239 932 2303 uniuersali
956 2238 1112 2303 uocabulo
1132 2240 1379 2325 nuncupamus),
1402 2240 1460 2303 duo

315 2365 410 2430 regna
439 2346 595 2411 ceruimus
624 2345 718 2428 longe
741 2346 855 2409 ceteris
884 2346 1068 2428 prouenisse
1093 2346 1234 2423 clariora,
1262 2346 1459 2429 Assyriomm
1560 2364 1561 2369 ¹

315 2453 464 2535 primum,
488 2451 600 2515 deinde
624 2452 851 2527 Romanorum,
874 2455 911 2516 ut
933 2452 1141 2535 temporibus,
1164 2452 1209 2516 ita
1232 2452 1312 2516 locis
1331 2452 1412 2516 inter
1429 2472 1459 2516 se

317 2558 458 2623 ordinata
490 2558 592 2641 adque
626 2559 784 2623 distincta.
824 2558 903 2623 Nam
937 2578 998 2641 quo
1033 2559 1125 2624 modo
1159 2559 1239 2623 illud
1272 2560 1372 2640 prius,
1404 2561 1459 2625 boc

315 2666 488 2746 poetelius:
517 2684 553 2729 eo
581 2665 675 2728 modo
704 2664 786 2727 illud
809 2665 838 2727 in
866 2664 1003 2733 Oriente,
1031 2666 1091 2729 hoc
1113 2666 1145 2728 in
1170 2664 1342 2730 Occidente
1364 2676 1497 2731 sune-²⁰
1561 2738 1562 2745 p

316 2771 375 2844 nu
400 2771 534 2853 denique
556 2771 588 2835 in
611 2771 698 2835 illins
722 2770 782 2834 tine
807 2772 902 2835 huius
926 2771 1051 2835 initium
1077 2772 1243 2836 confestim
1264 2772 1334 2836 fuit.
1358 2774 1461 2857 Regna

317 2884 421 2942 cetera
445 2883 628 2958 ceterosque
652 2896 743 2960 reges
767 2880 858 2941 uelut
882 2878 1069 2960 adpendices
1093 2868 1229 2943 istorum
1253 2879 1391 2944 dixerim.

360 2984 462 3047 Ninus
496 3003 569 3067 ergo
601 2983 665 3047 iam
697 2984 856 3049 secundus
884 3004 936 3048 rex
964 2988 1031 3049 erat
1058 2986 1270 3067 Assyriorum,
1299 2986 1354 3067 qui
1381 2985 1459 3068 patri

317 3110 374 3153 suo
398 3089 476 3153 Belo
501 3093 709 3162 successerat,
733 3090 823 3172 regni
847 3090 935 3154 illius
960 3092 1060 3172 primo
1084 3092 1162 3175 regi,
1187 3092 1312 3172 quando
1331 3092 1362 3157 in
1380 3096 1458 3157 terra

317 3196 546 3261 Chaldaeorum
584 3199 677 3259 natus
711 3202 759 3259 est
792 3197 960 3261 Abraham.
995 3199 1072 3263 Erat
1104 3199 1199 3263 etiam
1232 3202 1374 3281 tempore
1405 3199 1496 3262 11Ιοῦ

315 3322 447 3384 reguum
473 3301 690 3383 Sicyoniorum
719 3302 888 3366 admodum
914 3322 1058 3384 paruum,
1089 3324 1191 3387 aquo
1215 3305 1270 3370 ille
1294 3306 1457 3371 undecum-

316 3427 376 3490 que
417 3406 623 3471 doctissimus
663 3407 790 3471 Marcus
829 3408 926 3473 Varro
969 3409 1109 3475 scribens
1147 3410 1185 3475 de
1223 3414 1318 3495 gente
1353 3412 1457 3495 populi

315 3514 458 3585 Romani,
491 3513 582 3577 uelut
614 3514 743 3593 antiquo
776 3518 928 3596 tempore,
962 3536 1090 3581 exorsus
1124 3522 1183 3582 est.
1216 3518 1264 3582 Ab
1297 3519 1347 3583 bis
1379 3519 1455 3583 onim

315 3620 533 3703 Sicyoniorum
565 3621 694 3704 regibus
727 3621 766 3685 ad
798 3622 1007 3687 Athenienses
1040 3626 1194 3705 peruenit,
1228 3645 1246 3688 a
1279 3626 1393 3706 quibus
1417 3623 1454 3686 ad

314 3725 453 3803 Latinos,
483 3726 554 3789 inde
582 3726 750 3791 Romanos.
785 3726 848 3792 Sed
876 3734 947 3792 ante
977 3730 1134 3794 conditam
1163 3732 1294 3795 Romam
1325 3733 1355 3829 io
1387 3750 1453 3795 con·
1471 3739 1495 3779 ³⁰

350 3986 562 4041 arduennae
634 3989 810 4057 Sparsonuit
828 4006 879 4041 om.
900 3988 924 4058 ρι
1000 3990 1032 4043 10
1051 3990 1219 4059 contingite
1290 3991 1450 4045 omnifariam

312 4093 357 4145 pp
368 4093 422 4147 po;
439 4076 584 4129 omnifaria
603 4076 737 4140 obeuf
821 4080 851 4131 11
873 4077 1061 4147 praeuidentia
1077 4078 1106 4149 9¹
1194 4081 1226 4133 12
1247 4084 1294 4133 aut
1314 4086 1376 4133 ante
1392 4078 1451 4131 aub-

315 4166 424 4233 iugetur
442 4182 493 4218 om.
514 4182 580 4235 epp
636 4167 669 4219 16
688 4166 864 4235 unidmialic
918 4168 952 4221 ‘20
971 4167 1323 4223 horiente—hoccidentec
1364 4169 1396 4221 26
1409 4184 1450 4234 y·

315 4255 383 4307 cion.
401 4272 431 4323 q,-
450 4255 569 4310 sitione
623 4256 657 4308 29
677 4255 805 4309 sichone
876 4256 1094 4311 adtheniensesc
1143 4259 1178 4311 30
1196 4256 1259 4311 inde
1278 4274 1451 4325 romanppu

314 4342 426 4407 Domb.,·
445 4342 506 4396 inde
526 4342 561 4395 ad
578 4360 643 4396 rom.
664 4344 781 4413 obeya
