3192 4959
320 420 384 482 590
675 419 700 468 S.
730 416 885 468 Aurelii
914 417 1131 485 Augustini

319 615 484 695 loquentes
514 614 701 678 mirabiliter
728 613 912 690 audiebant;
946 613 1094 677 claudum
1119 614 1158 677 ab
1182 612 1335 676 uberibus
1359 611 1461 675 matris

320 719 359 784 ad
388 741 496 786 eorum
525 721 658 785 uerbum
687 721 718 784 iu
743 719 862 784 Christi
890 719 1015 784 nomine
1039 724 1113 801 post
1137 719 1348 803 quadraginta
1372 737 1460 782 annos

318 827 511 891 incolumem
545 827 738 904 constitisse,
771 826 899 890 sudaria
932 825 968 890 dc
1002 825 1185 906 corporibus
1218 843 1329 889 eorum
1366 823 1461 887 ablata

320 933 466 998 sanandis
495 933 653 1016 profuisse
676 933 913 1016 languentibus,
936 933 968 996 in
993 933 1046 996 uia
1070 951 1132 1015 qua
1155 933 1281 996 fuerant
1305 928 1462 995 transituri

318 1041 441 1123 positos
468 1041 500 1104 iu
529 1040 637 1105 ordine
665 1040 911 1104 innumerabiles
939 1040 1059 1104 morbis
1088 1039 1185 1102 uariis
1212 1038 1407 1112 laborantes,
1432 1040 1494 1099 ut5

319 1147 549 1213 ambulantium
587 1166 682 1228 super
719 1167 772 1211 eos
811 1146 922 1210 umbra
958 1146 1116 1224 transiret,
1150 1147 1300 1210 continuo
1334 1144 1461 1208 salutern

319 1255 421 1318 solere
449 1253 586 1337 recipere
616 1256 648 1316 et
675 1254 737 1316 alia
761 1255 864 1316 multa
887 1253 1044 1336 stupenda
1066 1253 1097 1315 in
1123 1252 1242 1318 Christi
1264 1251 1394 1315 nomine
1414 1269 1462 1332 per

319 1379 373 1424 eos
410 1363 504 1435 iacta,
537 1364 697 1441 postremo
735 1360 831 1424 etiarn
869 1364 1013 1424 mortuos
1045 1359 1253 1424 resurrexisse
1292 1357 1460 1421 cernebant.

320 1465 408 1546 Quae
433 1467 471 1545 si,
497 1471 532 1532 ut
554 1468 717 1549 leguntur,
742 1471 834 1550 gesta
858 1485 928 1530 esse
953 1465 1140 1544 concedunt,
1165 1483 1237 1530 ecco
1260 1469 1311 1529 tot
1339 1463 1460 1527 incredi-

319 1574 397 1638 bilia
419 1574 522 1638 tribus
546 1574 611 1637 illis
634 1573 874 1637 incredibilibus
900 1573 1057 1648 addimus,
1083 1577 1114 1636 et
1137 1577 1174 1635 ut
1197 1571 1346 1636 credatur
1373 1591 1459 1636 unum
1476 1583 1493 1621 [ὑ

317 1679 513 1755 incredibile,
547 1679 631 1762 quod
664 1680 703 1743 de
737 1680 840 1743 carnis
873 1679 1103 1744 resurrectione
1137 1679 1239 1760 adque
1276 1679 1307 1741 in
1348 1678 1458 1742 caelum

319 1787 523 1851 adscensione
557 1787 683 1863 dicitnr,
712 1787 887 1851 multorum
916 1787 1149 1851 incredibilium
1173 1786 1360 1851 testimonia
1383 1787 1460 1848 tanta

320 1892 521 1975 congerimus
550 1895 582 1956 et
609 1893 747 1956 nondum
772 1893 811 1956 ad
836 1891 1026 1956 credendum
1050 1891 1204 1956 horrenda
1228 1891 1347 1955 duritia
1370 1891 1458 1954 incre·

320 2001 413 2065 dulos
440 1999 610 2063 flectimus.
646 1999 681 2064 Si
708 2018 783 2063 uero
813 2017 869 2080 per
893 1999 1054 2081 apostolos
1080 1997 1209 2074 Christi,
1235 2003 1272 2062 ut
1295 1998 1342 2062 eis
1367 1995 1458 2060 crede·

319 2111 405 2171 retur
419 2107 680 2171 resurrectionem
695 2105 798 2187 adque
814 2104 1052 2170 adscensionem
1067 2103 1324 2186 praedicantibus
1341 2101 1457 2169 Christi,
1474 2113 1492 2150 1³

320 2213 415 2277 etiarn
443 2213 507 2277 ista
533 2213 687 2276 miracula
714 2213 800 2276 facta
824 2230 894 2276 esso
918 2231 977 2274 non
1003 2211 1144 2286 credunt,
1169 2212 1230 2275 hoc
1254 2210 1346 2274 nobie
1372 2227 1456 2271 unum

319 2319 435 2402 grande
458 2319 647 2383 miraculum
672 2318 802 2391 sufficit,
823 2317 907 2398 quod
931 2337 1000 2381 eam
1025 2321 1177 2380 terrarum
1202 2317 1287 2380 orbis
1308 2317 1374 2379 sine
1393 2312 1457 2377 ullis

319 2426 481 2490 miraculis
506 2424 647 2490 credidit.

784 2565 922 2630 CAPUT
944 2565 998 2630 VI.

319 2711 432 2790 Quod
456 2712 578 2774 Roma
601 2710 854 2774 conditorem
879 2729 992 2773 suum
1017 2707 1229 2772 Romulum
1256 2701 1453 2787 diligendo
1470 2717 1491 2753 a·

360 2817 473 2882 deum
503 2817 662 2893 fecerit,
693 2816 876 2880 ecclesia
905 2821 1037 2879 autem
1067 2813 1276 2878 Christum
1304 2811 1419 2874 Deum

676 2922 877 2986 credendo
907 2921 1111 2986 dilexerit.

364 3067 555 3130 Recolamus
583 3066 679 3130 etiam
706 3065 766 3130 hoc
794 3066 864 3128 loco
893 3064 985 3143 illud,
1014 3063 1099 3146 quod
1127 3061 1166 3126 de
1190 3061 1321 3126 Romuli
1350 3056 1452 3124 credita

320 3173 488 3237 diuinitate
508 3172 634 3238 Tullius
659 3173 842 3237 admiratur.
868 3171 971 3236 Verba
994 3171 1063 3236 eius
1087 3174 1123 3234 ut
1147 3169 1267 3250 scripta
1292 3169 1363 3232 sunt
1384 3165 1453 3228 inss-

316 3300 394 3344 ram.
423 3279 539 3362 ‘Magis
564 3283 623 3357 ost,
647 3280 759 3362 inquit,
783 3279 816 3342 in
840 3279 977 3344 Romulo
1001 3276 1231 3354 admirandum,
1257 3274 1341 3357 quod
1359 3269 1450 3336 ceteri.
1467 3283 1490 3320 τι

316 3387 368 3468 qui
399 3387 431 3450 di
460 3406 496 3450 er
524 3387 706 3451 hominibus
735 3386 813 3448 facti
841 3403 911 3449 esse
939 3385 1097 3460 dicuntur,
1122 3382 1229 3446 minus
1254 3380 1383 3446 eruditis
1404 3377 1450 3440 ho-

319 3495 441 3558 minum
474 3494 609 3558 saeculis
643 3494 780 3568 fuerunt,
814 3496 851 3556 ut
887 3491 1026 3575 fingendi
1062 3489 1215 3571 procliuia
1254 3491 1339 3552 esset
1373 3483 1450 3548 ratio.

317 3621 390 3665 cum
412 3601 541 3682 inperiti
564 3599 658 3663 facile
678 3599 717 3662 ad
737 3598 928 3662 credendum
948 3597 1186 3680 inpellerentnr;
1212 3593 1342 3660 Romuli
1361 3593 1449 3654 autem

406 3819 422 3872 8
441 3819 501 3872 Act.
521 3821 551 3883 33
571 3820 589 3871 4
643 3819 677 3869 25
697 3818 763 3885 Rep.
784 3815 821 3875 ΙΙ,
844 3815 876 3870 10

354 3945 417 3996 iet
437 3943 542 4010 taliap
587 3942 705 3996 Setiam
726 3957 814 4009 onem
864 3941 931 3993 9ut
950 3939 973 3992 si
987 3957 1010 4007 p
1083 3936 1244 4004 eccethoty
1291 3935 1324 3988 10
1343 3941 1452 3997 causon

318 4032 465 4112 odeardis
485 4031 572 4086 caah
629 4031 659 4083 11
680 4028 908 4083 resurrectionib
965 4029 996 4080 12
1016 4024 1218 4095 incredibiliay
1291 4029 1451 4084 tantaene

320 4148 350 4200 17
372 4113 431 4218 elam
452 4163 518 4202 cm.
537 4150 557 4200 2
575 4163 659 4212 corr.,·
678 4162 787 4199 erasum
806 4145 837 4197 in
855 4145 871 4197 b
936 4145 970 4198 23
989 4141 1085 4196 romoli
1103 4158 1122 4210 9
1185 4141 1220 4194 24
1239 4137 1353 4208 Tullius]
1371 4135 1450 4206 lillius.

1442 4215 1449 4228 a

1444 4239 1449 4249 ι

317 4239 327 4288 i
352 4252 386 4290 ea·
409 4253 426 4289 u
451 4235 575 4289 rodendo
599 4236 731 4303 effectam,
754 4251 772 4302 9
898 4232 931 4284 27
957 4231 1059 4286 saeculi
1081 4231 1122 4284 his
1147 4230 1189 4296 h¹,·
1212 4227 1314 4283 saeculi
1337 4220 1440 4279 huiust

316 4324 469 4394 procliuius
488 4340 542 4392 η),-
560 4324 631 4392 quod
650 4323 798 4392 procliuius
