3192 4959
343 408 394 461 De
422 408 597 461 ciuitate
627 406 687 462 dei
715 407 780 462 lib.
804 408 904 463 XVIII.
934 426 1008 479 cap.
1033 412 1112 465 5-8.
1243 416 1309 479 275

620 602 756 669 CAPUT
780 602 851 667 Vll.

154 746 321 825 Quorum
359 764 487 828 regum
523 748 692 826 tempore
729 744 865 826 Ioseph
903 745 938 808 iu
970 744 1142 830 Aegypto
1182 748 1307 813 deiun-

650 854 734 915 ctus
759 851 817 915 sit.

198 994 420 1078 Regnaatibus
447 992 649 1075 Assyriorum
676 992 864 1057 duodecimo
893 992 1057 1075 Mamptlro
1083 999 1115 1059 et
1138 995 1305 1061 undecimo

123 1101 378 1184 aSicyoniorum
402 1101 564 1165 Plemmeo
588 1105 621 1165 ct
641 1101 737 1184 Argis
761 1100 864 1165 adhuc
888 1104 1032 1165 manente
1056 1104 1141 1186 Argo
1161 1108 1306 1169 mortuns

153 1212 204 1273 est
235 1208 353 1290 Ioseph
382 1208 411 1271 irr
439 1209 585 1291 Aegypto
617 1227 768 1271 annorum
797 1212 925 1273 centurn
955 1207 1073 1273 decom.
1107 1210 1186 1275 Post
1214 1212 1305 1275 cuins

152 1318 290 1379 mortem
318 1314 455 1397 populus
484 1314 543 1378 Dei
572 1313 759 1377 mirabiliter
787 1332 930 1377 crescens
959 1314 1078 1378 mansit
1105 1315 1136 1379 irr
1161 1317 1305 1400 Aegypto

152 1424 283 1485 centum
317 1420 525 1504 quadraginta
556 1421 694 1503 quinque
726 1440 834 1495 annos,
872 1420 1042 1503 tranquille
1074 1422 1173 1504 priua,
1207 1423 1305 1487 donec

151 1531 352 1594 morerentur
375 1528 491 1609 quibus
516 1528 630 1608 Ioseph
654 1533 749 1592 notus
773 1527 848 1601 fuit;
875 1527 987 1591 deinde
1011 1528 1085 1609 quis
1103 1528 1306 1593 incidebatur

110 1654 133 1691 ro
150 1634 358 1698 incrementis
378 1634 446 1698 eius
466 1637 616 1716 erantque
636 1638 794 1716 suspecta,
816 1653 876 1716 quo
897 1654 999 1717 usque
1018 1634 1090 1699 inde
1109 1636 1305 1715 liberaretur,

150 1740 429 1824 persecutionibus
458 1740 554 1823 (inter
582 1758 660 1823 quas
687 1744 793 1805 tamen
824 1740 979 1805 diuinitus
1006 1741 1176 1805 fecundata
1199 1742 1306 1805 multi-

149 1847 324 1931 plicatione
366 1846 537 1922 creseebat)
579 1851 612 1911 et
650 1846 813 1910 laboribus
855 1847 1057 1929 premebatur
1095 1846 1305 1912 intolerabilis

151 1953 332 2017 seruitutis.
356 1954 393 2017 lu
416 1953 546 2036 Assyria
569 1972 644 2017 uero
669 1955 701 2017 et
725 1952 858 2017 Graecia
880 1972 936 2036 per
958 1953 1043 2017 idem
1062 1958 1188 2037 tempus
1208 1973 1306 2037 regna

151 2060 265 2123 eadem
289 2059 525 2140 permanebant.

108 2292 131 2332 ra
607 2252 745 2318 CAPUT
768 2252 855 2317 llll.

150 2398 332 2479 Quorum
355 2416 492 2481 regum
513 2399 650 2460 aetate
669 2396 831 2479 Moyses
851 2401 971 2461 natus
993 2397 1058 2473 sit,
1079 2401 1117 2460 st
1136 2414 1302 2476 quorum

166 2493 169 2500 ’
214 2504 383 2569 deorum
410 2503 562 2568 eisdem
592 2504 850 2585 temporibus
879 2503 936 2568 sit
964 2506 1052 2567 orta
1080 2502 1243 2586 religio.

194 2647 278 2714 Cum
312 2666 387 2732 ergo
419 2649 566 2731 regnaret
593 2645 733 2729 Assyriis
767 2648 899 2728 quartus
928 2646 1069 2710 decimus
1099 2645 1239 2728 Sapbrus
1272 2650 1305 2709 et

148 2751 310 2836 Sicyoniis
339 2752 545 2817 duodecimus
575 2751 758 2832 Orthopolis
789 2754 822 2815 et
850 2750 978 2817 Criasus
1007 2750 1136 2833 quintus
1161 2752 1302 2834 Argiuis

103 2878 130 2919 so
147 2864 246 2924 natus
270 2864 321 2924 ost
344 2860 376 2923 in
399 2860 545 2943 Aegypto
568 2858 707 2941 Moyses,
731 2878 786 2942 per
814 2877 907 2941 quem
931 2860 1070 2941 populus
1094 2856 1151 2921 Dei
1178 2857 1216 2921 de
1240 2876 1303 2921 ser-

146 2968 257 3031 uitute
280 2966 439 3050 Aegyptia
465 2965 618 3028 liberatus
647 2968 706 3038 est,
735 2966 766 3028 in
797 2984 859 3047 qua
888 2982 960 3029 eum
989 2963 1028 3027 ad
1056 2964 1300 3029 desiderandum

147 3074 199 3139 sui
234 3073 395 3139 Crantoris
428 3072 579 3137 auxilium
619 3072 665 3135 sic
702 3073 836 3135 exerceri
874 3071 1048 3153 oportebat.
1085 3070 1302 3155 Regnantibus

146 3180 337 3245 memoratis
363 3178 493 3263 regibus
521 3178 622 3243 fuisse
650 3198 668 3242 a
696 3176 886 3260 quibusdam
915 3176 1054 3241 creditur
1080 3176 1301 3255 Prometheus,

146 3308 244 3371 quem
273 3290 440 3369 propterea
468 3285 571 3349 lenrnt
599 3283 636 3349 de
663 3286 733 3349 luto
761 3283 916 3349 formasse
940 3284 1095 3359 homines,
1126 3282 1200 3365 quia
1223 3284 1302 3365 opti·

102 3414 221 3459 armus
254 3392 429 3476 sapientiae
461 3390 572 3456 doctor
601 3392 703 3455 fuisse
735 3390 932 3471 perhibetur;
970 3409 1028 3454 nec
1059 3392 1166 3453 tamen
1199 3394 1302 3453 osten·

147 3502 246 3579 ditur,
290 3499 346 3582 qui
381 3500 450 3562 eius
487 3498 684 3579 temporibus
721 3497 840 3561 suerint
876 3496 1044 3578 sapientes.
1086 3496 1196 3559 Frater
1232 3496 1301 3559 eius

146 3609 263 3673 Atlans
297 3624 432 3690 magnus
468 3605 569 3669 tuisse
606 3603 786 3686 astrologus
821 3603 948 3685 dicitur;
982 3602 1064 3666 unde
1102 3600 1300 3665 occasionem

147 3716 258 3779 fabula
283 3712 417 3788 inuenit,
444 3714 483 3775 ut
510 3728 581 3774 euru
611 3710 734 3773 caelum
762 3713 887 3791 portare
916 3708 1122 3792 contingerem
1154 3707 1302 3789 quamuis

184 3966 202 4018 2
221 3964 249 4017 iu
271 3965 397 4033 Aegypto
416 3978 468 4019 cnr.
482 3961 516 4032 ρ*
571 3964 589 4016 4
607 3962 716 4032 amytho
734 3978 767 4030 9,·
785 3916 878 4015 mflho
898 3976 911 4014 e
965 3962 981 4015 5
1001 3960 1133 4030 lycinioru
1152 3961 1187 4015 al.
1205 3960 1299 4015 mami-

146 4053 214 4107 tbeo
234 4055 264 4106 et
282 4054 364 4121 argis,
383 4052 415 4106 ἐπ
431 4068 517 4121 morp.
537 4052 573 4107 cl.
593 4052 709 4123 pler’rieo,
728 4052 744 4105 b
800 4051 932 4120 plemmeo
952 4067 990 4119 ep
1008 4050 1123 4117 Domb.,·
1142 4049 1247 4119 plemen
1267 4064 1300 4113 a,-

147 4140 535 4212 plemineop;Plemnueou
589 4143 655 4196 bet
674 4140 801 4194 decemo
858 4140 889 4193 17
909 4139 1014 4192 hisdem
1032 4140 1071 4208 sp
1131 4140 1163 4193 19
1182 4137 1301 4191 sitioniis

147 4249 174 4295 e‚·
194 4230 344 4299 sicyonilis
364 4230 401 4283 c?
420 4245 535 4299 eraa.,p
606 4230 642 4283 24
660 4230 732 4282 horn.
751 4228 829 4282 torm.
851 4244 864 4282 c
949 4227 1100 4296 sapientise
1121 4227 1240 4297 optimus
1257 4240 1301 4294 po

147 4320 182 4373 27
203 4320 294 4374 atlans
313 4318 393 4372 codd.
407 4323 521 4387 praeter
540 4335 572 4385 a‚·
591 4318 660 4371 atlas
680 4334 724 4371 ao

1210 4421 1263 4473 18*
