3192 4959
303 443 370 505 430
480 485 487 494 .
642 439 670 492 S.
698 437 855 492 Aurelii
885 438 1101 508 Augustini

303 631 341 695 in
371 631 475 695 omni
503 630 709 712 despecto,
733 629 766 693 id
790 629 894 694 estin
919 629 1006 693 omni
1029 629 1123 693 etiarn
1149 629 1203 710 qui
1227 630 1453 694 contemtibilis

302 737 354 801 hio
386 737 516 801 uidetur
547 740 580 801 et
611 735 681 801 ideo
714 754 773 800 neo
805 734 950 812 uidetur3
983 736 1132 816 quoniam
1166 734 1255 799 Deus
1288 738 1322 799 et
1352 736 1453 819 ipsum

302 844 392 908 uidet
413 861 471 907 neo
495 861 568 907 eum
593 842 729 925 despicit
751 861 809 906 neo
833 861 905 906 oum
929 842 1052 906 iudioat
1074 842 1234 924 praeterit.

761 1027 899 1100 CAPUT
923 1034 995 1098 1111.

303 1175 412 1255 Quod
449 1175 496 1240 sd
529 1175 813 1240 disserendum
848 1175 892 1240 de
925 1175 1155 1242 nouissimo
1189 1176 1349 1241 iudicio
1385 1177 1454 1242 Dei
1483 1204 1494 1243 s

301 1283 396 1348 noui
428 1282 599 1366 primum
631 1282 874 1346 testamenti
904 1301 945 1347 ae
974 1283 1120 1346 deinde
1151 1283 1309 1347 ueteris
1339 1285 1454 1349 testi·

636 1389 770 1453 monia
793 1391 1032 1472 prolaturus
1057 1389 1123 1454 sit.

346 1531 453 1594 Huius
484 1530 592 1612 itaque
625 1529 732 1594 ultimi
764 1529 876 1594 iudicii
909 1530 969 1595 Dei
1000 1531 1185 1595 testimonia
1217 1530 1256 1594 de
1289 1531 1455 1615 seripturis

302 1637 432 1714 sanctis,
466 1655 546 1718 quae
579 1655 693 1719 ponere
725 1637 862 1713 institui,
896 1637 984 1721 prius
1018 1636 1164 1721 eligenda
1196 1642 1271 1702 sunt
1299 1637 1338 1702 de
1365 1638 1455 1702 libris

300 1743 505 1808 instrumenti
536 1744 622 1820 noui,
661 1747 774 1826 postea
807 1744 845 1808 de
877 1744 1005 1810 ueteris.
1040 1743 1195 1823 Quamuis
1229 1745 1313 1808 enim
1346 1749 1492 1810 ueterum

302 1851 407 1931 priora
434 1850 498 1913 sint
524 1852 678 1931 tempore,
707 1869 787 1914 noua
812 1853 917 1914 tamen
945 1850 1162 1934 anteponenda
1189 1854 1265 1915 sunt
1287 1851 1454 1935 dignitate,

302 1957 450 2037 quoniam
487 1955 543 2019 illa
579 1959 689 2019 uetera
720 1956 887 2039 praeconia
920 1961 995 2022 sunt
1026 1975 1193 2022 nouorum.
1231 1955 1325 2020 Noua
1356 1957 1455 2041 igitur

301 2065 458 2144 ponentur
489 2061 590 2144 priua,
628 2081 708 2143 quae
741 2065 778 2126 ut
810 2062 932 2126 firmius
965 2063 1147 2145 probemus,
1181 2063 1390 2128 adsumentur
1423 2071 1454 2128 et

302 2171 421 2233 uetera.
445 2168 480 2231 Iu
504 2169 666 2232 ueteribus
690 2169 845 2233 habentur
863 2171 913 2232 len
936 2172 969 2232 et
990 2169 1174 2251 prophetae,
1197 2169 1230 2235 in
1249 2169 1342 2234 nouis
1362 2189 1452 2234 euan-

301 2273 421 2357 gelium
459 2276 491 2338 et
527 2275 721 2356 apostolicae
757 2275 893 2339 litterae.
930 2275 986 2340 Ait
1023 2279 1129 2339 autem
1167 2276 1349 2359 apostolus:
1382 2276 1451 2341 Per
1469 2299 1489 2338 n

302 2382 432 2464 legem
472 2381 575 2444 onim
614 2381 800 2465 cognitio
837 2383 1009 2464 peceati.
1046 2382 1160 2448 Nune
1197 2386 1331 2447 autem
1365 2381 1449 2446 sine

299 2487 388 2571 lege
415 2485 588 2551 iustitia
614 2486 687 2551 Dei
716 2489 985 2553 manifestata
1014 2495 1086 2568 est,
1115 2487 1357 2554 testificata
1383 2507 1449 2571 per

299 2592 430 2676 legem
455 2596 493 2656 et
515 2593 756 2675 prophetas;
787 2594 958 2659 iustitia
981 2599 1114 2659 autern
1139 2595 1212 2659 Dei
1235 2613 1305 2678 per
1329 2594 1447 2660 fidem

299 2700 394 2763 Iesu
422 2698 580 2764 Christi
607 2699 646 2762 in
670 2719 805 2764 omnes
830 2701 898 2782 qui
923 2701 1102 2767 credunt.
1132 2702 1220 2767 Haee
1243 2701 1370 2767 iustitia
1390 2700 1447 2764 Dei

298 2806 338 2869 ad
360 2824 478 2869 nouum
502 2805 640 2885 pertinet
661 2808 889 2871 testamentum
913 2810 945 2872 et
967 2808 1189 2873 testimonium
1207 2809 1305 2872 habet
1328 2811 1447 2872 anate
1462 2829 1485 2867 υ

297 2913 387 2978 ribus
409 2912 511 2990 libris,
532 2913 592 2977 hoo
617 2917 667 2978 est
687 2915 759 2998 lege
785 2933 821 2979 ao
839 2915 1014 2998 prophetis.
1034 2915 1128 2981 Prius
1147 2916 1247 3000 igitur
1265 2915 1336 2997 ipso
1355 2932 1447 2979 causa

297 3019 442 3102 ponenda
480 3022 539 3095 est,
577 3024 610 3083 et
645 3024 756 3102 postea
793 3023 893 3086 testes
928 3021 1156 3087 introducendi.
1191 3021 1284 3087 Huno
1318 3025 1350 3086 et
1379 3020 1445 3103 ipse

297 3124 444 3190 Christus
463 3125 553 3190 Iesus
574 3125 714 3190 ordinem
734 3127 925 3190 seruandum
946 3147 1016 3192 esse
1037 3127 1274 3193 demonstraus:
1297 3125 1445 3202 Scriba,

295 3231 411 3314 inquit,
442 3233 630 3298 eruditus
655 3234 694 3297 in
717 3253 838 3318 regno
864 3234 936 3298 Dei
961 3234 1112 3301 similis
1138 3241 1201 3299 est
1230 3235 1319 3300 uiro
1342 3233 1445 3317 patri

297 3340 479 3404 familias
499 3340 726 3424 proterenti
745 3341 790 3405 de
809 3342 1005 3406 thesauro
1026 3361 1097 3407 suo
1117 3361 1221 3407 noua
1239 3344 1279 3406 et
1298 3345 1443 3407 uetera
1462 3357 1486 3398 u

295 3444 367 3511 Non
399 3446 493 3511 dixit:
517 3446 643 3511 ‘Vetera
674 3451 706 3511 et
733 3449 835 3526 noua',
869 3448 954 3530 quod
982 3449 1092 3531 utique
1121 3448 1264 3526 dixisset,
1293 3447 1354 3513 nisi
1381 3465 1444 3510 rna·

293 3554 410 3619 luisset
431 3553 615 3619 meritorum
641 3555 782 3619 ordinem
807 3575 933 3620 semare
958 3545 1268 3640 quam'temporum.

387 3746 419 3798 15
438 3743 514 3798 Rom.
535 3745 559 3808 3,
579 3743 614 3798 20
633 3759 692 3813 sqq.
748 3744 782 3796 23
802 3744 850 3798 Mt.
872 3744 914 3808 13,
934 3745 968 3798 52

331 3913 518 3967 tneoonm
585 3869 771 3982 adispicgtq
859 3914 892 3967 13
912 3929 977 3966 cuae
997 3913 1022 3966 e¹
1105 3913 1136 3968 21
1158 3913 1221 3983 lege
1238 3911 1444 3983 moleges*

296 3999 395 4055 Domb.
450 4018 481 4055 oo
500 4018 579 4072 σφω
598 4000 769 4056 etoDomb.
826 4017 920 4071 ergoo
956 4003 990 4055 22
1006 4005 1114 4056 etanta
1130 4003 1286 4074 ipsaemq
1320 3999 1443 4055 231esus

297 4087 393 4142 Chao
446 4090 481 4142 24
500 4091 558 4142 uiro
578 4106 664 4160 orno
