3192 4959
329 439 394 503 398
672 437 699 492 S.
727 437 1134 508 Aurelii-Augustini

326 631 460 697 refertur
484 632 523 696 ed
546 632 686 696 functum
711 633 798 715 pacis
823 636 978 699 aeternae.
1008 635 1208 718 Quapropter
1232 636 1261 701 si
1284 636 1467 700 irrationalia

328 759 471 804 essemus
496 741 676 816 animantia,
701 741 782 805 nihil
807 740 1029 825 adpeteremus
1058 746 1183 824 praeter
1205 743 1382 807 ordinatam
1404 746 1466 806 tom·

328 850 507 928 paraturam
538 847 676 930 partium
710 849 851 930 eorporis
886 851 917 912 et
949 849 1090 930 requiem
1124 849 1370 932 adpetitionum
1403 848 1468 912 nihil

327 972 400 1036 ergo
433 957 557 1037 praeter
590 955 729 1036 quietem
761 957 864 1020 earnis
898 958 930 1019 et
963 957 1088 1038 eopiam
1115 956 1332 1038 uoluptatum,
1363 960 1397 1020 nt
1421 975 1468 1038 par

326 1061 464 1144 eorporis
497 1061 664 1144 prodesset
694 1062 764 1145 paoi
794 1063 926 1127 animae.
961 1063 995 1128 Si
1023 1064 1106 1127 enim
1135 1063 1219 1128 desit
1249 1082 1308 1146 pan
1333 1063 1496 1145 eorporisa

325 1166 487 1249 inpeditur
519 1168 616 1230 etiam
642 1167 841 1232 inrationalis
870 1169 991 1233 animae
1018 1188 1088 1250 pax,
1117 1169 1192 1250 quia
1219 1169 1362 1250 requiem
1390 1169 1465 1249 adpe-

325 1275 474 1339 titionum
500 1275 652 1357 oousequi
675 1295 736 1340 uon
759 1279 877 1358 potest.
903 1277 1082 1360 Utrumque
1106 1279 1213 1341 eutem
1238 1277 1335 1340 simul
1360 1277 1388 1340 ei
1408 1276 1464 1358 paoi

325 1380 463 1464 prodest,
489 1400 582 1462 quam
605 1382 687 1445 inter
709 1401 743 1445 se
768 1382 886 1447 habent
910 1383 1013 1446 anima
1033 1385 1066 1446 et
1085 1401 1211 1466 corpus,
1235 1382 1268 1446 id
1288 1385 1338 1446 est
1358 1381 1462 1445 ordina·

325 1491 375 1551 tae
408 1489 494 1551 uitae
527 1506 564 1551 ao
597 1489 723 1552 salutis.
757 1487 849 1552 Siout
881 1489 965 1553 euim
996 1508 1108 1570 paoem
1143 1489 1283 1572 eorporis
1313 1507 1413 1552 amare
1437 1505 1463 1550 se

324 1594 497 1659 ostendunt
520 1594 703 1673 animantia,
727 1613 799 1659 oum
824 1595 954 1680 fugiunt
977 1596 1128 1672 dolonem,
1154 1599 1185 1660 et
1209 1615 1322 1678 paoem
1346 1595 1463 1668 animae,
1478 1617 1494 1656 o

323 1720 397 1765 oum
428 1704 558 1785 propter
590 1701 757 1783 explendas
790 1701 982 1785 indigentias
1011 1701 1244 1784 adpetitionum
1277 1701 1464 1784 uoluptatem

324 1811 513 1889 sequuntur:
542 1809 588 1870 ita
610 1810 746 1871 mortem
770 1808 920 1891 fugiendo
946 1809 1025 1873 satis
1047 1808 1199 1882 indicant,
1228 1809 1383 1890 quantum
1406 1804 1464 1868 dili.

324 1918 400 2000 gant
422 1933 543 1996 paoem,
573 1915 720 1997 quesibi
744 1916 955 1980 oouoiliantur
978 1915 1082 1980 anima
1106 1919 1137 1980 et
1161 1933 1287 1997 eorpus.
1318 1913 1380 1979 Sed
1401 1911 1461 1994 quis

325 2022 446 2087 homini
473 2021 636 2085 rationalis
665 2021 772 2085 anima
798 2021 893 2100 inest,
921 2024 1026 2087 totum
1055 2022 1126 2100 hoo,
1156 2019 1242 2103 quod
1268 2020 1367 2084 habet
1393 2037 1461 2084 oom-

322 2148 418 2193 mune
451 2147 524 2192 oum
556 2128 681 2203 bestiis,
715 2128 826 2192 subdit
857 2129 928 2211 paui
957 2128 1079 2192 animae
1107 2127 1283 2206 rationalis,
1312 2131 1349 2190 ut
1372 2127 1492 2189 mentae

322 2234 442 2317 aliquid
467 2235 700 2317 contempletur·
723 2237 756 2298 et
778 2235 953 2299 seeundum
982 2235 1043 2300 hoo
1066 2234 1187 2317 aliquid
1212 2239 1298 2318 aget,
1323 2236 1360 2297 ut
1381 2231 1461 2296 sitsi

322 2342 465 2406 ordinata
488 2323 679 2424 cognitionis
702 2341 899 2424 notionisque
924 2343 1099 2418 consensio,
1129 2359 1222 2422 quam
1248 2357 1357 2422 paoem
1380 2338 1459 2402 retio-

320 2448 401 2512 nalis
426 2449 548 2512 animae
572 2448 761 2513 dixeramus.
789 2448 839 2512 Ad
863 2449 922 2514 lroo
952 2450 1033 2513 enim
1057 2449 1141 2513 nelle
1170 2447 1266 2511 debet
1287 2465 1346 2510 neo
1368 2444 1458 2508 dolore

321 2555 484 2620 molestari
520 2573 578 2620 neo
615 2553 770 2619 desiderio
809 2555 986 2637 perturbari
1022 2575 1080 2620 neo
1116 2557 1217 2619 morte
1255 2552 1397 2624 dissolui,
1429 2555 1458 2610 ut

322 2662 443 2744 aliquid
470 2662 549 2726 utile
579 2666 752 2745 cognoseat
780 2666 812 2726 et
843 2662 1017 2726 seeundum
1042 2681 1109 2726 eam
1134 2662 1350 2746 cognitionem
1372 2657 1488 2722 uitame

321 2787 488 2850 moresque
521 2771 686 2850 conponat.
719 2768 782 2833 Sed
815 2787 853 2832 ne
886 2769 955 2850 ipso
985 2768 1091 2832 studio
1121 2767 1315 2852 cognitionis
1346 2769 1457 2850 propter

319 2875 476 2938 humanae
500 2874 616 2940 mentis
639 2874 856 2939 infirmitatem
880 2875 910 2938 in
935 2877 1058 2954 pestem
1083 2875 1217 2939 alicuius
1238 2873 1350 2938 erroris
1367 2873 1455 2935 iuour·

319 2984 377 3056 rat,
408 3000 488 3064 opus
517 2981 613 3045 habet
642 2981 825 3065 magisterio
850 2981 969 3060 diuino,
1000 2982 1052 3045 oui
1076 2983 1183 3045 certus
1207 2981 1408 3062 obtemperet,
1429 2979 1455 3038 et

320 3086 488 3164 adiutorio,
517 3090 554 3152 ut
580 3088 661 3151 libor
688 3088 895 3170 obtemperet.
924 3089 965 3151 Et
993 3088 1152 3170 qnoniam,
1182 3087 1334 3170 quamdin
1361 3088 1406 3150 est
1427 3083 1454 3143 in

319 3192 382 3255 isto
415 3194 541 3258 mortali
574 3212 717 3275 corpore,
754 3194 973 3278 peregrinatur
1005 3213 1022 3258 a
1049 3194 1205 3259 Domino:
1240 3193 1381 3257 ambulat
1409 3205 1485 3270 pore

318 3297 423 3374 fidem,
448 3318 508 3363 non
533 3318 587 3381 par
610 3299 762 3383 speeiem3
787 3318 823 3363 ao
845 3319 902 3382 per
924 3299 985 3364 hoo
1009 3318 1136 3364 omnem
1159 3317 1270 3380 paoem
1291 3298 1343 3363 uel
1362 3312 1454 3375 corpo·

319 3405 362 3468 ris
391 3407 445 3470 uel
472 3407 594 3470 animae
621 3407 675 3470 uel
704 3406 801 3469 simul
831 3405 969 3487 eorporis
995 3409 1026 3470 et
1054 3404 1176 3469 animae
1200 3405 1298 3468 refert
1320 3404 1359 3468 ad
1377 3401 1454 3465 illam

318 3529 439 3592 paoem,
472 3531 552 3593 quae
585 3512 706 3576 homini
737 3513 864 3576 mortali
897 3517 947 3576 est
974 3531 1046 3576 oum
1075 3512 1235 3577 inmortali
1263 3511 1342 3588 Deo,
1373 3515 1404 3572 ut
1429 3504 1452 3566 oi

319 3615 362 3679 sit
391 3617 533 3682 ordinata
564 3618 595 3680 in
624 3617 686 3681 fide
715 3618 774 3682 sub
806 3622 931 3682 aeterna
959 3618 1030 3701 lege
1060 3618 1269 3683 oboedientia
1298 3618 1362 3682 Iam
1388 3627 1452 3677 uero

407 3861 485 3916 252.
505 3860 565 3915 Cor.
585 3864 610 3926 5,
630 3861 645 3913 6
664 3879 704 3931 sq.

354 4037 591 4092 linrationabilia
609 4039 681 4108 ope
727 4042 814 4108 δραι
834 4040 972 4094 animoso
1019 4041 1049 4092 ll
1073 4038 1246 4110 expellendas
1262 4055 1280 4109 9
1325 4038 1355 4090 12
1372 4012 1442 4102 outn-

316 4164 534 4232 teminorum.
553 4140 699 4233 ¹quantine
754 4166 786 4218 17
807 4165 964 4235 oognitlop
1016 4165 1050 4218 18
1071 4163 1150 4234 uelp
1198 4165 1231 4218 21
1251 4165 1334 4217 istoc
1376 4157 1440 4211 23&

316 4250 400 4307 adint.
420 4255 451 4304 nt
468 4252 515 4305 lib.
536 4251 706 4322 obtemperet
724 4270 774 4308 om.
794 4253 856 4323 ⁶¹9¹
947 4254 981 4308 28
1001 4269 1061 4307 oum
1080 4253 1138 4307 Deo
1158 4252 1334 4306 immortalia
1404 4242 1438 4294 ‘Sl

316 4357 376 4393 cum
395 4339 532 4394 inmortali
550 4358 602 4395 ooo
621 4359 635 4394 a
689 4345 723 4396 29
742 4343 788 4413 sit]
810 4344 833 4396 si
850 4361 868 4412 p
