3192 4959
339 445 389 497 De
419 442 593 497 ciuitate
621 440 683 494 dei
710 439 777 493 lib.
800 437 886 492 llel.
911 453 986 506 cap.
1017 435 1059 490 10.
1089 437 1130 488 ll.
1246 437 1310 500 615

156 640 246 724 passi
274 641 358 717 sunt,
388 641 425 702 ut
451 636 578 720 possint
604 636 707 700 facere
735 635 823 699 mira.
856 633 891 698 ln
922 634 968 697 eis
996 633 1081 696 ueris
1112 635 1161 696 est
1193 631 1311 714 praeci-

157 767 269 829 puum,
307 744 392 828 quod
429 743 576 808 Christus
613 742 783 807 resurrexit
819 760 837 806 a
874 740 1007 806 mortuis
1041 743 1073 804 et
1105 736 1312 803 inmortalita-

156 858 225 918 tem
246 851 486 917 resurrectionis
509 851 542 914 in
567 869 626 914 sua
649 869 742 915 carne
769 849 891 931 primus
921 846 1070 923 ostendit,
1096 865 1190 929 quarn
1219 844 1311 910 nobis

157 960 340 1024 adiuturam
372 958 425 1022 uel
458 958 489 1020 in
522 957 675 1039 principio
708 957 785 1021 noui
819 954 938 1020 saeculi
971 955 1022 1018 uel
1054 955 1086 1017 in
1120 952 1216 1016 huius
1249 951 1311 1016 fine

126 1067 315 1150 spromisit.

627 1256 765 1322 CAPUT
789 1257 844 1320 XI.

159 1400 312 1465 Contra
342 1401 595 1477 Platonicos,
629 1399 697 1482 qui
730 1398 772 1462 de
801 1395 1064 1462 naturalibus
1098 1396 1309 1462 elemento·

157 1527 240 1571 rum
269 1507 522 1590 ponderibus
550 1509 890 1590 argumentantur
920 1505 1127 1568 terrenum
1161 1522 1309 1588 corpus

462 1613 500 1676 in
526 1615 640 1678 caelo
665 1631 755 1677 esse
779 1630 854 1676 non
877 1629 1009 1694 posse.

114 1787 139 1823 lc
174 1778 176 1782 ·
203 1754 320 1821 Contra
349 1755 432 1838 quod
460 1775 612 1838 magnum
637 1755 695 1820 Dei
719 1755 837 1819 donum
865 1753 1106 1818 ratiocinatores
1129 1753 1195 1828 isti,
1221 1773 1309 1836 quo·
1357 1812 1359 1817 .

157 1882 243 1926 rum
273 1861 553 1946 cogitationes
586 1862 704 1926 nouit
737 1860 932 1925 Dominus
967 1861 1153 1942 quoniam
1185 1879 1309 1924 uanae

158 1972 264 2043 sunt,
298 1969 336 2033 de
364 1969 557 2051 ponderibus
586 1971 816 2033 elementorum
850 1969 1127 2052 argumentantem
1161 1967 1308 2049 quoniam

158 2075 284 2140 scilicet
311 2077 465 2160 magistro
494 2077 627 2140 Platone
656 2075 834 2140 didicerunt
862 2074 972 2138 mundi
1000 2074 1062 2138 duo
1092 2093 1223 2157 corpora
1245 2093 1309 2138 ma-

155 2183 242 2247 xima
274 2181 375 2264 adque
409 2187 570 2265 postrema
598 2183 723 2247 duobus
751 2182 877 2256 mediis,
909 2200 978 2246 aere
1007 2181 1131 2246 scilicet
1159 2183 1190 2246 et
1218 2199 1309 2263 aqua,

112 2319 138 2356 rs
157 2308 229 2353 esse
254 2290 403 2372 copulata
426 2289 528 2372 adque
553 2291 728 2354 coniuncta.
752 2290 798 2352 Ac
817 2307 874 2370 per
890 2288 961 2364 hoo,
981 2288 1139 2368 inquiunt,
1161 2287 1309 2370 quoniam

155 2400 241 2460 terra
274 2395 387 2460 abhinc
416 2415 545 2461 sursum
572 2415 687 2461 uersus
717 2399 767 2460 est
792 2396 905 2478 prima,
939 2393 1077 2460 secunda
1106 2412 1187 2475 aqua
1215 2413 1311 2478 super

155 2507 286 2580 terram,
311 2503 424 2567 tertius
450 2523 503 2568 aer
526 2523 621 2586 super
645 2523 770 2585 aquam,
796 2505 945 2585 quartum
965 2521 1061 2584 super
1084 2519 1156 2565 aera
1175 2501 1309 2577 caelum,

155 2629 218 2673 non
250 2611 360 2690 potest
392 2628 463 2673 esse
497 2612 655 2674 terrenum
688 2628 803 2693 corpus
831 2609 863 2673 in
892 2609 996 2684 caelo;
1025 2608 1194 2672 momentis
1226 2607 1308 2671 enirn

154 2715 304 2798 propriis,
328 2720 366 2779 ut
385 2716 526 2781 ordinem
547 2736 641 2780 suurn
660 2719 800 2792 teneant,
821 2715 948 2800 singula
967 2716 1125 2779 elementa
1142 2712 1310 2779 librantur.

109 2821 240 2893 sollcrs
270 2822 417 2904 qualibus
446 2825 641 2906 argumentis
671 2822 917 2906 omnipotentiae
940 2822 1000 2886 Dei
1027 2822 1165 2886 humana
1188 2825 1309 2886 contro-

156 2927 236 2992 dioit
264 2927 441 3005 infirmitas,
471 2947 566 3010 quam
590 2929 735 3010 possidet
757 2928 893 2993 uanitas.
924 2927 1007 3008 Quid
1036 2946 1108 3010 ergo
1133 2927 1256 2992 faciunt
1277 2929 1308 2992 in

155 3051 227 3098 aere
255 3036 379 3098 terrena
406 3039 456 3099 tot
484 3053 623 3117 corpora,
653 3055 725 3099 cum
754 3054 772 3099 a
800 3035 882 3098 terra
911 3035 952 3098 sit
981 3053 1034 3097 aer
1066 3035 1206 3099 tertius?
1238 3033 1310 3100 Nisi

155 3141 248 3217 forte,
274 3141 327 3223 qui
346 3161 403 3224 per
420 3141 601 3224 plumarum
622 3144 653 3206 et
672 3160 844 3223 pennarum
864 3140 1028 3205 leuitatem
1051 3141 1183 3207 donauit
1202 3143 1310 3206 auium

155 3245 290 3311 terrenis
318 3247 515 3330 corporibus,
544 3251 582 3312 ut
608 3252 775 3330 portentur
797 3248 829 3312 in
860 3267 940 3324 aere,
968 3247 1193 3314 inmortalibus
1217 3248 1310 3314 factis

107 3383 134 3425 25
155 3353 341 3435 corporibus
371 3354 536 3419 bominum
564 3375 625 3420 non
653 3355 772 3438 poterit
795 3339 910 3418 donare
934 3353 1098 3432 uirtutem,
1128 3356 1309 3438 quostiam

154 3459 188 3523 in
217 3477 343 3524 summo
373 3461 460 3524 caelo
490 3460 619 3525 ualeant
646 3461 798 3526 habitare.
826 3460 985 3524 Animalia
1009 3481 1133 3544 quoque
1157 3464 1226 3546 ipsa
1250 3467 1310 3528 ter-

154 3584 240 3642 rena,
273 3585 353 3648 quae
382 3567 491 3632 unlare
518 3587 578 3632 non
607 3556 755 3651 possunt,
786 3568 819 3631 in
848 3567 963 3649 quibus
993 3573 1026 3632 et
1052 3569 1194 3634 homines
1224 3574 1308 3647 sunt,

246 3836 279 3889 ro
297 3836 342 3890 ns.
358 3838 407 3907 sa,
429 3840 460 3891 11
519 3840 553 3893 ra
572 3839 644 3896 Pras.
664 3839 734 3894 nrm.
755 3858 781 3908 p.
801 3841 836 3892 sa

192 3962 204 4014 l
232 3961 342 4030 possint
365 3963 431 4032 bpp
455 3963 705 4033 Dornb.;'possent
728 3980 820 4032 arpo
949 3963 983 4018 10
1009 3963 1109 4017 donum
1131 3981 1192 4032 sup.
1220 3965 1269 4018 liar.
1292 3982 1310 4034 9

155 4053 189 4104 14
208 4049 266 4104 aeri
283 4067 301 4120 p
372 4068 442 4121 aque
459 4069 478 4121 9
542 4054 574 4106 16
593 4070 689 4106 uersus
708 4069 759 4106 carr.
777 4069 797 4120 p
865 4054 896 4106 17
917 4053 1018 4106 tercius
1037 4069 1127 4121 aqaer,
1146 4070 1180 4106 m,
1200 4057 1220 4108 2
1240 4054 1310 4107 virale

154 4143 313 4202 correctum,
333 4155 393 4193 cum
411 4157 447 4194 m.
465 4145 481 4194 1
500 4158 536 4210 aq
555 4142 661 4195 lineola
680 4141 797 4195 deletum
817 4147 929 4210 essetp
985 4157 1074 4194 aerem
1095 4141 1186 4195 b²e¹a
1224 4143 1256 4196 19
1276 4142 1308 4194 li·

154 4255 318 4320 beranture
372 4255 407 4310 20
426 4257 596 4311 contradicet
612 4258 641 4328 9¹
696 4257 731 4310 22
749 4223 860 4328 terrem?
875 4273 892 4326 p
947 4259 980 4312 25
1001 4273 1087 4326 quep
1145 4259 1179 4313 26
1199 4259 1311 4313 ualeant

153 4343 283 4397 babitare
304 4361 322 4397 a
333 4345 348 4398 b
359 4361 463 4414 eppa·
480 4345 568 4400 habit.
587 4347 642 4400 ual.
662 4347 760 4400 Domb.
