3192 4959
281 465 354 532 102ι
626 462 653 516 S.
682 463 839 516 Aurelii
867 464 1086 533 Augustini

278 657 438 741 photicam
474 657 630 740 praebuit,
663 658 716 722 uel
753 657 792 722 ad
826 655 989 724 Christum
1025 659 1230 723 secundum
1268 677 1427 736 carnem,

278 763 343 847 qui
381 767 439 830 est
476 783 588 847 super
625 765 746 830 omnia
784 764 884 829 Deus
920 765 1147 831 benedictus
1184 766 1219 830 in
1258 765 1428 839 saecula,

279 889 432 954 supernae
455 871 655 936 Hierusalem
679 871 850 938 fabricator
871 871 974 954 adque
996 875 1155 955 regnator,
1175 891 1248 937 cum
1269 875 1341 938 tota
1357 890 1429 954 pro·

279 977 387 1061 genias
412 975 488 1044 Cain
513 977 635 1044 diluuio
660 977 704 1044 sit
726 977 853 1042 deleta?
891 978 979 1043 Unde
1005 978 1108 1042 uideri
1129 982 1239 1061 potest
1258 979 1291 1042 in
1314 977 1428 1043 eodem

278 1083 386 1149 ordine
409 1083 647 1168 generationum
666 1084 896 1168 primogenitos
915 1085 1017 1149 fuisse
1038 1089 1313 1151 commemoratos.
1338 1083 1430 1164 Quur
1457 1107 1471 1149 a

278 1209 352 1274 argo
375 1193 442 1256 1999
465 1191 559 1274 pauci
583 1193 679 1256 sunt?
709 1189 779 1256 Non
804 1193 889 1256 enirn
912 1211 1015 1274 usque
1038 1191 1078 1256 ad
1101 1191 1262 1256 diluuium
1283 1195 1334 1256 tot
1355 1210 1428 1256 esse

276 1301 458 1380 potuerunt,
482 1315 543 1363 uon
572 1295 760 1363 necantibus
787 1315 892 1380 usque
919 1297 960 1362 ad
987 1297 1197 1364 centenariam
1224 1297 1428 1380 pubertatem

276 1403 420 1487 patribus
453 1403 491 1468 ab
525 1403 629 1468 officio
664 1402 844 1487 generandi,
875 1405 902 1467 si
934 1423 996 1470 non
1026 1406 1094 1468 erat
1120 1406 1197 1468 tunc
1224 1404 1428 1487 proportione

275 1509 502 1592 longaeuitetis
535 1509 623 1574 illius
656 1510 751 1574 etiam
785 1528 856 1574 sere
886 1510 1048 1592 pubertas.
1082 1510 1128 1576 Ut
1154 1511 1237 1576 enim
1270 1529 1427 1593 peraeque

275 1615 406 1699 triginta
425 1635 578 1680 annorum
596 1615 723 1694 fuerint,
740 1635 813 1682 oum
830 1616 915 1682 filios
934 1635 1084 1701 generare
1102 1619 1283 1701 coeperunt,
1304 1617 1426 1681 octiens
1444 1641 1472 1681 ιο

275 1723 388 1788 tnoeni
415 1721 579 1808 (quoniam
608 1726 680 1788 octo
709 1726 784 1788 sunt
812 1725 1031 1808 generationes
1059 1743 1134 1790 cum
1160 1723 1262 1789 Adam
1291 1726 1426 1788 etcum

275 1830 321 1894 eis
350 1847 430 1912 quos
459 1829 569 1912 genuit
594 1827 747 1915 Lamech)
774 1829 904 1895 ducenti
931 1834 965 1895 et
992 1831 1202 1914 quadraginta
1229 1834 1305 1895 sunt
1336 1831 1425 1895 anni:

275 1955 348 2000 num
374 1935 481 2019 itaque
504 1939 572 2000 toto
598 1936 710 2002 deinde
729 1939 874 2020 tempore
891 1956 995 2020 usque
1014 1936 1055 2001 ad
1072 1937 1232 2002 diluuium
1250 1955 1312 2002 non
1332 1957 1426 2021 gene·

273 2045 445 2108 raserunt?
483 2040 554 2121 Qua
576 2042 702 2108 tandem
728 2063 834 2122 causa,
859 2045 913 2127 qui
937 2043 1016 2109 haec
1039 2044 1179 2128 scripsit,
1203 2044 1426 2128 generationes

275 2167 520 2214 commemorare
548 2150 652 2215 noluit
680 2169 760 2232 qnae
789 2154 985 2233 sequuntur?
1022 2149 1104 2216 Nam
1132 2169 1169 2215 ex
1191 2150 1294 2215 Adam
1320 2169 1425 2233 usque
1444 2174 1469 2213 a
1580 2208 1581 2223 ,

274 2254 313 2319 ad
333 2253 494 2320 'diluuium
519 2259 731 2339 conputantur
754 2256 826 2320 anni
850 2257 1026 2321 secundum
1050 2256 1177 2322 codices
1204 2259 1333 2323 nostros
1361 2256 1424 2320 duo

274 2360 363 2424 milia
386 2359 516 2426 ducenti
540 2362 704 2446 sexaginta
728 2363 805 2438 duo;
831 2362 1006 2428 secundum
1024 2363 1189 2429 Hebraeos
1208 2367 1315 2428 991999
1334 2363 1424 2428 mille

275 2467 411 2532 sescenti
434 2467 667 2552 quinquaginta
690 2486 752 2534 ser.
791 2467 837 2534 Ut
860 2487 934 2551 ergo
956 2469 1057 2533 istum
1078 2488 1246 2534 numerum
1269 2469 1425 2534 minorem

274 2573 438 2638 credamus
467 2592 537 2638 esse
565 2573 731 2650 aeriorem,
757 2574 795 2640 de
823 2574 913 2638 mille
937 2575 1091 2640 sescentis
1115 2576 1347 2659 quinquaginta
1370 2594 1424 2640 sex

273 2679 363 2744 annis
388 2678 516 2745 ducenti
541 2679 752 2764 quadraginta
775 2679 992 2746 debebantur:
1021 2681 1177 2764 numquid
1200 2681 1350 2747 credibile
1374 2684 1426 2746 est
1443 2699 1473 2742 so

272 2805 327 2868 per
354 2785 441 2850 mille
470 2786 728 2870 quadringentos,
754 2790 786 2851 et
809 2787 895 2869 quod
919 2788 1066 2866 excurrit,
1090 2807 1201 2867 annos,
1226 2789 1280 2870 qui
1302 2791 1426 2853 restant

272 2911 373 2974 usque
402 2890 570 2971 diluuium,
594 2894 778 2977 progeniem
804 2893 880 2958 Cain
904 2914 922 2958 a
946 2894 1203 2978 generationibus
1230 2913 1344 2960 uacum
1367 2913 1424 2978 po·

272 2998 398 3064 tuisse?

318 3103 377 3170 Sed
408 3104 463 3187 qui
491 3123 528 3170 ex
554 3105 615 3170 hoc
643 3111 803 3184 mouetur,
827 3107 1017 3185 meminerit,
1042 3126 1115 3172 oum
1141 3127 1334 3190 quaererem,
1360 3127 1423 3191 quo

274 3210 367 3276 modo
396 3209 587 3276 credendum
615 3212 659 3277 sit
686 3213 833 3295 antiquos
861 3213 936 3279 illos
964 3214 1109 3280 homines
1132 3233 1189 3298 per
1210 3218 1277 3280 tarn
1299 3215 1422 3280 multos
1442 3231 1472 3271 2⁵
1580 3262 1581 3339 1

273 3337 371 3384 99999
395 3336 413 3381 a
436 3317 602 3402 gignendis
625 3317 701 3383 filiis
726 3338 850 3384 cessare
874 3320 1030 3404 potuisse,
1050 3320 1175 3386 duobus
1199 3321 1303 3386 modis
1325 3321 1424 3397 istam

274 3424 412 3489 solutam
437 3441 506 3488 esse
531 3425 764 3507 quaestionem:
790 3429 845 3490 aut
868 3425 907 3489 de
931 3445 1002 3490 sera
1024 3426 1201 3508 pubertate,
1221 3426 1424 3510 proportione

272 3535 338 3596 tam
365 3531 479 3614 longae
507 3530 605 3608 uitae,
629 3535 685 3596 aut
712 3532 750 3623 de
779 3531 855 3596 filiis
885 3533 940 3615 qui
963 3537 1251 3599 commemorantur
1272 3534 1305 3598 in
1330 3553 1423 3618 gene-

272 3637 458 3716 rationibus,
484 3636 567 3718 quod
591 3656 651 3702 non
676 3637 794 3702 fuerint
817 3623 1032 3723 primogeniti,
1057 3639 1113 3703 sed
1136 3639 1180 3718 hi,
1200 3659 1256 3722 per
1278 3659 1358 3723 quos
1383 3639 1422 3704 ad

362 3897 376 3950 1
396 3896 473 3952 Rom.
492 3897 519 3965 9,
537 3898 554 3950 5

307 4053 370 4119 4in
390 4053 490 4108 dilue
553 4055 708 4124 8patrisc
780 4053 909 4110 obfitioe
975 4059 1059 4127 9per
1078 4073 1110 4112 es
1129 4074 1181 4129 que
1200 4075 1233 4123 9;
1251 4052 1421 4130 peraqusee

275 4143 409 4200 tefuerit
432 4142 458 4193 V
521 4143 553 4196 12
573 4146 732 4212 etcepp
808 4144 1103 4214 18999991911917
1174 4148 1208 4201 22
1227 4152 1421 4216 etp.103,7

271 4247 356 4300 usque
380 4231 451 4300 Vrp
469 4229 584 4299 Doneb.,·
603 4247 688 4324 usque
707 4229 742 4284 ad
761 4231 882 4302 abepe
937 4234 971 4324 22
992 4235 1052 4288 cain
1070 4235 1301 4304 generationibus,
1321 4237 1419 4291 omues

271 4355 429 4426 progeniem
450 4359 474 4408 et
494 4372 520 4420 a,
535 4371 556 4422 p
611 4355 646 4409 24
660 4331 691 4408 'in
712 4355 772 4420 hoc,
791 4356 823 4409 in
840 4373 926 4427 marg.
945 4334 978 4412 er
996 4359 1056 4422 hoc,
1077 4376 1090 4415 e
