3192 4959
385 483 435 537 De
463 483 638 537 ciuitate
666 483 727 537 dei
754 483 820 537 lib.
847 482 904 535 XV.
934 499 1009 554 cap.
1038 485 1079 537 15.
1261 485 1302 548 91

155 681 221 741 erat
248 677 390 754 iuturus,
419 679 474 760 qui
505 677 642 760 inpleret
672 677 760 742 illius
790 678 1003 752 sanctitatem,
1033 697 1094 741 non
1124 679 1209 759 quod
1235 679 1304 760 ipse

154 782 239 864 prior
275 785 351 866 post
387 802 461 848 eum
497 783 648 866 temporis
687 784 794 848 ordine
831 788 1023 849 nasceretur.
1062 783 1181 848 Deinde
1219 785 1305 867 quod

155 889 397 972 scriptumest:
422 888 535 953 Vixit
558 892 691 954 antem
716 889 815 955 Seth
840 891 1017 973 quinque
1041 895 1080 954 et
1104 891 1302 956 ducentos

155 1015 276 1060 annos
319 996 386 1080 (uel
428 995 603 1061 secundum
645 997 809 1061 Hebraeos
851 996 1029 1078 quinque
1067 1001 1106 1061 et
1142 1000 1302 1062 centum

125 1103 307 1185 rennos),
342 1107 381 1167 et
407 1103 550 1187 genuit
576 1092 631 1167 En'
638 1123 695 1168 os:
730 1103 801 1186 quis
829 1104 933 1186 possit
960 1102 1022 1167 nisi
1049 1103 1302 1168 inconsideratus

156 1209 343 1274 adseuerate
379 1209 463 1275 bunc
500 1211 568 1274 eius
604 1210 852 1294 primogenitum
886 1212 1007 1276 inisse?
1044 1216 1082 1275 ut
1112 1210 1303 1276 admirantes

156 1316 269 1380 merito
294 1317 503 1398 requiramus,
530 1336 592 1399 quo
615 1315 710 1381 modo
734 1337 791 1400 per
812 1320 863 1382 tot
886 1337 983 1382 annos
1006 1317 1145 1382 inmunis
1168 1317 1306 1382 fuerita

156 1423 290 1488 conubio
329 1423 397 1487 sine
434 1423 499 1487 ullo
537 1423 700 1506 proposito
734 1424 946 1488 continentiae
979 1425 1031 1488 uei
1064 1443 1126 1489 uon
1159 1424 1305 1508 genuerit

156 1531 362 1614 coniugatum
384 1529 507 1612 qnando
527 1529 654 1614 quidem
676 1530 770 1594 etiarn
792 1531 830 1594 de
848 1531 920 1614 ipso
939 1532 1070 1615 legitur:
1090 1531 1138 1596 ut
1160 1531 1304 1614 genuit

115 1636 277 1700 rofilios
308 1639 347 1701 et
374 1636 502 1714 filias,
532 1641 570 1701 et
598 1637 765 1700 fuerunt
798 1657 932 1702 omnes
961 1637 1050 1701 dies
1083 1637 1181 1702 Seth
1214 1639 1302 1704 drio-

156 1741 283 1806 decim
310 1745 349 1805 et
367 1742 678 1825 nongentianni,
697 1744 1302 1827 etmortunsestAdqueitadein·

157 1867 240 1930 cepe,
256 1867 393 1929 quorum
407 1849 479 1912 anni
496 1853 793 1928 commemorantur,
809 1869 866 1914 nec
884 1850 968 1916 filios
988 1850 1134 1934 filiasque
1153 1851 1303 1935 genuisse

156 1955 341 2019 remeantur.
363 1955 409 2019 Ac
434 1973 490 2038 per
512 1955 573 2020 hoo
596 1975 655 2020 non
680 1961 812 2039 apparet
831 1957 966 2036 omnino,
991 1961 1110 2030 utrum,
1131 1959 1186 2040 qui
1204 1959 1303 2022 nomi·

157 2067 248 2125 natur
273 2060 413 2145 genitus,
437 2061 506 2144 ipse
529 2061 626 2126 tuerit
647 2064 895 2146 primogenitus;
919 2064 1016 2129 immo
1040 2084 1128 2141 uero,
1153 2066 1303 2147 quoniam

119 2189 141 2227 n
159 2167 308 2232 credibile
335 2187 397 2232 nou
422 2172 472 2232 est
494 2173 598 2250 patres
621 2168 695 2233 illos
720 2173 824 2234 aetate
849 2174 913 2234 tam
936 2171 1033 2254 longa
1056 2177 1110 2236 aut
1133 2171 1302 2254 inpuberes

158 2273 255 2339 tuisse
289 2279 345 2339 aut
378 2275 566 2358 coniugibus
598 2276 737 2340 caruisse
770 2279 823 2340 uel
851 2277 981 2355 fetibus,
1008 2297 1067 2343 nec
1092 2277 1167 2343 illos
1192 2297 1302 2343 eorum

158 2379 237 2444 tilios
266 2381 387 2464 primos
415 2381 461 2446 eis
489 2385 580 2446 natos
609 2382 709 2446 fuisse
738 2382 889 2448 credibile
917 2388 976 2452 est.
1007 2385 1069 2449 Sed
1098 2404 1171 2450 cnm
1196 2404 1302 2450 sacrae

159 2487 292 2568 scriptor
327 2487 479 2551 historiae
516 2488 555 2551 ad
593 2491 695 2553 ortum
728 2489 891 2572 uitamque
923 2491 1002 2570 Noe,
1037 2492 1128 2557 cuius
1160 2495 1301 2574 tempore

159 2591 314 2658 diluuium
347 2593 467 2672 iactum
497 2597 556 2669 est,
584 2613 640 2677 per
672 2595 890 2660 successiones
919 2598 1157 2680 generationum
1184 2597 1300 2663 notatis

120 2721 142 2758 νο
159 2699 353 2782 temporibus
386 2698 562 2764 intenderet
594 2700 767 2782 peruenire,
802 2719 854 2765 eas
888 2703 998 2784 utique
1029 2705 1301 2779 commemorauit,

159 2825 215 2870 uon
243 2825 326 2888 quae
354 2807 474 2888 primae
498 2805 565 2870 suis
589 2807 772 2888 parentibus
797 2809 924 2887 fuerint,
953 2810 1009 2874 sed
1033 2811 1168 2892 quaein
1191 2831 1302 2894 propa-

160 2912 291 2992 gationis
317 2912 457 2976 ordiuem
482 2913 635 2978 uenerint.

199 3019 343 3101 Exempli
376 3020 486 3104 gratia,
520 3038 582 3102 quo
614 3021 648 3084 id
680 3021 736 3085 fiat
764 3023 917 3103 apertius,
946 3023 1067 3105 aliquid
1095 3024 1301 3106 interponam,

159 3125 236 3190 unde
268 3126 379 3190 nuilus
412 3126 554 3210 ambigat
585 3126 652 3190 fieri
685 3131 830 3210 potuisse
863 3128 947 3210 quod
980 3131 1061 3197 dico.
1097 3131 1303 3214 Euangelista

122 3231 338 3296 abiattbaeus
367 3233 602 3316 generationem
631 3232 806 3299 dominicae
839 3236 941 3300 carnis
970 3257 1026 3319 per
1053 3239 1166 3302 seriem
1194 3258 1301 3322 paren-

159 3345 222 3402 tum
247 3339 361 3402 uolens
386 3338 603 3404 commendare
632 3341 812 3418 memoriae,
842 3341 966 3406 ordiens
991 3361 1009 3405 a
1031 3346 1120 3425 patre
1142 3343 1302 3406 Abrabam

159 3445 254 3527 adque
280 3445 318 3509 ad
343 3445 449 3509 Dauid
471 3445 620 3528 primitus
640 3451 676 3510 nt
695 3448 874 3529 perueniret
891 3448 1069 3512 intendens:
1094 3449 1301 3527 Abraham,

158 3549 263 3634 inquit,
290 3553 434 3636 genuit
457 3545 587 3629 Isaac3
612 3572 693 3635 quur
716 3573 776 3618 non
797 3554 875 3618 dixit
892 3555 1019 3630 Isrnael,
1039 3575 1133 3638 quem
1154 3557 1301 3636 primitus

159 3659 284 3740 genuit?
318 3659 435 3722 Isaac
465 3663 607 3736 autem,
640 3660 752 3741 inquit,
788 3661 931 3744 genuit
958 3661 1094 3737 iaoob;
1132 3682 1213 3743 quur
1240 3681 1301 3726 non

123 3789 144 3828 u
160 3763 232 3828 dixit
253 3766 352 3842 Esau,
379 3764 433 3846 qni
458 3765 525 3830 eius
549 3765 780 3850 primogenitus
804 3768 887 3831 fnit?
912 3764 993 3844 quia
1012 3768 1136 3833 scilicet
1154 3789 1209 3852 per
1227 3769 1301 3832 illos

160 3869 195 3934 ad
230 3871 334 3936 Dauid
371 3871 535 3954 peruenire
572 3891 633 3935 non
669 3877 789 3953 posset.
829 3873 950 3937 Deinde
988 3875 1144 3956 sequitur:
1179 3876 1300 3939 Iacob

242 4081 258 4132 9
278 4077 346 4133 Gen.
367 4081 392 4142 5,
412 4079 429 4131 4
448 4095 506 4148 sqq.
561 4079 594 4132 27
614 4077 663 4135 Mt.
685 4081 708 4142 1,
728 4079 744 4130 2
764 4095 805 4147 sq.

192 4201 441 4272 tuixit]babetp
527 4201 726 4257 5consider.c
810 4203 841 4255 ll
860 4203 993 4270 nungenti
1017 4202 1064 4255 Vc
1146 4203 1178 4255 12
1197 4220 1299 4260 nec...

160 4291 301 4344 reticentur
317 4307 379 4359 sup.
401 4289 495 4343 nav
583 4291 617 4344 22
637 4290 773 4352 ordinef
862 4291 895 4344 23
915 4290 987 4358 quod
1006 4291 1063 4344 ide
1165 4289 1194 4345 id
1212 4307 1263 4345 om.
1277 4309 1300 4361 p

160 4379 190 4430 27
208 4379 284 4447 edla
308 4379 335 4432 V
