3192 4959
299 453 362 516 130
644 451 670 504 S.
698 447 855 502 Aurelii
882 447 1098 516 Augustini

341 647 454 712 Restat
481 666 725 713 commemorare
748 645 832 712 filios
857 644 941 724 Sem,
968 643 1096 710 maximi
1119 644 1177 710 tilii
1198 647 1282 721 Noe;
1307 647 1445 712 adeum

298 756 414 840 quippe
452 754 607 839 gradatim
645 753 883 838 generationum
917 752 1050 816 istarum
1085 754 1231 834 pemenit
1262 773 1281 816 a
1311 755 1445 819 minimo

300 865 405 926 exorta
437 861 584 926 narratio.
618 859 682 926 Sed
714 860 796 924 unde
824 859 984 942 incipiunt
1010 859 1249 924 eommemorari
1277 859 1336 924 filii
1359 861 1444 938 Sem,

298 969 393 1034 habet
429 967 578 1048 quiddam
613 966 829 1042 obscuritatis,
864 965 949 1048 quod
981 965 1176 1047 expositione
1208 966 1446 1033 inlustrandum

299 1079 358 1152 est,
387 1075 461 1156 quia
489 1077 521 1139 et
548 1076 685 1138 multum
715 1073 754 1138 ad
780 1093 849 1138 rem
871 1072 1018 1156 pertinet,
1047 1092 1142 1156 quam
1165 1073 1369 1156 requirimus.
1393 1074 1447 1140 Sic
1475 1095 1488 1134 e

300 1181 384 1247 enirn
406 1181 538 1266 legitur:
563 1181 609 1245 Et
633 1180 721 1246 Sem
746 1184 867 1245 natus
892 1184 964 1256 est,
984 1182 1024 1243 et
1041 1180 1123 1262 ipsi
1142 1181 1249 1262 patri
1269 1181 1444 1246 omnium

299 1288 495 1366 filiorum,
523 1287 664 1366 Heber,
693 1286 817 1351 fratri
844 1287 1017 1369 Iapheth
1043 1286 1196 1352 maiori.
1225 1285 1310 1352 Ordo
1333 1290 1447 1354 norbo·

299 1417 370 1461 rurn
404 1399 466 1460 est:
500 1395 541 1458 Et
573 1393 647 1459 Sem
675 1396 845 1458 natusest
872 1393 988 1471 Heber,
1021 1394 1117 1458 etiam
1144 1393 1218 1477 ipsi,
1251 1394 1284 1458 id
1311 1399 1363 1460 est
1384 1396 1447 1478 ipsi

300 1503 384 1580 Sem,
413 1505 506 1566 natus
535 1503 585 1566 eet
611 1500 726 1577 Heber,
756 1499 811 1581 qui
840 1498 914 1564 Sem
941 1505 1032 1583 pater
1059 1504 1110 1566 est
1132 1501 1274 1566 omnium
1297 1501 1447 1566 filiorum.

301 1607 374 1674 Sem
399 1628 473 1693 ergo
497 1607 706 1691 patriarcham
729 1606 876 1690 intellegi
898 1606 1005 1670 uoluit
1027 1608 1179 1686 omnium,
1208 1607 1262 1689 qui
1285 1607 1324 1672 de
1349 1608 1449 1692 stirpe
1467 1629 1490 1668 ιο

302 1717 371 1780 eius
402 1715 500 1780 exorti
533 1718 617 1792 sunt,
652 1733 731 1797 quoe
765 1717 1070 1778 commemoraturus
1099 1717 1159 1787 est,
1192 1713 1261 1780 siue
1290 1715 1356 1780 sint
1378 1715 1448 1793 dlii,

302 1824 370 1888 siue
398 1825 529 1905 nepotes
559 1833 591 1886 et
618 1824 808 1904 pronepotes
837 1823 869 1884 et
898 1819 1045 1902 deinceps
1072 1820 1211 1886 indidem
1241 1821 1350 1886 exorti.
1375 1823 1448 1886 Non

303 1949 376 1994 sane
404 1929 503 1994 istum
525 1929 633 1992 Heber
661 1927 772 2012 genuit
795 1926 880 2003 Sem,
906 1927 961 1992 ned
985 1926 1023 1991 ab
1047 1926 1104 1991 illo
1128 1929 1259 2010 quintus
1281 1929 1313 1992 in
1337 1948 1450 2012 proge—

301 2037 440 2101 nitorum
469 2035 547 2100 serie
576 2035 738 2117 reperitur.
769 2033 841 2100 Sem
870 2033 987 2116 quippe
1015 2032 1098 2098 inter
1123 2033 1203 2099 alios
1231 2035 1315 2100 lilios
1339 2037 1452 2119 gennit
1579 2112 1580 2115 Ἴ

302 2143 470 2224 Arpharat
499 2141 659 2223 Arphaxat
687 2140 798 2224 genuit
826 2140 954 2218 cainan,
983 2139 1100 2205 Cainan
1128 2142 1241 2224 genuit
1268 2141 1352 2219 Sala,
1376 2142 1452 2208 Sala
1469 2161 1493 2199 ιε
1579 2152 1580 2163 ’

303 2249 412 2334 genuit
438 2246 554 2313 Heber.
583 2247 653 2312 Non
683 2248 790 2330 itaque
813 2248 934 2311 frustra
956 2247 1026 2329 ipse
1049 2246 1171 2328 primus
1196 2250 1247 2311 est
1267 2247 1451 2312 nominatus

302 2355 333 2418 in
367 2353 516 2438 progenie
550 2353 695 2419 ueniente
728 2354 766 2419 de
795 2353 868 2419 Sem
897 2357 929 2417 et
952 2352 1113 2436 praelatus
1137 2353 1233 2418 etiam
1256 2353 1343 2430 filiis,
1377 2373 1451 2418 enm

304 2461 347 2525 sit
370 2461 500 2544 quintus
524 2479 633 2544 nepos,
658 2460 720 2524 nisi
744 2457 818 2542 quia
840 2478 952 2524 uerum
976 2462 1036 2537 est,
1060 2459 1147 2542 quod
1169 2460 1314 2533 traditur,
1339 2481 1376 2526 ex
1394 2463 1451 2528 illo

303 2568 464 2632 Hebraeos
498 2585 567 2632 esse
600 2567 849 2650 cognominatos,
881 2572 1046 2648 tamquam
1077 2567 1274 2644 Heberaeos;
1314 2587 1386 2634 oum
1419 2575 1455 2631 et

304 2675 367 2739 alia
396 2674 500 2758 possit
532 2693 603 2738 esee
636 2673 753 2757 opinio,
786 2676 824 2736 ut
855 2693 891 2737 er
918 2672 1076 2738 Abraham
1105 2677 1268 2756 tamquam
1296 2676 1453 2739 Abrahaoi
1472 2701 1499 2740 so

306 2781 380 2844 dieti
410 2799 480 2846 esee
509 2780 691 2856 uideantur3
721 2779 775 2844 sed
803 2779 953 2844 nimirum
981 2780 1041 2845 hoo
1069 2799 1180 2846 uerum
1211 2787 1271 2858 est,
1300 2781 1386 2864 quod
1418 2801 1455 2845 ex

305 2887 410 2950 Heber
436 2886 592 2950 Heberaei
621 2886 771 2969 appellati
800 2891 885 2962 sunt,
914 2905 950 2952 ae
978 2885 1090 2951 deinde
1120 2905 1182 2951 una
1209 2887 1323 2952 detrita
1346 2889 1456 2952 littera

305 2992 451 3069 Hebraei,
480 3011 574 3075 quarn
602 2993 743 3077 linguam
773 2993 861 3057 solus
885 2992 983 3058 Israel
1005 2995 1147 3075 populns
1170 2994 1277 3077 potuit
1301 2994 1456 3070 obtinere,

305 3099 336 3162 in
361 3115 422 3181 quo
446 3098 505 3162 Dei
530 3099 644 3163 ciuitas
669 3103 701 3163 et
724 3100 755 3162 in
775 3100 895 3164 sanetis
918 3099 1116 3183 peregrinata
1136 3109 1186 3163 est
1205 3101 1286 3164 etin
1305 3101 1457 3164 omnibus

307 3207 501 3270 sacramento
531 3204 725 3270 adumbrata.
750 3205 854 3289 Igitur
876 3206 934 3269 filii
958 3206 1031 3271 Sem
1050 3207 1140 3291 prius
1164 3227 1218 3271 ser
1240 3207 1456 3280 nominantur,
1476 3233 1502 3274 re

307 3310 418 3375 deinde
443 3331 477 3376 er
501 3331 563 3376 uno
584 3330 691 3377 eorum
711 3313 776 3376 nati
796 3317 872 3377 sunt
890 3315 1041 3394 quattuor
1059 3317 1191 3395 nepotes
1212 3314 1290 3393 eius,
1310 3315 1458 3396 itemque

396 3523 413 3575 6
432 3518 499 3574 Gen.
520 3521 562 3580 10.
581 3521 613 3574 21

345 3643 570 3696 lReetat-Noe
589 3659 669 3698 om.e
724 3643 789 3697 ter
809 3660 864 3698 sem
879 3661 902 3713 p
975 3649 1003 3698 et
1020 3645 1073 3715 ipei
1092 3645 1220 3717 Veepp
1238 3646 1354 3714 Domd.‚·
1372 3650 1460 3703 etiarn

308 3731 361 3801 ipsi
380 3731 422 3784 tv
503 3731 520 3786 8
539 3735 619 3785 natus
639 3735 681 3785 est
700 3737 728 3786 et
747 3749 760 3786 e
832 3734 897 3788 eber
915 3739 940 3788 et
957 3735 997 3788 eie
1013 3735 1071 3801 fere
1087 3751 1223 3804 sempera
1293 3736 1323 3790 id
1341 3742 1386 3792 est
1403 3739 1460 3808 ipsi

307 3836 367 3888 sup.
388 3821 436 3873 liu.
460 3819 485 3870 V
582 3823 598 3874 9
618 3821 733 3874 filiorum
753 3838 861 3876 suorum
882 3822 923 3877 bo
1021 3824 1054 3877 12
1074 3829 1102 3878 et
1121 3841 1232 3894 pronep.
1250 3840 1303 3881 om.
1317 3843 1379 3895 pr;
1398 3828 1462 3880 sine

307 3925 452 3980 pronepu
541 3909 604 3964 inde
621 3910 664 3980 p¹;
681 3911 777 3966 itidem
792 3929 822 3980 p,
841 3928 960 3982 merge
1050 3913 1083 3968 13
1104 3913 1150 3984 qni
1168 3913 1242 3967 intus
1265 3913 1292 3968 V
1378 3917 1462 3984 geni·
1575 3918 1576 3941 1

309 4001 396 4051 torum
422 3997 456 4050 V¹
498 4000 531 4052 15
551 3997 666 4052 chainan
685 3999 798 4054 chainan
822 4001 871 4070 Vp
928 4001 1012 4054 salam
1036 4001 1063 4055 V
1102 4004 1135 4057 16
1154 4001 1247 4072 itaque
1265 4018 1342 4070 mea.‚·
1361 4005 1462 4072 ntique

309 4101 393 4155 marg.
413 4103 460 4144 ee
525 4087 556 4140 17
577 4087 714 4156 praelatus
734 4091 775 4140 est
795 4094 899 4157 appf
969 4089 1063 4159 etiarn]
1083 4089 1137 4143 iam
1157 4108 1176 4145 a
1244 4091 1277 4144 19
1296 4090 1463 4160 reginum,

310 4191 359 4242 cog
378 4180 457 4226 entra
476 4173 524 4226 lin.
549 4172 576 4226 V
663 4174 697 4229 20
716 4176 822 4244 possint
845 4175 871 4227 V
959 4177 992 4229 22
1012 4180 1075 4230 sunt
1092 4193 1153 4244 arcp.
1173 4176 1222 4230 lin.
1246 4175 1273 4229 V
1356 4177 1464 4231 detrita

315 4261 348 4314 V¹
360 4260 652 4330 a¹eprufDomb,·
671 4263 792 4317 detracta
816 4261 917 4318 V²a²o
925 4282 996 4334 ppo
1046 4267 1079 4319 23
1098 4265 1215 4320 Hebraei
1235 4267 1327 4336 quarn]
1347 4265 1463 4320 hebrai·
1574 4234 1575 4289 i

312 4349 404 4403 eamd
458 4351 578 4420 linguam
603 4351 728 4422 Vaepp
748 4351 1003 4423 Donab51inguam
1021 4353 1214 4408 Hebraicamo
1267 4355 1368 4409 israhel
1387 4355 1465 4427 ch
1574 4366 1575 4415 ἶ
