3192 4959
297 399 361 461 248
642 397 668 449 S.
697 395 855 448 Aurelii
884 396 1101 465 Augustini

299 610 367 672 ego
405 609 516 671 opera
552 610 631 655 mea
668 591 759 674 regi.
797 591 944 675 Lingua
980 611 1061 655 mea
1098 593 1266 655 calemus
1301 592 1447 655 scribae

299 696 490 761 uelociter
509 678 724 762 scribeutis,
744 696 952 778 Speciosus
971 698 1089 761 forma
1111 716 1197 778 prae
1217 698 1318 761 filiis
1338 698 1447 763 homi-

300 823 398 879 num;
424 803 569 867 diffusa
593 808 651 868 est
674 804 799 888 gratia
822 804 856 868 in
875 793 1000 869 labiis
1012 804 1101 881 tuis,
1126 808 1328 887 propterea
1346 805 1449 869 bena-

299 909 398 973 dirit
438 913 475 973 te
512 910 613 975 Deus
654 910 691 974 in
729 914 932 975 aeternum.
971 911 1178 994 Accingere
1217 911 1348 993 gladio
1386 915 1447 975 tuo

298 1017 403 1080 circa
427 1017 557 1092 femur,
581 1017 849 1098 potentissime
874 1016 1000 1100 specie
1025 1021 1089 1083 tua
1109 1020 1146 1081 et
1163 1017 1448 1098 pulchritudine
1474 1040 1485 1080 s

300 1127 375 1192 tua.
405 1126 441 1187 et
469 1123 622 1187 intende
647 1127 683 1187 et
705 1142 885 1205 prospere
914 1122 1074 1203 procede
1099 1127 1135 1187 et
1158 1142 1274 1206 regna
1298 1130 1449 1207 propter

301 1231 505 1295 ueritatem
530 1235 567 1295 ct
589 1230 918 1294 mansuetudinem
943 1234 979 1293 et
1002 1230 1203 1307 iustitiam,
1229 1234 1265 1293 et
1289 1230 1449 1295 deducet

301 1341 337 1399 te
379 1337 611 1401 mirabiliter
652 1336 804 1401 dextera
846 1340 920 1400 tua.
964 1334 1137 1419 Sagittae
1180 1340 1267 1401 tuae
1305 1342 1445 1411 acutae,

205 1503 208 1513 .
300 1443 593 1525 potentissimae
622 1442 767 1525 (populi
796 1442 862 1505 sub
892 1444 927 1505 te
957 1442 1105 1519 cadent)
1134 1443 1169 1505 in
1194 1442 1307 1507 corda
1331 1444 1445 1507 inimi·

302 1569 428 1615 corum
452 1550 563 1632 regis.
588 1550 703 1615 Sedes
727 1554 804 1625 tua,
829 1549 939 1626 Deus,
963 1549 998 1611 in
1025 1549 1176 1613 saecula
1200 1549 1446 1627 saeculorum,
1464 1570 1484 1607 ro

301 1656 412 1739 uirga
436 1656 662 1721 directionis
686 1658 795 1740 uirga
822 1656 926 1737 regni
956 1655 1019 1719 tui.
1045 1655 1226 1719 Dilexisti
1253 1656 1446 1720 iustitiam

302 1766 340 1825 et
358 1761 442 1826 odio
461 1762 632 1826 habuisti
651 1763 911 1845 iniquitatem
936 1764 1136 1845 propterea
1153 1762 1261 1825 unxit
1280 1765 1317 1826 te
1337 1763 1445 1837 Deae,

302 1868 403 1932 Deus
435 1872 526 1933 tuus
559 1869 640 1933 oleo
675 1869 925 1933 exultationis
958 1889 1044 1952 prae
1073 1868 1331 1951 participibus
1361 1868 1445 1932 tuis.

303 1976 457 2057 Myrrha
484 1980 520 2040 et
547 1980 658 2059 gutta
682 1979 719 2040 et
742 1977 845 2041 casia
873 1996 892 2040 a
914 1976 1157 2041 uestimentis
1181 1976 1271 2053 tuis,
1296 1996 1315 2039 a
1338 1975 1446 2040 domi-

302 2082 371 2146 bus
392 2083 583 2159 eburneis;
605 2103 645 2148 er
665 2084 803 2166 quibus
823 2086 859 2147 te
879 2083 1299 2149 delectaueruntiiliae
1319 2102 1483 2167 regumn

302 2189 339 2253 in
367 2189 506 2254 honore
534 2194 607 2256 tuo.
639 2188 719 2269 Quis
747 2208 808 2255 non
833 2190 884 2254 hic
909 2190 1082 2267 Christum,
1112 2209 1206 2271 quem
1228 2189 1444 2271 praedicamus

303 2301 335 2359 et
365 2298 397 2359 in
431 2316 526 2378 quem
558 2297 726 2376 credimus,
761 2296 936 2379 quamlibet
969 2298 1011 2361 sit
1034 2297 1154 2374 tardus,
1183 2300 1347 2379 agnoscat,
1377 2314 1441 2359 oum

303 2401 412 2465 audiat
446 2402 562 2480 Deum,
600 2404 691 2467 cuius
730 2403 822 2467 sedes
860 2407 912 2467 est.
945 2403 976 2467 in
1015 2404 1141 2467 saecula
1174 2402 1383 2477 saeculorum,
1415 2404 1444 2463 et

303 2512 439 2573 unctum
471 2528 489 2573 a
516 2509 595 2586 Deo,
628 2510 738 2592 utique
767 2510 852 2573 sicut
879 2509 997 2592 unguit
1019 2509 1116 2585 Deus,
1149 2528 1211 2573 uon
1239 2508 1372 2584 dicibili,
1395 2505 1444 2571 sed

305 2616 441 2697 spiritali
465 2616 567 2697 adque
593 2616 796 2701 intellegibiii
825 2616 1016 2680 chrismate?
1050 2611 1128 2692 Quis
1158 2614 1243 2679 enim
1270 2618 1336 2678 tam
1363 2612 1478 2677 rudisn

304 2726 354 2786 est
384 2722 415 2785 in
448 2723 507 2787 hac
540 2723 691 2806 religione
723 2724 776 2787 uel
808 2724 874 2786 tam
904 2721 1019 2787 surdus
1054 2721 1207 2785 aduersus
1237 2722 1306 2785 eius
1335 2721 1443 2785 famam

304 2829 398 2913 longe
426 2830 552 2911 lateque
576 2829 735 2907 diffusam,
763 2834 800 2892 ut
825 2827 987 2893 Christum
1012 2846 1029 2891 a
1052 2827 1233 2905 chrismate,
1257 2828 1318 2892 hoo
1341 2828 1388 2891 est
1409 2824 1441 2887 ab

305 2935 453 2999 unctione
486 2935 681 3018 appellatum
713 2954 783 3000 esse
816 2952 877 2999 non
910 2934 1055 2998 nouerit?
1087 2934 1203 3017 Agnito
1238 2938 1344 2998 autem
1376 2950 1441 3015 rege

306 3041 442 3118 Christo,
469 3042 534 3105 iam
562 3045 675 3119 cetera,
707 3060 785 3123 quae
814 3042 866 3105 hic
893 3041 1015 3123 tropice
1044 3041 1128 3104 dicta
1157 3044 1241 3118 sunt,
1272 3061 1334 3124 quo
1357 3038 1440 3104 modo

306 3148 349 3212 sit
373 3149 537 3231 speciosus
560 3148 662 3213 forma
684 3168 758 3232 prae
780 3148 856 3212 filiis
880 3148 1055 3227 hominnm,
1080 3148 1214 3229 quadam
1237 3150 1326 3213 tanto
1349 3145 1441 3231 magis
1456 3166 1475 3205 s

345 3414 358 3465 1
381 3429 430 3480 ego
450 3428 501 3465 om.
521 3428 535 3465 e
607 3410 927 3479 calamus..scribentis]
947 3410 1065 3463 calamus
1085 3412 1113 3463 et
1131 3410 1182 3479 riq.
1203 3408 1218 3462 b
1280 3410 1351 3463 2-4
1368 3408 1443 3462 iornra

307 3505 337 3555 et
354 3501 429 3569 relq.‚
444 3501 551 3554 omissas
564 3501 656 3554 acerbes
669 3517 753 3569 usque
766 3501 805 3553 ad
819 3506 957 3555 aetornum
974 3499 990 3552 1.
1007 3501 1033 3561 4,
1048 3499 1064 3551 b
1118 3500 1136 3553 4
1149 3497 1241 3566 gladio
1260 3500 1309 3551 tuo
1329 3492 1443 3573 o¹9pp¹;

308 3590 428 3659 gladium
447 3594 524 3641 tuum
545 3588 650 3643 a²bev
669 3588 767 3642 Dcmb.
834 3588 987 3657 sepeciem
1005 3590 1081 3639 tuam
1101 3591 1129 3639 et
1147 3586 1198 3655 riq.
1218 3586 1327 3640 omissis
1343 3600 1443 3653 sepum·

308 3680 382 3732 tibus
399 3695 484 3747 usquc
503 3679 541 3731 od
558 3695 643 3747 regna
656 3678 673 3731 l.
691 3682 716 3740 6,
732 3678 748 3730 b
785 3679 801 3730 6
823 3682 850 3730 et
868 3676 978 3730 intende
999 3676 1106 3745 a¹ppp
1125 3675 1240 3739 Domb.,·
1259 3678 1288 3728 et
1306 3691 1356 3729 om.
1375 3671 1442 3727 o²cc

308 3771 337 3820 at
355 3782 481 3836 prospere
500 3784 571 3836 app
584 3784 614 3833 α;
633 3772 661 3820 et
679 3784 730 3821 om.
750 3783 787 3820 ev
805 3766 905 3820 Domb.
992 3768 1019 3817 et
1038 3763 1152 3833 procede
1173 3782 1191 3816 a
1276 3766 1364 3833 propt,
1381 3761 1442 3814 neri·

308 3859 394 3910 tatem
413 3858 442 3909 et
459 3856 511 3925 riq.
531 3871 583 3909 om.
597 3873 653 3925 app.
667 3873 752 3924 usque
767 3855 806 3908 od
820 3854 930 3909 dextera
944 3858 993 3907 tua
1007 3854 1024 3909 l.
1037 3857 1063 3915 8,
1075 3853 1090 3907 b
1127 3854 1143 3907 9
1162 3853 1367 3922 potentissimae
1380 3866 1444 3919 epo:

309 3945 498 4014 potentissime
523 3963 541 3998 a
552 3944 567 3998 b
573 3963 595 4013 p
606 3964 619 4013 p
631 3945 688 4014 af¹
713 3944 813 3998 Domb,
940 3942 1020 3999 corda
1034 3959 1080 4013 pp
1103 3942 1217 4007 Domb.;
1240 3940 1319 3995 corde
1338 3941 1441 4007 abcpo

311 4035 344 4088 10
363 4034 500 4088 saeculum
519 4035 621 4088 saeculi
640 4052 658 4084 α
711 4033 850 4087 saeculum
869 4036 896 4086 et
914 4032 957 4101 riq
976 4048 1028 4085 om.
1046 4047 1102 4099 sqq.
1121 4047 1206 4098 usque
1224 4030 1264 4085 ud
1279 4031 1322 4085 tui
1339 4031 1357 4083 1.
1376 4024 1440 4089 11‚b

311 4126 342 4177 11
363 4123 530 4192 directionis]
551 4124 698 4191 aequitatis
718 4140 736 4172 α
790 4122 823 4175 12
844 4120 927 4175 odisti
942 4122 985 4175 ab
998 4120 1051 4180 af
1112 4118 1195 4173 odisti
1214 4123 1244 4173 et
1260 4118 1313 4188 riq.
1333 4134 1380 4171 om.
1393 4132 1440 4183 app.

307 4228 393 4280 usquc
412 4213 451 4265 ad
469 4214 563 4280 partic.
584 4212 684 4270 toisb
759 4212 791 4265 13
811 4212 900 4264 oleum
920 4228 938 4261 α
1026 4209 1175 4280 particibus
1194 4207 1245 4277 εἱς
1322 4208 1354 4260 14
1372 4208 1441 4273 gutta

309 4304 337 4353 et
355 4301 407 4369 riq.
427 4318 478 4353 om.
496 4317 552 4368 sqq.
571 4316 656 4367 usque
675 4298 916 4361 adtuol.16‚b
1008 4300 1095 4351 cassia
1113 4314 1151 4367 cp
1224 4296 1440 4351 redelectari
