3192 4959
357 463 407 515 De
436 463 609 516 ciuitate
638 463 699 516 dei
727 463 792 516 lib.
817 463 902 517 XXII.
931 481 1005 534 cap.
1030 465 1054 518 3.
1078 467 1103 520 4.
1233 469 1297 532 537

150 679 185 722 es
209 658 391 722 hominibus
416 658 492 722 deos
517 676 587 722 esse
610 658 712 722 factos
737 658 951 723 adseueraret:
977 658 1128 738 ‘Quorum
1150 680 1210 725 non
1232 679 1297 724 cor-

149 785 238 846 pora,
261 765 375 845 inquit,
400 769 475 828 sunt
497 764 528 828 in
554 765 678 828 caelum
702 765 800 838 elata;
833 783 935 847 neque
966 766 1048 829 enim
1077 769 1190 830 natura
1212 771 1298 849 pale-

148 875 246 949 retur‚
271 875 308 935 ut
334 871 368 934 id
396 871 479 952 qnod
509 874 594 934 esset
618 875 740 934 eterra
768 871 830 934 nisi
853 871 884 934 in
908 875 991 936 terra
1014 877 1174 937 maneret)
1211 873 1299 937 Haeo

148 983 199 1044 est
217 998 332 1062 magna
351 977 431 1042 ratio
452 978 654 1060 sapientium,
675 997 809 1060 quorum
835 979 1028 1043 Dominus
1053 982 1169 1044 nouit
1193 981 1296 1066 cogi-

115 1085 344 1160 stationes
370 1085 558 1166 quoniam
581 1104 708 1148 uanae
733 1089 834 1150 sunt.
860 1085 893 1149 Si
914 1085 997 1148 enim
1017 1086 1140 1150 animae
1160 1089 1298 1150 tantum·

145 1191 242 1257 modo
272 1210 425 1268 essemus,
450 1191 483 1254 id
512 1195 562 1255 est
589 1192 658 1256 sine
686 1192 752 1255 ullo
778 1210 907 1272 corpore
933 1191 1075 1274 spiritus,
1100 1196 1133 1256 et
1155 1193 1186 1256 in
1211 1193 1297 1258 caelo

144 1299 327 1362 habitantes
351 1300 475 1361 terrena
498 1297 647 1361 animalia
669 1299 864 1363 nesciremus
889 1299 1045 1380 nobisque
1064 1299 1207 1363 futurum
1228 1319 1297 1364 esse

145 1406 316 1483 diceretur,
344 1408 381 1468 ut
407 1405 541 1468 terrenis
571 1405 755 1486 corporibus
789 1405 964 1469 animandis
998 1405 1133 1488 quodam
1169 1407 1298 1471 uinculo

145 1495 286 1575 mirabili
313 1515 523 1576 necteremur:
557 1530 658 1575 nonne
682 1512 784 1575 multo
809 1513 924 1576 lortius
950 1517 1244 1596 argumentaremur
1265 1513 1298 1576 id

104 1647 127 1683 ιο
144 1620 274 1684 credere
307 1622 489 1682 recusantes
524 1622 556 1682 et
589 1618 765 1681 diceremus
797 1623 943 1682 naturam
978 1637 1039 1684 non
1072 1619 1149 1702 pati,
1178 1621 1214 1683 ut
1246 1638 1297 1683 res

143 1728 333 1808 incorporea
356 1727 530 1808 ligamento
555 1742 704 1806 corporeo
728 1725 924 1788 uinciretnr‘?
948 1726 989 1788 nt
1011 1729 1116 1789 tamen
1137 1726 1230 1808 plena
1250 1728 1298 1789 est

143 1843 231 1899 terra
262 1832 488 1912 uegetaotibus
522 1832 635 1896 animis
667 1832 744 1894 baec
777 1831 921 1896 membra
953 1837 1086 1908 terrena,
1119 1833 1198 1896 mino
1236 1833 1298 1897 sibi

145 1941 242 2004 modo
267 1959 382 2004 conexa
405 1942 437 2002 et
460 1939 613 2021 inplicita.
641 1936 729 2016 Qum·
753 1957 828 2021 ergo
854 1938 965 2002 eodem
990 1938 1118 2002 uolente
1143 1939 1222 2014 Deo,
1243 1939 1298 2021 qui

145 2051 225 2113 fecit
256 2049 316 2112 hoc
349 2048 475 2121 animal,
509 2067 569 2111 non
603 2047 721 2129 poterit
751 2051 911 2109 terrenum
949 2065 1064 2127 corpus
1097 2045 1296 2126 incoeleste

101 2180 126 2215 rs
145 2175 263 2238 corpus
296 2154 417 2227 adtolli,
451 2154 478 2218 si
511 2153 637 2217 animus
670 2153 756 2216 omni
789 2171 825 2216 ac
859 2172 913 2235 per
945 2152 1005 2216 hoc
1038 2151 1134 2216 etiam
1167 2150 1296 2215 caelesti

145 2281 278 2344 corpore
306 2260 528 2344 praestabilior·
555 2264 677 2324 terreno
708 2259 831 2342 corpori
855 2260 961 2340 potnit
983 2258 1128 2343 inligari?
1164 2259 1211 2320 An
1236 2261 1297 2321 ter-

144 2390 221 2433 rena
245 2368 400 2450 particula
422 2370 488 2430 tam
512 2367 626 2448 exigua
648 2366 755 2448 potuit
778 2364 899 2446 aliquid
924 2363 1053 2428 caelesti
1078 2381 1206 2444 corpore
1233 2383 1297 2425 me-

143 2478 209 2539 lius
235 2477 312 2556 aput
335 2493 369 2538 se
392 2479 507 2549 tenere,
531 2477 570 2536 ut
593 2492 722 2536 sensum
746 2471 876 2536 haberet
900 2475 932 2534 et
955 2472 1066 2544 uitam,
1088 2472 1120 2533 et
1139 2489 1205 2533 eam
1228 2487 1295 2532 sen-

143 2584 280 2646 tientem
314 2581 415 2662 adque
448 2580 610 2643 uiuentem
639 2578 864 2661 dedignabitur·
893 2576 1017 2640 caelum
1046 2576 1207 2658 suscipere
1241 2579 1296 2638 aut

97 2715 123 2752 20
144 2691 331 2771 susceptam
359 2707 420 2752 non
448 2687 567 2770 poterit
596 2685 761 2759 sustinere,
788 2703 861 2747 cum
890 2683 928 2746 de
952 2701 985 2745 re
1010 2682 1126 2746 sentiat
1150 2685 1182 2745 et
1205 2681 1296 2744 uiuat

142 2797 210 2860 ista
232 2795 373 2866 meliore,
398 2813 493 2875 quam
519 2796 568 2856 est
592 2809 707 2872 corpus
733 2809 824 2854 omne
849 2791 1007 2852 caeleste?
1033 2787 1093 2852 Sed
1117 2787 1188 2851 ideo
1213 2806 1296 2850 nunc

141 2923 206 2968 non
231 2902 278 2976 lit,
299 2901 373 2982 quia
395 2899 534 2964 nondum
559 2901 608 2961 est
631 2900 759 2977 tempus
784 2914 845 2976 quo
870 2894 903 2957 id
926 2893 993 2958 fieri
1018 2895 1130 2970 uoluit,
1152 2895 1206 2974 qui
1224 2894 1295 2970 hoc,

143 3008 231 3092 quod
260 3006 396 3070 uidendo
425 3005 488 3068 iam
512 3004 618 3078 uiluit‚
643 3003 747 3066 multo
771 3001 952 3064 mirabilius
978 3019 1072 3082 quam
1096 3000 1187 3077 illud,
1212 3001 1295 3082 quod

140 3116 183 3179 ab
207 3113 281 3177 istis
304 3132 365 3176 non
390 3112 538 3183 creditur.¹
564 3110 649 3173 fecit.
690 3108 779 3188 Qum
803 3109 885 3170 enim
910 3127 970 3171 non
995 3105 1218 3170 uehementius
1244 3107 1295 3170 ad·

93 3252 120 3289 aa
140 3223 299 3285 miramur
316 3221 517 3299 incorporeos
537 3217 670 3292 animos,
691 3216 822 3279 caelesti
843 3233 972 3296 corpore
992 3214 1142 3295 potiores,
1162 3213 1295 3277 terrenis

137 3327 269 3412 inligari
298 3325 482 3407 corporibus
513 3343 607 3406 quam
632 3342 763 3404 corpora
786 3322 863 3386 licet
887 3326 1008 3385 terrena
1033 3321 1161 3385 sedibus
1187 3340 1295 3403 quam-
1350 3379 1356 3394 ‚

138 3436 194 3499 uis
234 3433 437 3498 caelestibus.
475 3434 581 3494 tamen
619 3429 777 3512 corporeis
811 3428 989 3504 sublimari,
1022 3428 1084 3492 nisi
1123 3428 1197 3508 qnia
1234 3428 1294 3490 hoc

139 3540 253 3605 uidere
278 3538 505 3604 consuenimus
530 3540 562 3600 et
584 3536 643 3600 boc
669 3555 791 3603 snmus,
816 3535 896 3598 illud
920 3554 994 3598 uero
1018 3535 1155 3598 nondum
1183 3552 1294 3597 sumus

139 3665 202 3712 nec
231 3645 399 3727 aliquando
428 3645 531 3708 adbuc
559 3643 721 3706 uidimus?
759 3642 840 3705 Nam
869 3641 1010 3723 profecto
1041 3640 1145 3704 sobria
1172 3641 1293 3702 ratione

91 3755 292 3824 :inconsulta
324 3750 526 3815 mirabilioris
559 3767 629 3813 esse
663 3747 763 3812 diuini
796 3747 899 3829 operis
933 3746 1090 3828 reperitur
1117 3746 1293 3826 incorpora-

137 3861 229 3924 libus
259 3857 434 3939 corporalia
462 3856 598 3938 quodam
626 3855 720 3919 modo
750 3854 893 3917 adterere
924 3872 1018 3934 quam
1046 3852 1123 3915 licet
1156 3852 1292 3927 diuersa,

232 4069 313 4121 41¹³.
333 4067 375 4123 93,
398 4067 427 4116 11

176 4191 351 4245 2inom.b
433 4189 507 4242 caelo
525 4189 580 4258 9¹1⁰
654 4201 847 4255 nequeamus
938 4185 1084 4252 3eletp
1175 4183 1293 4252 billop

139 4285 172 4336 ll
196 4283 387 4348 uinceretnrp
480 4279 511 4332 13
532 4294 689 4346 qnonexap
781 4276 813 4330 15
833 4273 924 4327 attolli
943 4275 966 4326 si
986 4289 1019 4326 eac
1038 4272 1169 4326 attullil'se
1189 4288 1292 4342 corrup

137 4370 261 4424 caeleste
277 4386 296 4438 p
352 4370 385 4422 16
404 4371 511 4420 terrene
528 4370 682 4436 werrae
735 4366 769 4419 29
789 4363 947 4417 uidemusb
