3192 4959
400 426 449 479 De
479 427 653 480 ciuitate
682 424 834 481 deilib
863 426 1077 495 XV.oap.7.
1271 428 1311 491 71

160 626 343 701 peccato,
372 621 411 685 ad
444 626 582 685 mentem
611 621 732 686 domita
760 626 793 685 et
820 622 908 686 uicta
935 621 1140 696 conuertitur,
1170 625 1206 685 ut
1238 621 1312 686 sub·

161 726 244 791 ditae
273 728 354 793 ratio
384 728 572 793 dominetur.
607 728 678 793 Hoc
706 729 867 811 praecepit
890 728 978 793 Deus
1001 728 1086 803 huic,
1110 728 1165 810 qui
1188 728 1312 792 facibus

159 832 299 898 inuidiae
327 834 583 899 inflammabatur
610 834 640 897 in
671 834 800 899 fratrem
824 838 866 907 et,
891 854 983 915 quem
1009 834 1160 898 debuerat
1182 834 1311 910 imitari,

160 940 311 1022 cupiebat
334 940 458 1005 auferri.
485 939 669 1020 Quiesce,
694 940 813 1021 inquit;
837 959 949 1003 manus
973 941 1012 1004 ab
1035 942 1154 1004 scolere
1173 941 1310 1017 contine,

131 1066 219 1109 enon
249 1048 362 1129 regnet
383 1048 550 1127 peecatum
576 1045 686 1110 intuo
711 1045 838 1110 mortali
862 1065 991 1128 corpore
1016 1046 1054 1109 ad
1080 1046 1310 1111 oboediendum

158 1152 326 1217 desideriis
361 1154 439 1228 eius,
472 1172 531 1216 nec
563 1152 709 1217 exhibeas
744 1153 886 1217 membra
917 1157 973 1217 tua
1007 1153 1188 1235 iniquitatis
1225 1172 1312 1217 arma

158 1266 302 1342 peccato.
325 1258 381 1323 Ad
404 1262 443 1323 te
469 1260 572 1323 enirn
596 1260 812 1323 conuersio
838 1260 936 1335 eius,
961 1260 1037 1323 dum
1060 1279 1121 1324 non
1141 1260 1312 1323 adiuuatur

158 1366 336 1441 relaxando,
370 1366 424 1429 sed
458 1365 647 1447 quiescendo
686 1365 841 1440 frenatum
879 1370 918 1429 et
954 1370 998 1430 tu
1035 1365 1309 1431 dominaberis

158 1472 294 1547 illiue,
319 1474 365 1549 ut,
391 1490 463 1536 curn
487 1470 663 1536 forinsecus
687 1491 748 1535 non
772 1470 970 1553 permittitur
993 1472 1124 1553 operari,
1144 1472 1203 1536 sub
1223 1476 1310 1555 pote·

123 1602 144 1635 10
158 1582 241 1642 state
270 1578 387 1642 mentis
415 1578 554 1659 regentis
584 1582 616 1642 et
645 1578 865 1642 beneuolentis
889 1578 1059 1643 adsuescat
1082 1580 1177 1642 etiam
1200 1578 1309 1642 intrin-

158 1704 251 1749 secus
281 1704 342 1749 non
372 1686 502 1748 moueri.
541 1683 672 1749 Dictum
701 1689 750 1748 est
778 1684 841 1748 tale
866 1684 986 1766 aliquid
1010 1684 1041 1748 in
1066 1686 1177 1749 eodem
1201 1684 1308 1748 diuino

158 1792 237 1856 libro
269 1795 303 1855 et
330 1791 368 1855 de
396 1790 539 1865 muliere,
565 1790 688 1873 quando
717 1796 791 1874 post
814 1795 982 1873 peccatum
1005 1791 1071 1855 Deo
1095 1792 1309 1874 interrogante

158 1897 260 1979 adque
283 1896 444 1961 iudicante
467 1896 677 1961 damnationis
697 1897 871 1959 sententias
891 1900 1092 1979 acceperunt,
1111 1898 1143 1959 in
1164 1900 1308 1978 serpente

159 2003 305 2067 diabolus
335 2007 366 2066 et
393 2003 424 2067 in
455 2022 489 2067 se
517 2004 596 2085 ipsis
625 2002 680 2066 illa
709 2005 741 2066 et
768 2003 913 2067 maritus.
954 2002 1032 2067 Cum
1062 2004 1143 2067 enim
1178 2003 1309 2067 dixisset

120 2108 201 2173 nei:
238 2108 534 2190 Multiplicans
567 2109 857 2191 multiplicabo
893 2110 1102 2173 tristitias
1139 2112 1231 2173 tuas
1270 2111 1309 2172 et

161 2216 354 2300 gemitum
383 2220 505 2292 tuum,
531 2216 630 2280 etin
655 2215 858 2279 tristitiis
882 2215 1017 2297 paries
1041 2215 1171 2291 filios,
1196 2214 1307 2279 deinde

159 2322 295 2386 addidit:
328 2322 377 2386 Et
410 2322 454 2386 ad
488 2322 618 2386 uirum
653 2327 762 2386 tuum
797 2322 1013 2387 conuersio
1043 2326 1121 2393 tna,
1151 2326 1188 2386 et
1218 2322 1307 2403 ipse

159 2429 217 2491 tui
251 2428 542 2492 dominabitur.
580 2425 671 2505 Quod
701 2426 821 2491 dietum
852 2432 900 2492 est
928 2428 968 2491 ad
996 2428 1072 2492 Cain
1106 2428 1144 2491 de
1176 2430 1305 2510 peccato

159 2536 209 2597 uel.
238 2536 277 2599 de
306 2534 424 2599 uitiosa
454 2534 554 2599 carnis
581 2534 846 2615 concupiscentia,
871 2534 932 2598 hoc
954 2534 1016 2600 isto
1040 2536 1110 2598 loco
1135 2533 1173 2596 de
1195 2552 1307 2615 pecca-

119 2664 143 2703 ιο
159 2642 235 2705 trice
262 2640 395 2715 samium
426 2640 480 2705 ubi
504 2640 752 2723 intellegendum
778 2645 828 2705 est
850 2641 954 2704 uirum
979 2641 1017 2704 ad
1040 2640 1209 2724 regendam
1232 2658 1307 2703 uxo-

157 2767 220 2811 rem
258 2748 363 2811 animo
402 2766 526 2812 carnem
558 2748 680 2831 regenti
714 2747 852 2811 similem
886 2766 956 2811 esse
989 2753 1141 2829 oportere.
1174 2746 1308 2828 Propter

159 2852 240 2933 quod
279 2852 358 2916 dicit
395 2853 575 2934 apostolus:
614 2850 690 2931 Qui
727 2852 873 2937 diligit
908 2872 1068 2917 uxorem
1106 2871 1227 2926 suam,
1265 2870 1306 2915 se

159 2958 286 3040 ipsum
317 2958 476 3042 diligit3
510 2978 623 3025 uemo
653 2960 754 3023 enirn
785 2978 969 3041 umquam
1005 2978 1161 3023 carnem
1195 2978 1305 3022 suam

158 3064 246 3131 odio
281 3066 438 3129 habuit.
478 3064 623 3131 Sananda
652 3070 727 3131 aunt
755 3066 838 3129 enim
871 3066 949 3130 baec
982 3068 1067 3130 sicut
1098 3069 1215 3141 nostra,
1244 3084 1304 3128 non

120 3171 240 3235 sesicut
263 3171 367 3235 aliena
392 3171 578 3235 damnanda.
617 3171 678 3236 Sed
705 3172 785 3236 illud
808 3172 868 3235 Dei
891 3175 1096 3254 praeceptum
1121 3172 1197 3236 Cain
1221 3172 1307 3235 sicut

158 3278 391 3356 praeuaricator
424 3278 555 3360 accepit.
591 3278 809 3343 Inualescente
843 3278 959 3361 quippe
996 3277 1187 3342 inuidentiae
1224 3277 1305 3340 nitio

157 3382 281 3446 fratrem
311 3382 482 3447 insidiatus
512 3383 638 3447 occidit.
676 3383 762 3447 Talis
792 3388 860 3447 erat
886 3388 1028 3448 terrenae
1056 3384 1199 3448 conditor
1228 3384 1305 3448 ciui-

158 3489 240 3553 tatis.
265 3486 337 3567 Quo
362 3489 456 3553 modo
481 3492 588 3554 autem
613 3489 843 3573 significauorit
866 3489 960 3554 etiam
984 3490 1130 3567 Iudaeos,
1150 3510 1168 3553 a
1189 3490 1305 3571 quibus

160 3594 302 3659 Christus
337 3594 461 3659 occisus
494 3598 544 3659 est
575 3598 684 3678 pastor
717 3596 826 3661 ouium
858 3596 1033 3671 bominum,
1067 3615 1159 3678 quem
1196 3598 1306 3676 pastor

122 3726 142 3765 a
159 3702 264 3766 ouium
294 3720 446 3783 pecorum
475 3700 709 3785 praefigurabat
731 3703 822 3781 Abel,
847 3704 921 3786 quia
943 3703 975 3767 in
1000 3703 1152 3787 allegoria
1174 3704 1305 3786 propbe-

157 3808 217 3871 tica
247 3826 299 3872 res
334 3810 393 3885 est,
421 3826 515 3890 parco
544 3828 626 3873 nnnc
655 3808 768 3887 dicere,
800 3814 831 3873 et
860 3809 1013 3892 quaedam
1045 3810 1118 3874 binc
1151 3810 1304 3873 aduersus

158 3910 310 3977 Faustum
336 3913 559 3979 Manichaeum
583 3914 699 3979 dixisse
724 3935 773 3979 me
797 3919 912 3981 recolo.

244 4102 1049 4175 ffiffldffiwfflbwufflfflw

193 4224 1303 4299 mmmmmm8mmmfflmwmfflffim

158 4314 1303 4387 mmfflvfflmwemmcMfflfflfflmmW
