3192 4959
333 461 383 515 De
411 460 604 515 ciuitatic
633 461 694 515 dei
721 460 786 514 lib.
815 460 886 515 XVI.
915 479 990 533 cap.
1019 464 1061 517 26.
1090 464 1133 519 27.
1254 467 1316 529 175

170 656 382 740 praeputii
411 657 476 720 sui
505 661 653 721 octauo
683 655 756 734 die,
784 656 976 721 interibit
1010 658 1139 721 anima
1166 658 1243 723 illa
1272 658 1317 723 de

172 782 318 847 genere
347 762 447 837 eius,
479 762 574 845 quia
601 765 894 827 testamentum
923 782 1049 827 meum
1078 764 1317 846 dissipauit,

171 889 245 933 cum
273 870 351 933 baec
378 869 466 934 nulla
492 869 588 952 culpa
615 870 659 933 sit
685 869 823 952 paruuli,
852 871 943 934 cuins
973 870 1051 934 dixit
1080 870 1215 935 animam
1239 871 1317 953 peri-

171 982 287 1054 turam,
320 994 378 1040 nec
404 976 474 1057 ipse
501 974 707 1057 dissipauerit
732 978 958 1041 testamentum
990 975 1058 1051 Dei,
1093 976 1148 1040 sed
1172 977 1318 1053 maiores,

143 1084 227 1165 equi
256 1102 330 1147 eum
354 1082 580 1148 circumcidere
603 1102 664 1148 nou
689 1088 851 1159 curarunt;
881 1084 943 1147 nisi
967 1084 1040 1165 quia
1064 1082 1160 1147 etiam
1182 1084 1318 1165 paruuli,

170 1208 232 1254 uon
261 1190 437 1254 secundum
466 1209 542 1254 suae
570 1190 656 1254 uitae
684 1190 920 1272 proprietatem,
950 1189 1005 1253 sed
1035 1189 1210 1255 secundum
1235 1208 1317 1255 conr-

172 1314 301 1361 munem
324 1297 450 1379 generis
474 1296 603 1361 humani
627 1298 780 1381 originem
806 1316 914 1363 omnes
938 1296 970 1361 in
992 1295 1048 1361 illo
1069 1314 1131 1360 uno
1150 1299 1319 1361 testamen·

171 1408 243 1467 tum
278 1404 340 1467 Dei
377 1402 623 1486 dissipaueruut
660 1404 692 1468 iu
726 1424 788 1487 quo
822 1422 931 1469 omnes
963 1406 1184 1486 peccauerunt.
1217 1402 1319 1466 Multa

172 1509 291 1592 quippe
314 1510 515 1594 appellantur
535 1513 728 1575 testamenta
750 1510 810 1575 Dei
834 1510 972 1593 exceptis
1000 1510 1067 1573 illis
1100 1509 1223 1575 duobus
1256 1526 1320 1573 rue-

135 1640 157 1676 re
175 1617 256 1700 gnis,
279 1620 388 1682 uetere
411 1620 444 1682 et
470 1636 564 1695 nouo,
598 1615 682 1698 quod
709 1618 788 1681 licet
815 1616 930 1698 cuique
958 1616 1090 1700 legendo
1119 1632 1319 1698 cognoscere.

174 1724 415 1798 Testamentum
444 1726 550 1787 aritern
578 1722 727 1806 primum,
757 1723 842 1806 quod
869 1724 990 1786 fectum
1020 1724 1069 1787 est
1098 1722 1135 1785 ed
1161 1722 1318 1785 homiuem

176 1831 324 1911 primurn,
344 1829 486 1913 profecto
505 1830 587 1894 illud
602 1832 665 1894 est:
686 1827 766 1908 Qua
784 1830 844 1893 die
864 1829 1034 1907 ederitis,
1055 1832 1172 1893 morte
1192 1830 1319 1893 morie-

175 1936 277 2003 mini.
307 1936 397 2001 Unde
424 1936 581 2019 scriptum
609 1940 659 2001 est
686 1937 717 1999 in
745 1935 838 2008 libro,
867 1936 921 2017 qui
949 1936 1187 2000 ecclesiasticus
1217 1936 1318 2018 eppel·

175 2045 273 2107 latur:
293 2042 423 2107 Omnis
443 2062 527 2107 caro
548 2042 650 2107 sicut
664 2043 787 2108 uestis
804 2042 1022 2107 ueterescit.
1039 2042 1319 2107 Testamentum

133 2172 159 2212 re
176 2151 275 2213 euim
298 2168 318 2213 a
340 2150 509 2215 saeculo:
533 2150 653 2215 Morte
673 2150 855 2214 morieris.
876 2149 955 2213 Cum
976 2149 1057 2213 euim
1077 2152 1126 2213 lex
1146 2149 1321 2213 euidentior

175 2260 289 2338 postea
321 2256 395 2321 data
426 2256 479 2330 sit,
514 2259 546 2321 et
578 2257 664 2321 dicat
696 2256 877 2339 apostolus:
911 2255 982 2320 Ubi
1013 2263 1135 2319 autem
1166 2274 1234 2321 nou
1264 2261 1321 2320 est

175 2364 242 2433 lex.
271 2382 337 2427 nec
365 2363 658 2446 praeuaricatio‚
689 2381 751 2443 quo
775 2367 868 2446 pacto
891 2362 923 2425 in
947 2363 1070 2443 psalmo
1096 2362 1180 2443 quod
1204 2362 1321 2446 legitur

176 2489 288 2533 uemm
327 2475 389 2533 est:
425 2469 758 2535 Preeuaricatores
796 2469 999 2533 oestimani
1034 2488 1158 2533 omnes
1195 2488 1321 2551 pecca·

174 2582 279 2641 tores
312 2581 444 2653 terrae,
478 2576 540 2641 nisi
573 2576 645 2658 quia
676 2594 784 2640 onmes
813 2574 895 2659 legis
924 2576 1060 2640 alicuius
1087 2574 1320 2658 praeuaricatee

128 2704 158 2744 sc
176 2686 253 2747 suut
274 2684 331 2761 rei,
356 2684 408 2765 qni
433 2682 538 2764 aliquo
562 2685 693 2766 peccato
716 2686 863 2746 tenentur
882 2682 1047 2746 obstricti?
1073 2680 1319 2761 Quamobrem

150 2790 203 2860 ‚si
223 2788 321 2853 etiarn
339 2790 476 2871 paruuli,
495 2788 580 2871 quod
598 2808 674 2853 uera
691 2788 770 2853 fides
789 2788 895 2863 habet,
915 2792 1087 2853 nascuntur
1106 2807 1165 2853 nou
1186 2788 1320 2871 proprie.

172 2896 233 2961 sed
269 2895 464 2979 originaliter
499 2899 692 2977 peccatores,
734 2894 816 2959 unde
854 2894 919 2959 illis
956 2896 1090 2979 gratiam
1127 2894 1321 2959 remissionis

172 3005 380 3087 peccatorum
411 3003 620 3068 necessariam
654 3002 855 3067 confitemur:
889 3002 1029 3085 profecto
1060 3020 1096 3067 eo
1125 3002 1229 3079 modo,
1260 3018 1320 3082 quo

171 3112 253 3173 sunt
284 3113 476 3192 peccatores,
509 3109 605 3173 etiem
638 3108 905 3191 praeuaricatcres
934 3108 1016 3192 legis
1049 3107 1146 3183 illius,
1181 3126 1260 3189 quae
1289 3107 1320 3170 iu

125 3238 152 3279 re
173 3215 323 3299 paradiso
348 3216 420 3279 data
444 3220 503 3293 est,
527 3218 754 3301 agnoscuntur3
780 3217 818 3279 ut
835 3234 946 3279 uerum
972 3214 1014 3279 sit
1037 3217 1217 3297 utrumque,
1238 3214 1322 3297 quod

172 3322 333 3405 scriptum
358 3326 485 3395 estet:
510 3322 842 3387 Praeuaricatores
868 3320 1068 3386 aestimaui
1093 3342 1218 3386 omues
1243 3342 1321 3404 pec·

171 3432 327 3494 catores
351 3432 485 3507 terrae,
510 3432 556 3494 et:
582 3429 653 3495 Ubi
676 3430 733 3493 lex
757 3448 829 3493 non
855 3432 923 3507 est,
948 3448 1013 3493 nec
1031 3427 1321 3511 praeuaricatio.

168 3540 223 3601 Ac
254 3555 311 3619 per
343 3539 414 3613 hoc,
447 3536 522 3617 quia
550 3536 749 3600 circumcisio
778 3535 906 3619 signum
937 3534 1183 3619 regenerationis
1206 3534 1268 3598 luit
1292 3539 1323 3596 et

168 3662 237 3709 uon
265 3642 411 3707 inmerito
440 3642 609 3725 paruulum
637 3645 765 3726 propter
792 3640 944 3726 originale
968 3645 1144 3724 peccatum,
1173 3658 1234 3723 quo
1258 3640 1321 3723 pri-

267 3887 423 3951 8Rom.5‚
444 3888 477 3942 12
534 3886 567 3941 12
587 3885 654 3942 Gen.
673 3888 698 3947 2,
721 3887 752 3940 17
811 3887 842 3939 14
863 3884 944 3943 Eccli.
965 3886 1056 3949 1118
1109 3886 1141 3940 16
1156 3886 1232 3939 Rom.
1246 3886 1272 3949 l,
1289 3886 1321 3938 15

169 3980 208 4035 18
229 3978 276 4033 Pe.
296 3978 355 4041 118,
375 3977 427 4031 119

213 4103 341 4156 loctauo
361 4098 840 4171 Veppac50ctauabprcmb.
879 4100 1014 4168 Usuamp
1053 4098 1085 4151 14
1100 4096 1246 4151 ueterescit
1262 4096 1322 4161 Vc,-

166 4194 330 4247 ueterescet
348 4190 406 4259 b9,·
423 4190 571 4243 ueteruscit
583 4204 630 4256 pc
686 4188 718 4242 15
738 4194 770 4241 'e'
791 4190 856 4253 (est)
877 4195 940 4241 ante
954 4186 1070 4240 Mortes
1124 4188 1209 4240 nrorte
1228 4200 1271 4239 cm
1293 4185 1321 4253 9¹

169 4282 208 4336 17
228 4276 304 4348 quod
322 4277 376 4346 leg.
395 4277 424 4331 in
442 4276 585 4331 Psalmoc
640 4276 673 4330 18
692 4274 887 4329 cristirueuil'
942 4276 976 4329 20
995 4278 1104 4328 tenetur
1123 4273 1156 4324 V¹
1211 4274 1245 4328 26
1261 4289 1321 4343 pec·

167 4367 294 4435 catores]
314 4367 574 4436 praeuaricatorese
