3192 4959
645 417 674 474 S.
699 417 857 472 Aurelii
887 418 1104 486 Augustini

727 612 864 680 CAPUT
883 613 1017 677 XXIIII.

299 757 352 820 De
384 754 514 833 bouis,
548 755 696 838 quibus
737 755 860 820 etiam
897 755 995 819 hanc
1033 755 1163 819 uitam
1196 755 1445 822 damnationi

562 861 771 927 obnoxiam
796 859 968 927 Creator
990 861 1180 943 inpleuit.

342 1005 410 1068 lam
438 1022 521 1068 nunc
544 1000 806 1066 considerandum
831 1003 879 1066 est
902 1000 983 1066 hanc
1006 1002 1109 1083 ipsam
1136 999 1447 1087 miseriam'generis

298 1109 438 1190 immani,
461 1110 493 1173 in
518 1127 581 1192 qua
601 1108 752 1173 laudatur
772 1107 898 1172 iustitia
921 1109 1092 1191 punientis,
1122 1109 1271 1191 qualibus
1296 1113 1330 1174 et
1354 1129 1446 1193 quam
1472 1132 1480 1170 r

297 1216 408 1280 multis
435 1214 607 1299 inpleuerit
633 1215 725 1280 bouis
754 1213 898 1280 eiusdem
926 1215 1052 1280 bonitas
1085 1217 1200 1280 cuncta
1223 1235 1304 1298 quae
1329 1217 1447 1282 creauit

298 1321 556 1387 administrantis.
583 1321 727 1386 Primum
755 1321 1007 1386 benedictionem
1030 1322 1129 1394 illam,
1154 1342 1249 1405 quam
1272 1325 1447 1406 protulerat

299 1433 370 1494 ante
398 1431 566 1512 peccatum
595 1427 719 1492 dicens:
754 1426 941 1493 Crescite
969 1433 1008 1492 et
1035 1429 1381 1511 multiplicamini
1410 1435 1446 1494 et

299 1535 458 1617 inplete
490 1537 647 1611 terram,
680 1553 737 1598 nec
765 1541 839 1616 post
865 1537 1033 1616 peccatum
1061 1535 1166 1599 uoluit
1194 1535 1336 1601 inhibere
1364 1557 1446 1602 man-

299 1641 404 1724 sitque
435 1640 466 1704 in
500 1640 598 1722 stirpe
631 1640 778 1705 damnata
806 1640 922 1705 donata
948 1640 1144 1716 fecunditas3
1178 1661 1236 1706 nec
1263 1641 1353 1706 illam
1381 1643 1444 1707 uim
1460 1661 1477 1700 n

299 1747 476 1813 mirabilem
500 1747 668 1826 seminum,
691 1747 790 1812 immo
815 1748 911 1812 etiam
936 1748 1161 1813 mirabiliorem
1184 1767 1247 1831 qua
1266 1749 1446 1814 efficiuntur

298 1858 332 1919 et
367 1854 498 1932 semina,
534 1853 668 1918 inditam
705 1853 891 1936 corporibus
927 1855 1074 1920 humanis
1111 1859 1143 1919 et
1179 1855 1316 1936 quodam
1353 1856 1445 1921 modo

297 1961 449 2025 intextam
473 1961 597 2042 peccati
620 1959 738 2024 uitium
760 1961 867 2043 potuit
890 1960 1022 2038 auferre,
1045 1981 1107 2044 quo
1132 1961 1224 2026 nobis
1247 1961 1374 2046 inpacta
1396 1967 1444 2028 est

299 2067 395 2132 etiam
435 2067 609 2132 necessitas
643 2067 773 2143 mortim
812 2067 868 2132 sed
900 2070 1072 2150 utrumque
1113 2068 1211 2133 simul
1248 2071 1347 2134 currit
1382 2069 1442 2134 isto

299 2174 391 2257 quasi
423 2173 521 2239 fluuio
549 2173 651 2256 adque
679 2173 817 2240 tenente
845 2174 969 2258 generis
985 2175 1138 2255 tumaci,
1171 2176 1293 2240 malum
1321 2175 1402 2258 qnod
1424 2189 1475 2240 ao

298 2283 428 2363 parente
457 2279 603 2358 trabitur,
633 2283 665 2344 et
693 2280 814 2346 bonnm
843 2281 928 2362 quod
951 2301 969 2345 a
992 2287 1118 2347 creante
1141 2282 1303 2347 tribuitur.
1327 2283 1361 2348 In
1386 2280 1440 2346 ori·

299 2385 398 2470 ginali
424 2387 509 2450 malo
538 2385 599 2450 duo
631 2389 716 2463 sunt,
739 2391 906 2468 peccatum
931 2387 1032 2471 adque
1056 2388 1267 2472 supplicium
1297 2390 1329 2453 in
1353 2388 1438 2474 origi·

297 2493 362 2558 nali
388 2493 470 2557 bono
498 2491 561 2556 alia
589 2492 662 2564 duo.
689 2492 875 2577 propagatio
900 2496 932 2557 et
959 2494 1176 2559 conformatio.
1206 2493 1270 2560 Sed
1294 2498 1437 2578 quantum

298 2599 338 2664 ad
365 2602 565 2682 praesentem
592 2598 730 2681 pertinet
756 2600 965 2666 intentionem
992 2604 1141 2679 nostram,
1171 2601 1209 2665 de
1236 2601 1342 2679 malis,
1370 2619 1435 2683 quo·
1554 2631 1555 2638 ,

296 2727 367 2771 rum
390 2725 489 2770 unum
513 2705 550 2770 de
574 2709 683 2771 nostm
706 2706 794 2770 uenit
818 2705 961 2786 audacia,
985 2707 1017 2771 id
1041 2711 1090 2772 est
1112 2712 1290 2790 peccatum,
1310 2709 1434 2773 alterurn
1449 2723 1469 2761 a

297 2812 336 2876 de
363 2811 482 2878 iudicio
510 2812 582 2890 Dei,
609 2812 642 2877 id
671 2817 720 2877 est
747 2813 952 2895 supplicium,
979 2812 1043 2877 iam
1072 2814 1150 2878 satis
1175 2814 1324 2880 diximus.
1351 2813 1432 2878 Nunc

297 2916 335 2981 de
358 2918 451 2983 bonis
474 2917 545 2999 Dei,
570 2938 650 3000 quas
673 2919 736 3001 ipsi
760 2938 887 3001 quoque
912 2919 1043 2984 uitiatae
1067 2921 1296 3004 damnataeque
1315 2925 1432 2984 naturae

296 3024 434 3089 contulit
457 3025 526 3090 siue
550 3045 653 3107 usque
677 3045 759 3090 nunc
783 3025 914 3104 confert,
939 3026 1041 3092 dIcare
1063 3027 1200 3092 institui.
1224 3025 1336 3109 Neque
1358 3024 1429 3090 euim

296 3129 471 3196 damnando
496 3136 551 3196 aut
574 3136 678 3197 totum
702 3133 837 3198 abstulit
860 3131 945 3215 quod
965 3132 1103 3212 dederat,
1123 3132 1264 3217 alioquin
1284 3153 1339 3199 nec
1357 3135 1431 3196 esset

296 3237 440 3312 omnin03
465 3239 521 3301 aut
544 3256 613 3300 eam
636 3237 775 3302 remouit
796 3256 815 3300 a
839 3257 898 3302 sua
914 3241 1084 3320 potestate,
1108 3237 1204 3302 etiam
1224 3257 1298 3302 cum
1316 3233 1427 3302 diabolo
1444 3251 1465 3292 a

295 3342 469 3425 poenaliter
497 3342 648 3418 subdidit,
679 3361 753 3407 cum
776 3360 834 3407 nec
860 3342 967 3424 ipsum
991 3342 1153 3408 diabolum
1177 3364 1195 3408 a
1218 3365 1277 3410 suo
1301 3340 1430 3408 alienant

299 3448 448 3531 Imperi03
473 3448 597 3531 quando
622 3449 760 3530 quidem,
780 3453 818 3514 ut
835 3449 937 3532 ipsius
957 3469 1083 3533 quoque
1103 3450 1220 3516 diaboli
1240 3457 1345 3516 natura
1361 3446 1428 3511 sub-

295 3555 399 3632 sistat,
426 3555 482 3620 ille
504 3554 582 3619 facit
605 3555 660 3638 qui
683 3575 807 3619 summe
832 3560 881 3620 est
905 3559 937 3620 et
960 3556 1036 3620 fault
1063 3575 1132 3622 esse
1157 3557 1311 3641 quidquid
1332 3553 1426 3634 aliquo

297 3661 389 3727 inodo
414 3665 473 3726 est.

383 3888 400 3942 8
419 3887 487 3944 Gen.
508 3889 531 3951 l,
551 3888 585 3942 28

329 4031 346 4082 9
368 4030 485 4135 ¹ixmplete
509 4047 646 4100 apppoq
673 4031 777 4102 replete
801 4032 865 4086 bea
957 4031 990 4087 10
1017 4031 1100 4086 ullam
1121 4031 1150 4102 ρ’
1253 4032 1285 4086 12
1308 4024 1426 4092 lndlffll’

295 4145 328 4199 13
346 4111 486 4210 iirteutam,
504 4145 558 4199 mix
575 4163 611 4202 m.
631 4150 651 4200 2
668 4149 853 4217 superscripta,
871 4165 904 4218 9,-
921 4147 1026 4202 iutexta
1040 4165 1077 4218 p,·
1095 4147 1203 4202 intentu
1221 4164 1235 4203 e
1297 4144 1325 4200 19
1339 4141 1426 4194 inten-
1550 4215 1551 4218 Ἴ

292 4235 404 4298 tionem,
422 4251 456 4290 m.
476 4237 496 4288 2
514 4251 547 4288 ex
565 4235 750 4290 interitionem
768 4252 847 4305 corr,
867 4253 881 4290 e
966 4237 1000 4290 22
1020 4236 1078 4307 ipse
1097 4253 1111 4290 e
1201 4237 1236 4292 26
1256 4227 1394 4290 subdididit
1410 4243 1428 4296 9

293 4320 456 4374 alienauerit
474 4337 490 4373 a
509 4338 557 4374 suo
572 4339 594 4389 p
668 4323 801 4377 alienaret
816 4341 834 4393 q
