3192 4959
347 386 397 438 De
426 385 599 438 ciuitate
629 385 689 438 dei
717 386 780 441 lib.
810 386 881 439 XXI.
912 404 986 456 cap.
1016 389 1059 441 25.
1089 389 1131 442 26.
1252 393 1316 456 567

167 579 288 662 aliquid
318 579 404 642 aliud
433 598 541 643 eorum
569 578 701 662 agendo,
735 579 772 644 de
802 582 917 664 quihus
947 582 1004 648 ait:
1041 581 1222 661 Quoniam
1257 583 1318 666 qui

166 687 262 750 talia
290 689 417 768 agunt,
447 705 599 767 regnum
625 686 694 750 Dei
717 706 787 751 non
812 689 1077 770 possidebunt;
1108 691 1316 772 superbos,

167 794 361 876 quicumque
395 797 494 876 agunt
531 792 618 870 talia,
657 792 719 856 nisi
752 794 783 856 in
823 795 1014 877 sempiterno
1061 797 1218 878 supplicio
1258 817 1319 861 non

166 903 270 976 erunt,
294 899 369 981 quia
391 899 423 963 in
447 898 506 962 Dei
524 919 621 982 regno
641 917 711 962 esse
731 919 792 963 non
811 903 967 982 poterunt.
987 902 1023 966 In
1044 902 1093 967 his
1113 903 1194 966 eninr
1214 923 1319 985 perse-

135 1006 306 1070 anerando
336 1024 435 1088 usque
463 1005 496 1068 in
525 1005 620 1069 huius
644 1007 730 1070 uitae
754 1005 847 1070 finem
876 1026 937 1071 non
961 1009 1073 1091 utique
1097 1009 1221 1073 dicendi
1246 1013 1320 1072 sunt

165 1113 198 1176 in
229 1111 355 1178 Christo
385 1131 607 1196 perseuerasse
631 1132 733 1194 usque
757 1115 788 1176 in
813 1113 919 1192 finem,
948 1115 1021 1197 quia
1045 1115 1075 1178 in
1102 1115 1228 1180 Christo
1251 1135 1319 1198 per-

166 1239 313 1285 seuerare
345 1223 395 1284 est
425 1219 457 1282 in
491 1219 559 1283 eius
592 1218 653 1283 fida
685 1238 903 1301 perseuerare;
943 1241 1023 1303 quae
1057 1221 1146 1298 fides,
1180 1226 1216 1286 ut
1249 1241 1318 1285 eam

165 1327 280 1391 definit
301 1326 384 1390 idem
409 1326 585 1408 apostolus,
608 1345 673 1407 per
701 1326 948 1392 dilectionem
980 1333 1171 1411 operatur;
1206 1328 1319 1394 dilec-

164 1438 221 1500 tio
255 1438 372 1510 autem,
405 1434 489 1497 siout
516 1433 585 1516 ipse
618 1433 694 1497 alibi
723 1433 811 1510 dioit,
845 1435 981 1499 malum
1019 1455 1090 1500 nou
1130 1439 1318 1516 operatur.

121 1564 146 1604 ιο
165 1541 233 1606 Neo
258 1541 313 1604 isti
337 1560 410 1624 ergo
435 1539 558 1604 dicendi
578 1543 654 1604 sunt
672 1541 863 1604 manducare
884 1561 998 1622 eorpus
1020 1542 1149 1618 Christi,
1170 1543 1320 1623 qnoniam

163 1667 223 1712 neo
246 1647 278 1711 in
297 1646 447 1711 membris
467 1645 660 1729 conputandi
679 1651 754 1710 sunt
774 1646 902 1712 Christi.
928 1649 973 1712 Ut
996 1647 1079 1712 enim
1104 1649 1166 1712 alia
1184 1652 1319 1725 taceam,

164 1774 228 1819 non
258 1757 393 1836 possunt
416 1754 514 1818 simul
537 1773 607 1818 esse
632 1757 664 1816 et
686 1755 828 1818 membra
853 1753 971 1819 Christi
1001 1759 1033 1819 et
1056 1756 1199 1819 membra
1223 1773 1320 1818 mere-

165 1861 267 1925 triois.
296 1861 442 1942 Denique
469 1859 539 1941 ipso
568 1861 660 1925 dicit:
695 1858 764 1938 Qui
792 1863 995 1926 manducat
1023 1881 1168 1926 earnem
1202 1881 1319 1926 meam

165 1972 202 2032 et
225 1968 322 2032 bibit
347 1967 566 2050 sanguinem
591 1987 721 2045 meum,
749 1967 785 2031 in
812 1987 864 2032 me
889 1971 1021 2046 maneb,
1052 1971 1088 2032 et
1112 1988 1180 2052 ego
1205 1969 1241 2032 in
1267 1987 1318 2032 oo.

124 2073 316 2140 1⁵0stendit
343 2074 420 2156 quid
447 2073 490 2136 sit
517 2091 577 2136 non
607 2076 805 2138 sacramento
834 2075 937 2150 tenus,
968 2074 1023 2139 sed
1047 2095 1079 2138 re
1104 2094 1180 2139 uera
1204 2094 1318 2158 eorpus

165 2180 287 2246 Christi
319 2180 510 2244 manducare
543 2183 576 2243 et
603 2180 672 2244 eius
702 2179 886 2263 sanguinem
917 2181 1038 2258 bibere;
1073 2181 1133 2246 hoo
1162 2182 1211 2244 est
1235 2181 1319 2244 enim

163 2290 196 2354 in
227 2287 355 2352 Christo
383 2306 519 2362 manere,
552 2289 589 2349 ut
616 2286 647 2349 in
676 2286 732 2350 illo
761 2289 887 2350 maneat
915 2290 947 2350 et
975 2287 1131 2352 Christus.
1158 2287 1209 2352 Sic
1236 2288 1319 2351 enim

163 2396 227 2459 hoo
251 2394 338 2470 dixit,
362 2397 527 2476 tamquam
551 2393 685 2457 diceret:
709 2393 783 2473 ‘Qui
807 2413 868 2457 non
892 2393 924 2457 in
943 2413 993 2458 me
1015 2398 1129 2470 manat,
1155 2393 1236 2458 etin
1258 2413 1319 2476 quo

164 2498 250 2588 {ego}
280 2520 341 2564 non
369 2519 491 2575 maneo,
521 2519 582 2563 non
606 2519 640 2563 se
665 2500 750 2563 dicat
774 2503 829 2563 aut
858 2500 1017 2566 existimet
1040 2501 1230 2564 manducare
1255 2519 1320 2564 cor-

118 2625 145 2662 20
164 2628 227 2691 pus
251 2627 358 2671 meum
383 2610 439 2670 ant
460 2606 569 2670 bibere
598 2607 786 2690 sanguinem
810 2614 940 2670 meum‘
968 2607 1038 2671 Non
1063 2607 1170 2689 itaque
1194 2610 1322 2670 manent

161 2717 195 2780 in
231 2713 372 2788 Christo,
410 2713 464 2795 qui
495 2733 556 2777 non
590 2717 666 2776 sunt
698 2713 840 2776 membra
873 2713 952 2777 eius,
991 2714 1060 2777 Non
1100 2717 1176 2777 sunt
1212 2716 1320 2776 autem

162 2820 309 2885 membra
337 2819 465 2894 Christi,
496 2820 550 2900 qui
579 2838 612 2883 se
640 2819 763 2882 faciunt
789 2819 932 2883 membra
955 2820 1145 2897 meretricis,
1170 2819 1232 2884 nisi
1256 2839 1321 2882 ma·

162 2930 234 2993 lum
257 2926 337 2990 illud
360 2925 549 3009 paenitendo
574 2945 644 2989 esse
669 2925 851 2989 destiterint
874 2929 906 2988 et
930 2925 968 2989 ad
993 2926 1053 2990 hoe
1077 2927 1195 2990 bonum
1214 2944 1321 2990 reson-

163 3034 327 3101 oiliatione
350 3032 509 3097 redierint.

118 3172 145 3210 aa
602 3137 738 3203 CAPUT
767 3138 883 3202 XXVI.

163 3281 263 3361 Quid
296 3282 348 3345 sit
379 3280 418 3344 in
446 3280 693 3346 fundamento
720 3281 858 3344 habere
888 3279 1081 3344 Christum
1110 3283 1146 3344 et
1179 3280 1317 3361 quibus

286 3386 518 3470 spondeatur
540 3389 644 3451 salus
669 3387 779 3468 qnasi
802 3406 866 3469 per
888 3387 990 3470 ignis
1015 3390 1195 3450 usturam.

211 3529 274 3594 Sed
306 3528 434 3600 habent.
471 3527 630 3610 inquiunt,
665 3526 837 3592 Christiani
870 3525 1019 3591 catholici
1050 3528 1081 3590 in
1115 3527 1317 3592 fundamento

163 3637 341 3712 Christum,
370 3635 502 3698 aonios
526 3634 649 3698 unitate
679 3654 738 3697 non
763 3637 972 3709 recesserunt,
1001 3633 1129 3697 tametsi
1153 3633 1227 3696 huie
1250 3634 1322 3696 fun-

255 3824 434 3889 adanae
512 3825 571 3878 91.
592 3826 652 3880 Cor.
674 3824 925 3891 13,4;R0m.13‚
947 3823 980 3876 10
1055 3823 1087 3876 12
1108 3823 1131 3875 1.
1152 3824 1212 3878 Cor.
1241 3825 1265 3880 6,
1289 3825 1321 3876 15

164 3915 357 3978 1310.6‚56

201 4025 218 4075 2
237 4023 377 4091 taliagnnt
392 4022 444 4091 pe¹
501 4023 534 4075 12
548 4023 630 4090 prius
649 4024 677 4075 et
695 4037 745 4075 oin.
763 4039 781 4091 p
846 4022 877 4074 13
898 4020 965 4073 dioit
984 4020 1054 4072 ube
1061 4037 1078 4088 p
1086 4037 1129 4088 pp
1146 4037 1176 4083 α,·
1196 4017 1321 4072 dicenso

163 4113 200 4166 14
218 4111 331 4181 bibetp
419 4114 451 4165 15
471 4111 561 4180 tenus]
580 4111 676 4178 teneri,
697 4112 789 4163 erim.
810 4113 829 4162 2
848 4110 877 4162 in
898 4126 962 4169 rura,
983 4126 996 4162 e
1071 4109 1102 4161 17
1124 4108 1194 4160 sicut
1214 4109 1321 4174 enimp

162 4199 429 4268 18temquamhoo
455 4216 474 4252 a
547 4201 592 4269 qui
611 4201 712 4252 nonin
731 4217 773 4252 me
792 4203 884 4251 manet
904 4197 987 4254 om.b
1060 4197 1170 4265 ineop
1221 4197 1253 4249 19
1270 4212 1319 4265 ego

163 4307 218 4343 om.
240 4288 283 4342 ab
295 4305 333 4358 ep
343 4307 364 4358 p
375 4307 388 4357 p
400 4309 417 4341 α
493 4289 620 4342 aestimet
639 4305 652 4342 e
