3192 4959
388 469 439 523 De
468 469 641 524 ciuitate
670 470 729 524 dci
759 470 825 524 lib.
849 471 907 524 XV.
931 488 1006 541 cap.
1031 471 1056 524 8.
1251 474 1292 537 73

142 662 256 727 bemus
285 682 340 744 per·
368 666 432 727 tam
462 665 580 729 multos
610 684 718 741 annos,
745 665 860 747 quibus
888 668 965 730 tnnc
994 666 1025 729 iu
1052 666 1173 731 saeculi
1195 667 1291 732 huius

142 770 245 851 prima
269 772 373 834 aetate
398 770 560 849 uiuebant,
584 772 673 836 nasci
695 772 840 854 potuisse
863 771 1293 856 pln1·imoshomines‚quo·

141 896 212 939 rum
241 878 387 942 coetibus
419 878 510 943 condi
542 884 672 961 possent
705 880 801 943 etiam
833 880 988 961 plurimae
1009 879 1190 945 ciuitates?
1230 880 1292 945 Sed

141 983 299 1065 pertinuit
326 983 364 1047 ad
393 984 507 1059 Deum,
538 1004 599 1065 qno
627 984 690 1049 ista
717 985 891 1066 inspirante
921 986 1098 1067 conscripta
1126 992 1210 1061 sunt,
1235 987 1292 1050 has

113 1090 221 1153 ednas
246 1089 418 1155 societates
443 1090 510 1155 suis
536 1090 670 1155 diuersis
695 1092 951 1175 generationibus
975 1092 1124 1175 primitus
1152 1093 1292 1177 digerere

140 1196 243 1279 adque
272 1196 478 1281 distinguere,
508 1200 544 1260 ut
574 1216 717 1261 seorsum
747 1197 922 1273 hominurn,
951 1197 1011 1262 boc
1039 1202 1090 1262 est
1116 1200 1291 1264 secundum

140 1303 303 1367 bominem
332 1304 524 1381 uiuentium,
549 1323 693 1368 seorsum
723 1308 829 1368 antem
855 1303 993 1368 filiorum
1017 1304 1086 1382 Dei,
1110 1304 1144 1368 id
1167 1309 1216 1370 est
1239 1307 1293 1371 lro·

140 1410 262 1473 minum
288 1409 462 1474 secundum
482 1410 586 1474 Deum
606 1410 795 1487 uiuentium,
817 1411 1034 1493 generationes
1054 1413 1293 1476 contererentur

139 1536 242 1599 usque
268 1516 437 1595 diluuium,
461 1517 517 1580 ubi
541 1517 703 1581 ambarum
729 1518 919 1582 societatum
943 1518 1094 1582 discretio
1120 1520 1291 1584 concretio-

100 1645 122 1681 m
140 1643 202 1706 que
241 1627 399 1701 narratum
438 1623 585 1689 discretio
624 1623 763 1709 quidem,
797 1625 881 1706 quod
919 1626 1082 1689 ambarum
1120 1626 1291 1707 separatim

139 1729 361 1813 generationes
392 1734 689 1807 commemorantur,
717 1729 812 1793 unius
840 1729 1020 1794 fratricidae
1049 1729 1135 1806 Cain,
1160 1732 1290 1795 alterius

139 1838 248 1899 autem
278 1836 333 1917 qui
361 1836 536 1900 uocabatur
565 1835 655 1913 Seth;
689 1839 783 1901 natus
813 1837 930 1919 quippe
958 1835 1061 1901 fuerat
1093 1840 1126 1901 et
1156 1838 1224 1919 ipse
1253 1838 1290 1901 de

137 1943 240 2005 Adam
275 1961 331 2025 pro
364 1943 431 2021 illo,
460 1961 555 2024 quem
588 1942 684 2006 frater
717 1942 847 2017 occidit;
882 1944 1040 2008 concretio
1072 1947 1189 2020 autem,
1218 1944 1292 2024 quia

137 2049 231 2113 bonis
267 2050 299 2111 in
333 2049 472 2113 deterius
507 2048 738 2113 declinantibus
772 2051 853 2114 tales
881 2050 1023 2114 uniuersi
1051 2050 1127 2113 iacti
1156 2051 1291 2125 fuerant,

99 2176 122 2213 rr
137 2160 174 2219 ut
198 2154 324 2219 diluuio
350 2155 538 2233 delerentur,
560 2160 690 2237 excepto
715 2175 776 2219 uno
800 2157 896 2232 iusto,
917 2156 969 2221 cui
992 2175 1104 2220 nomon
1128 2159 1195 2221 erat
1212 2156 1290 2226 Noe,

139 2268 169 2327 et
202 2265 274 2327 eius
304 2264 438 2347 coniuge
468 2267 500 2327 et
526 2262 630 2327 tribus
658 2262 735 2327 filiis
764 2264 961 2345 totidemque
988 2264 1131 2342 nuribus,
1155 2264 1210 2345 qui
1236 2263 1290 2326 ho-

137 2370 241 2433 mines
272 2372 345 2434 octo
374 2390 410 2434 ex
438 2370 493 2435 illa
521 2371 661 2434 omnium
691 2373 871 2435 uectatione
899 2370 1081 2434 mortalium
1108 2388 1163 2451 per
1186 2388 1289 2433 arcam

138 2477 274 2541 euadere
299 2481 489 2542 meruerunt.

183 2584 278 2665 Quod
307 2584 406 2669 igitur
439 2585 593 2667 scriptum
627 2587 690 2648 est:
724 2584 770 2647 Et
803 2584 985 2668 cognouit
1017 2582 1106 2648 Cain
1138 2602 1288 2647 uxorem

95 2710 119 2747 ²⁰
138 2710 256 2767 suam,
282 2694 321 2754 et
344 2690 563 2772 concipiens
588 2690 737 2772 peperit
754 2690 892 2765 Enoch3
919 2695 954 2754 et
977 2694 1057 2753 erat
1080 2688 1288 2753 aedificans

137 2798 341 2861 ciuitatem
370 2798 404 2860 in
439 2798 589 2861 nomine
623 2796 699 2859 filii
733 2796 792 2860 sui
821 2796 960 2861 Ilnoch:
995 2815 1055 2860 non
1085 2801 1134 2859 est
1162 2794 1287 2877 quidem

137 2923 348 2985 consequens,
368 2906 405 2967 ut
422 2904 520 2967 istum
541 2904 677 2985 primum
701 2902 803 2967 filium
827 2903 975 2986 genuisse
999 2902 1154 2969 credatur.
1178 2900 1289 2984 Neque

136 3011 220 3074 enirn
250 3012 311 3074 hoc
342 3030 377 3073 ex
405 3029 440 3074 eo
473 3010 651 3092 putandum
686 3015 744 3085 est,
775 3011 849 3092 quia
882 3010 986 3075 dictus
1020 3014 1070 3073 est
1102 3010 1289 3091 cognouisse

135 3135 267 3181 uxorem
297 3136 400 3193 suant,
429 3118 518 3198 quasi
546 3120 623 3181 tunc
652 3136 685 3180 se
714 3116 762 3180 illi
790 3116 938 3198 primitus
968 3115 1203 3181 concumbendo
1232 3115 1290 3179 mi·-

96 3242 118 3280 a
136 3225 286 3289 acuisset.
311 3222 393 3287 Nam
418 3229 450 3287 et
473 3224 511 3286 de
529 3223 598 3306 ipso
618 3226 706 3305 patre
726 3224 868 3287 omnium
887 3222 989 3286 Adam
1009 3242 1069 3286 non
1088 3225 1164 3286 tunc
1184 3222 1288 3285 solum

135 3331 194 3395 hoc
228 3330 352 3394 dictum
386 3335 445 3409 est,
477 3330 600 3411 quando
635 3333 809 3412 conceptus
844 3332 894 3394 est
926 3330 1013 3407 Cain,
1047 3348 1139 3411 quem
1172 3329 1290 3411 primo·

134 3438 282 3519 genitum
303 3436 431 3500 uidetur
448 3436 614 3511 babuisse3
634 3454 745 3499 uerum
766 3436 863 3499 etiam
883 3436 1042 3519 posterius
1063 3434 1172 3499 eadem
1192 3435 1290 3516 scrip·

134 3548 222 3609 tura:
262 3544 466 3626 cognouit,
495 3543 613 3625 inquit,
637 3541 751 3605 Adam
780 3543 895 3606 Euam
923 3560 1073 3605 uxorem
1103 3560 1220 3618 suam,
1253 3545 1289 3603 et

135 3652 315 3734 concepit
339 3656 377 3713 et
399 3650 549 3733 peperit
572 3649 710 3726 filium,
732 3653 769 3713 et
790 3649 1002 3714 nominauit
1025 3667 1153 3713 nomen
1178 3648 1287 3711 illius

96 3756 238 3823 uSeth.
278 3756 369 3821 Unde
401 3756 600 3839 intellegitur
636 3754 681 3817 ita
714 3754 815 3818 solere
846 3754 935 3819 illam
967 3754 1157 3834 scripturam
1188 3752 1287 3835 loqui,

135 3865 285 3949 quamuis
310 3881 371 3927 non
396 3881 520 3944 sempor
544 3879 616 3924 cum
641 3860 672 3923 in
693 3879 729 3922 ea
747 3860 865 3944 legitur
882 3860 985 3924 factos
1005 3860 1168 3924 hominum
1187 3860 1287 3925 luisse

229 4070 261 4121 lo
281 4068 349 4123 Gen.
368 4072 394 4135 4,
416 4070 447 4123 17
503 4069 538 4122 28
556 4068 593 4122 ib.
613 4070 647 4122 25

170 4192 355 4259 3coletibus‚
373 4191 391 4243 h
412 4191 447 4257 (Ρ)
468 4208 546 4253 eruc,
573 4191 595 4244 V
685 4192 806 4260 itusque
831 4190 881 4259 Vp
900 4190 1014 4255 Domb.,·
1034 4208 1119 4259 usqne
1139 4190 1173 4243 ad
1194 4193 1286 4244 abeo

136 4280 269 4334 diluuium
289 4297 322 4334 erc
342 4278 490 4333 dilucidum
504 4286 536 4334 art
550 4280 662 4333 uidetur
676 4296 743 4333 corr.
759 4296 772 4331 e
812 4280 843 4333 15
859 4279 901 4332 cui
921 4277 1011 4345 Ve²o;
1030 4280 1107 4332 cuius
1123 4279 1289 4349 aodppuf

136 4370 170 4420 25,
190 4370 226 4422 de
247 4386 306 4433 aec
361 4368 396 4421 28
415 4385 523 4422 uxorem
542 4386 563 4421 s.
584 4368 701 4423 Euamo
