3192 4959
328 453 393 515 558
672 449 698 501 S.
726 447 885 500 Aurelii
912 447 1128 516 Augustini

328 665 388 710 non
414 645 557 722 orabunt,
583 645 698 727 quibus
723 645 853 726 paratus
879 645 927 707 est
949 643 1035 726 ignis
1059 647 1217 720 aeternus,
1241 645 1280 706 ut
1297 643 1384 708 Deua
1407 661 1464 706 sen·

326 753 460 817 tentiam
494 771 584 815 suam
612 751 740 834 mitiget
768 752 801 814 et
828 750 972 813 reflectat
997 749 1029 814 in
1059 750 1175 813 melius
1203 767 1322 831 eosque
1351 750 1387 812 ab
1416 750 1464 812 illu

328 859 400 942 igne
432 857 529 921 faciat
561 857 702 922 alienus?
738 857 787 920 An
817 855 876 920 erit
903 857 1035 920 forsitan
1066 855 1245 939 quisquam,
1275 855 1331 938 qui
1359 859 1388 919 et
1413 855 1464 918 hoe

327 966 472 1028 futurum
491 983 562 1028 esse
580 965 763 1046 praesumat
781 963 950 1026 adfirmans
969 961 1062 1026 etiam
1084 964 1211 1025 sanctos
1231 964 1362 1045 angelos
1381 961 1464 1026 simul

328 1091 401 1135 eum
426 1071 544 1136 sanctis
567 1070 762 1145 hominibus,
787 1071 842 1152 qui
865 1072 943 1133 tune
967 1069 1116 1150 aequales
1141 1071 1234 1132 erunt
1261 1069 1382 1154 angelis
1405 1067 1463 1144 liei,
1487 1090 1496 1126 s

327 1197 383 1260 pro
413 1177 599 1242 damnandis
629 1180 661 1240 et
689 1177 812 1260 angelis
841 1178 874 1240 et
901 1175 1084 1239 hominibus
1113 1178 1268 1252 oraturos,
1292 1181 1330 1238 nt
1358 1175 1464 1238 miseri·

328 1283 435 1350 cordia
466 1302 528 1347 non
561 1283 732 1365 patiantur,
765 1282 850 1364 quod
888 1281 1023 1346 ueritate
1061 1283 1221 1344 merentur
1255 1281 1345 1363 pati?
1384 1279 1462 1359 Quod

328 1411 419 1455 nemo
453 1409 546 1454 sanae
579 1389 652 1453 fidei
685 1390 772 1464 dixit,
807 1409 898 1454 nemo
933 1389 1077 1452 dicturus
1110 1391 1170 1452 est.
1207 1389 1358 1470 Alioquin
1388 1389 1463 1452 nulla

329 1516 425 1562 caiisa
454 1502 513 1573 est,
543 1515 624 1578 quur
651 1515 712 1560 non
741 1496 837 1559 etiam
868 1514 951 1559 nunc.
975 1513 1030 1577 pro
1056 1493 1181 1558 diabolo
1206 1499 1239 1558 et
1261 1495 1382 1578 angelis
1404 1494 1462 1558 eius

328 1608 398 1668 oret
427 1603 572 1678 ecclesia,
602 1622 697 1684 quam
724 1603 880 1685 magister
906 1601 994 1666 Deus
1026 1619 1081 1683 pro
1109 1600 1249 1665 inimicis
1282 1602 1351 1665 suis
1380 1601 1496 1665 iussitu

329 1729 427 1774 orare.
464 1710 552 1774 Haeo
580 1710 680 1793 igitur
707 1727 815 1784 eausa,
839 1727 902 1790 qua
929 1707 1029 1771 litut
1056 1725 1140 1770 nune
1167 1707 1303 1772 eeclesia
1325 1709 1464 1772 uoueret

327 1836 384 1897 pro
408 1816 503 1880 malis
526 1816 659 1901 angelis,
684 1835 764 1897 quus
789 1833 864 1880 suos
890 1833 959 1878 esse
983 1813 1075 1877 nouit
1096 1813 1255 1891 inimieos,
1280 1813 1387 1878 eadem
1403 1814 1463 1896 ipsa

330 1939 427 1986 causa
454 1924 515 1997 est,
539 1939 601 2003 qua
629 1921 684 1984 liet
711 1925 748 1985 ut
775 1920 808 1983 iu
835 1921 892 1984 illo
921 1923 998 1984 tune
1025 1919 1144 1984 iudicio
1173 1919 1269 1983 etiam
1297 1939 1354 2002 pro
1376 1919 1462 1984 hoini-

328 2027 422 2091 nibus
447 2031 574 2092 aeterno
597 2028 670 2112 igne
693 2027 883 2103 uinciendis
905 2026 1052 2108 quamuis
1075 2025 1216 2108 pellecta
1234 2027 1278 2090 sit
1296 2027 1461 2092 sanctitate.

328 2153 389 2199 non
418 2139 496 2198 oret.
529 2133 621 2198 Nune
650 2135 733 2198 enim
760 2137 928 2216 propterea
951 2152 1006 2216 pro
1031 2133 1077 2196 eis
1102 2135 1179 2208 orat,
1203 2151 1285 2214 quos
1308 2134 1340 2198 iu
1364 2151 1461 2217 genere
1477 2149 1495 2189 u

328 2241 465 2305 humano
498 2240 595 2304 habet
625 2240 782 2316 inimicos,
816 2239 891 2320 quia
922 2243 1050 2321 tempus
1079 2243 1130 2303 est
1156 2239 1366 2320 paenitentiae
1391 2239 1460 2302 fruc·
1556 2303 1557 2330 χ

326 2351 450 2412 tunsae.
490 2347 572 2412 Nam
598 2346 912 2429 quidmaximepro
937 2345 1086 2423 elatrat,
1112 2345 1174 2410 nisi
1203 2349 1246 2410 ut
1283 2345 1349 2410 det
1382 2345 1460 2409 illis

327 2453 446 2522 Deus.
465 2452 551 2517 sieut
567 2452 645 2516 dicit
659 2453 834 2535 apostolus,
850 2452 1148 2536 paenitentiam
1167 2457 1206 2517 et
1224 2455 1461 2538 resipiscant

328 2559 373 2623 de
403 2560 563 2625 diaboli
590 2559 765 2641 laqueis
790 2579 808 2623 a
837 2579 912 2642 quo
938 2559 1096 2642 captiui
1120 2563 1316 2626 tenentur
1339 2579 1460 2626 secun·

329 2667 416 2730 dum
450 2667 585 2750 ipsius
618 2667 898 2730 uoluntatem?
930 2667 1073 2750 Denique
1106 2667 1135 2731 si
1167 2667 1206 2732 de
1239 2667 1396 2750 aliquibus
1422 2667 1494 2729 itan

328 2777 413 2837 certa
442 2777 538 2851 esset,
562 2777 598 2836 ut
626 2773 681 2856 qui
710 2773 773 2837 sint
801 2773 849 2838 illi
879 2774 974 2838 etiam
998 2777 1116 2850 nosset,
1141 2774 1195 2856 qui
1216 2774 1296 2840 lieet
1318 2775 1414 2838 adhue
1431 2772 1457 2835 in

327 2880 385 2942 hae
409 2880 479 2944 uita
501 2880 566 2944 sint
590 2879 768 2958 constituti,
787 2883 894 2944 tamen
917 2880 1142 2961 praedestinati
1167 2881 1292 2945 suntin
1313 2885 1457 2946 aeternum
1554 2935 1555 2956 q

326 2987 432 3068 ignem
464 2988 510 3050 ire
540 3005 611 3051 enm
642 2985 782 3049 diabolo:
822 2988 886 3049 tam
916 3004 970 3067 pro
1000 2985 1046 3050 eis
1075 3005 1136 3050 non
1163 2991 1276 3064 oraret,
1301 3005 1390 3069 quam
1411 3003 1456 3049 uec

326 3111 382 3172 pro
406 3093 486 3174 ipso.
512 3091 573 3155 Sed
598 3091 672 3173 quia
696 3091 734 3155 de
758 3092 846 3156 nullo
872 3097 958 3155 certa
977 3096 1036 3170 est,
1057 3096 1125 3156 erat
1142 3111 1197 3175 pro
1218 3095 1365 3158 omnibus
1383 3091 1456 3155 dun-

327 3201 414 3262 taxat
436 3197 618 3262 heminibus
642 3198 780 3261 inimicis
806 3197 873 3261 suis
896 3197 928 3260 in
953 3197 1013 3262 hoe
1038 3217 1167 3280 torpore
1192 3199 1387 3272 constitutis;
1409 3214 1454 3260 uec
1470 3215 1490 3254 u
1553 3255 1554 3284 ἒ

326 3308 432 3366 tamen
457 3323 512 3386 pro
537 3303 683 3367 omnibus
709 3303 882 3368 exauditur.
920 3304 980 3367 Pro
1010 3305 1060 3368 his
1090 3305 1172 3368 enim
1198 3306 1276 3370 solis
1301 3304 1454 3370 exauditur.
1553 3293 1554 3371 i

328 3410 392 3491 qui,
422 3409 484 3473 etsi
511 3409 720 3474 aduersantur
746 3409 911 3487 ecclesiae,
936 3411 982 3474 ita
1010 3413 1086 3476 sunt
1108 3415 1214 3476 tamen
1238 3409 1454 3496 praedestinati.

325 3521 364 3579 ut
385 3536 441 3598 pro
466 3516 512 3580 eis
536 3515 720 3580 exaudiatur
743 3516 878 3580 ecclesia
902 3521 934 3580 et
957 3517 1013 3580 lilii
1038 3517 1217 3582 efficiantur
1240 3520 1397 3584 eeclesiae.
1428 3513 1453 3577 Si
1552 3581 1553 3586 ,

327 3623 381 3706 qui
406 3625 513 3687 autem
536 3643 638 3706 usque
662 3622 701 3686 ad
724 3626 860 3686 mortem
885 3624 1047 3689 habebunt
1071 3643 1125 3688 001·
1146 3625 1344 3707 inpaenitens
1361 3642 1411 3689 nee
1426 3639 1453 3684 ex
1552 3589 1553 3675 i

418 3864 494 3918 182.
514 3863 582 3918 uim.
602 3867 627 3930 a,
647 3867 681 3920 aa
700 3883 740 3936 sq.

364 3990 380 4042 6
399 3989 441 4057 ut]
460 3992 524 4058 etp
588 3991 605 4044 8
625 3991 746 4060 alioquin
765 3991 872 4062 beqqn
891 3993 993 4062 alioqui
1012 4009 1028 4047 v
1046 3991 1145 4048 Donni).
1209 3996 1242 4048 12
1262 3996 1339 4049 nouit
1356 4009 1406 4047 esse
1422 3991 1453 4042 bt

330 4079 361 4131 17
383 4077 464 4148 quidi·
483 4095 509 4143 ε,-
528 4078 625 4146 quisp
718 4081 750 4132 19
770 4097 786 4132 a
806 4098 836 4134 co
853 4099 871 4150 q
944 4083 1061 4151 captiuis
1076 4085 1205 4138 tenentur
1221 4085 1264 4152 9¹;
1284 4084 1379 4154 captiui
1394 4085 1451 4134 rete·

327 4172 426 4219 nentur
442 4165 472 4235 9²
520 4168 555 4221 20
573 4184 628 4235 sqq.
647 4168 678 4220 in
695 4185 781 4236 nsary.
798 4187 817 4238 y
836 4170 948 4239 leqitur:
966 4169 1038 4238 quod
1057 4171 1129 4224 sieut
1146 4189 1200 4224 non
1219 4177 1280 4226 orat
1298 4171 1402 4226 eeclesia
1414 4183 1451 4238 pro
1550 4189 1551 4208 ι

329 4254 447 4310 diabolo.
471 4256 512 4308 ita
532 4271 585 4308 non
610 4261 699 4310 oraret
721 4273 769 4325 pro
788 4258 999 4326 praedestinatis
1019 4259 1053 4312 nd
1073 4263 1194 4330 eternum
1213 4259 1353 4330 gehennae
1369 4260 1451 4328 ignem.

328 4343 352 4394 si
371 4344 453 4396 sciret
471 4345 498 4396 in
513 4343 621 4397 hadita
636 4345 682 4412 qui
697 4351 788 4399 essent
834 4349 867 4400 27
888 4351 979 4401 tamen
998 4353 1062 4402 unt
1079 4365 1095 4402 u
1136 4350 1171 4404 29
1190 4351 1286 4420 usque]
1305 4343 1451 4418 nusquamb
