3192 4959
320 447 384 510 428
661 443 688 497 S.
717 441 874 497 Aurelii
900 440 1118 511 Augustini

320 637 402 702 Cum
435 655 510 702 uero
543 635 583 700 ad
612 635 695 700 illud
726 635 787 700 Dei
813 635 967 700 iudicium
996 633 1189 712 uenerimus,
1217 635 1309 700 cuius
1342 637 1465 718 tempus

318 743 383 807 iam
406 743 533 826 proprie
556 741 623 807 dies
646 741 759 808 iudicii
781 745 814 807 et
832 741 1000 824 aliquando
1020 740 1089 806 dies
1108 741 1237 806 Domini
1254 745 1466 824 nuncupator:

318 869 380 915 non
404 849 509 916 solum
533 867 754 932 qrraocnmque
774 853 853 913 tunc
875 847 1110 926 iudicabuntur,
1129 867 1243 913 uorum
1261 848 1359 914 etium
1379 867 1466 930 quae

319 975 457 1040 cumque
494 958 533 1021 ab
568 955 661 1021 initio
692 955 832 1020 iudicata
870 957 903 1020 et
934 973 1152 1038 quaecumque
1183 973 1287 1037 usque
1319 955 1359 1018 acl
1390 954 1466 1018 illud

320 1066 447 1147 tempus
466 1063 571 1128 adhuc
588 1061 759 1127 iudicanda
779 1064 867 1128 sunt.
890 1062 1088 1145 apparebunt
1105 1081 1175 1126 csse
1193 1061 1384 1126 iustissima.
1408 1060 1465 1126 Ubi
1488 1083 1497 1120 e

319 1169 380 1233 hoc
413 1188 541 1252 quoque
571 1167 840 1244 manifestabitur,
873 1186 968 1250 quam
995 1168 1082 1232 iusto
1110 1167 1228 1232 iudicio
1256 1168 1317 1233 Dei
1344 1168 1412 1245 liat,
1433 1173 1466 1232 ut

318 1294 404 1339 nunc
434 1279 500 1340 tam
532 1274 637 1339 multa
667 1292 705 1339 uc
735 1293 835 1357 paene
869 1275 974 1339 omnia
1004 1275 1092 1339 iustu
1122 1275 1243 1339 iudicia
1265 1274 1325 1339 Dei
1352 1275 1467 1339 lateam

319 1401 433 1448 sensus
450 1385 652 1463 'mentesque
680 1381 874 1458 mortalium,
903 1400 976 1446 cum
1003 1385 1109 1445 tamen
1136 1381 1168 1446 in
1197 1381 1257 1446 hac
1284 1399 1318 1445 re
1346 1380 1464 1464 piorum

319 1487 414 1552 iidem
437 1507 499 1553 non
522 1487 630 1564 lateat,
653 1487 775 1552 iustum
800 1505 871 1552 esse
896 1487 980 1570 quod
1001 1487 1091 1553 latet.

787 1679 925 1746 carun
948 1682 1004 1746 ru.
1481 1726 1499 1760 ,

320 1819 427 1900 Quid
455 1820 624 1887 inlibro
649 1822 900 1886 ecclesiaste
924 1821 1113 1888 Salomon
1139 1822 1280 1892 dehis,
1310 1821 1464 1904 quaein

320 1927 393 1992 hac
420 1929 509 1992 uita
537 1931 576 1992 et
603 1929 721 1993 bonis
753 1933 794 1992 et
816 1928 936 1992 malis
961 1932 1055 1994 sunt
1079 1929 1315 2004 communia,
1340 1929 1466 2011 dispo·
1560 1929 1561 1966 l

845 2035 956 2101 tarit.

364 2177 488 2262 Nempe
516 2177 676 2256 Salomon,
705 2175 963 2259 sapientissimus
985 2197 1038 2242 rer
1061 2177 1171 2256 Israel,
1195 2179 1250 2261 qui
1272 2177 1418 2264 regnauit
1437 2177 1464 2240 in

320 2284 533 2356 Hierusalem,
566 2283 694 2356 librum,
728 2283 783 2364 qui
819 2285 954 2347 uocatur
990 2283 1193 2348 ecclesiastes
1231 2285 1263 2348 et
1295 2303 1314 2345 a
1345 2280 1464 2347 Iudaeis
1480 2291 1499 2329 ¹⁵

321 2409 447 2473 queque
479 2389 615 2453 habetur
646 2389 678 2451 in
708 2407 868 2452 sacrarum
897 2407 1014 2454 canone
1041 2389 1230 2466 litterarum,
1263 2389 1310 2452 sic
1344 2403 1464 2452 exorsus

323 2501 389 2562 est:
412 2497 584 2561 Vanitas
608 2493 896 2572 actitantium,
921 2495 1025 2561 dixit
1049 2495 1341 2569 ecclesiastem
1366 2493 1465 2560 uani-

322 2606 386 2667 tas
414 2601 702 2673 uanitantium,
733 2601 865 2665 omnia
888 2601 1063 2668 uanitas.
1089 2602 1198 2683 Quae
1222 2600 1465 2666 abundantia

322 2709 478 2774 homini
505 2708 545 2772 in
570 2708 674 2772 omni
697 2707 838 2771 labore
864 2727 945 2788 suo,
975 2728 1051 2791 quo
1075 2710 1239 2774 laborat
1263 2709 1337 2773 sub
1362 2709 1465 2774 sole?

320 2816 363 2880 Et
399 2836 472 2880 cum
510 2834 547 2880 ex
582 2816 642 2880 hac
674 2818 830 2882 sententia
868 2819 1047 2881 conecteret
1077 2819 1191 2893 cetera,
1224 2823 1500 2881 commemoransti
1559 2887 1560 2898 χ

321 2941 486 2986 aerumnas
515 2940 698 3006 erroresque
725 2924 811 2988 uitae
839 2922 935 2988 huius
964 2925 997 2987 ct
1019 2926 1226 2988 canescentes
1253 2923 1374 2987 interea
1394 2924 1465 2985 tem·

321 3047 434 3110 porum
466 3028 587 3110 lapsus,
621 3028 675 3093 ubi
703 3029 781 3094 nihil
811 3029 961 3106 solidum,
990 3029 1070 3093 nihil
1098 3028 1213 3094 stabile
1240 3028 1408 3094 retinetur:
1437 3026 1464 3088 in

322 3153 360 3197 ca
395 3153 499 3198 rerum
537 3136 677 3200 uanitate
714 3138 774 3201 sub
813 3137 880 3202 sole
911 3135 992 3200 illud
1025 3135 1120 3200 etiam
1158 3135 1305 3217 deplorat
1336 3133 1465 3216 quodam

297 3255 301 3264 ’
322 3239 427 3317 modo,
453 3239 548 3323 quod,
573 3259 645 3305 cum
670 3241 713 3304 sit
730 3241 922 3306 abundantia
941 3241 1115 3324 sapientiae
1135 3261 1229 3324 super
1247 3239 1465 3326 insipientiam,

322 3347 408 3410 sieut
431 3346 622 3411 abundantia
644 3347 727 3412 lucis
758 3366 855 3432 super·
878 3348 1033 3426 tenebras,
1063 3349 1279 3432 sapientisque
1303 3347 1386 3413 oculi
1408 3345 1465 3410 sint
1479 3355 1500 3398 2⁵

321 3452 353 3516 in
383 3453 484 3536 capite
511 3452 614 3534 ipsius
644 3456 676 3517 ct
704 3454 825 3518 stultus
854 3454 884 3516 in
913 3453 1051 3518 tenebris
1081 3453 1234 3530 ambulet,
1261 3472 1344 3520 unus
1366 3455 1464 3517 tamen

322 3559 470 3624 incursus
497 3559 637 3624 incurrat
665 3560 824 3634 omnibus,
852 3561 964 3642 utiquc
987 3559 1019 3624 iu
1043 3559 1103 3625 hoc
1125 3560 1194 3624 uita
1217 3579 1299 3644 quae
1322 3559 1381 3625 sub
1405 3557 1465 3622 sele

324 3665 438 3748 agitur,
476 3665 658 3748 significans
695 3664 846 3730 uidelicet
883 3685 921 3730 ca
949 3667 1042 3742 mala,
1081 3684 1161 3750 quae
1194 3666 1286 3732 bonis
1318 3669 1349 3730 cl
1379 3663 1464 3728 malis

414 3856 446 3910 17
465 3854 555 3909 Eccle.
576 3857 601 3918 l,
620 3857 637 3910 2
655 3873 696 3925 sq.
750 3857 786 3910 24
805 3855 893 3912 Ecclc.
913 3857 938 3920 2,
960 3858 992 3910 13
1012 3873 1052 3926 sq.

361 3978 442 4047 lad]
462 3980 526 4048 inp
599 3978 680 4033 odei
700 3978 838 4049 iudiciop
908 3981 1028 4034 imulte
1047 3997 1132 4051 paene
1152 3982 1326 4050 etomninp
1393 3979 1461 4044 Bao.

323 4084 418 4121 sensus
437 4072 595 4136 mentesque
614 4071 693 4122 mort.
712 4068 853 4122 lateantv
896 4069 928 4123 12
948 4071 1004 4123 sint
1017 4086 1039 4138 p
1095 4069 1249 4140 disputaret
1265 4069 1310 4140 qs
1341 4069 1375 4123 17
1394 4067 1463 4120 uani·

323 4157 442 4210 tantiam
467 4157 588 4227 coya·
610 4157 763 4211 natantium
783 4159 825 4223 c¹,·
846 4159 999 4212 uanitatem
1019 4157 1072 4226 ἐρ
1198 4157 1268 4212 dixit
1290 4157 1385 4211 eccles.
1407 4171 1463 4209 nau.

324 4247 508 4299 nuntiantium
527 4263 579 4300 om.
598 4263 640 4314 cp
697 4247 729 4300 18
749 4246 936 4317 uanitaltjum,
957 4265 972 4300 n
993 4253 1018 4301 et
1036 4248 1046 4301 i
1065 4249 1161 4315 oroma
1180 4247 1224 4300 ab
1279 4247 1368 4300 omnia
1386 4261 1464 4316 eppa

324 4333 440 4398 Danao,-
459 4340 487 4386 et
505 4334 597 4387 omnia
616 4334 711 4403 abac
782 4337 887 4390 homini
907 4336 1006 4390 abund.
1025 4354 1041 4391 o
1097 4337 1130 4392 19
1150 4335 1224 4406 qued
1241 4353 1260 4405 9
