3192 4959
311 421 376 484 566
653 421 679 472 S.
709 419 866 474 Aurelii
894 420 1111 489 Augustini

309 628 404 690 quam
431 607 484 672 uel
511 607 633 672 tardius
659 608 843 672 liberentur.
871 609 942 674 Non
966 613 1042 674 suut
1067 609 1183 692 quippe
1207 610 1239 674 in
1269 629 1305 674 eo
1330 613 1445 678 uineulo

308 715 407 798 panis,
433 714 517 797 quod
540 715 595 779 illo
621 716 808 798 exprimitur
831 719 1037 782 sacramento.

355 821 417 886 Sed
440 841 551 886 rursus
576 823 671 886 etiam
695 822 760 896 isti,
790 823 844 905 qui
868 827 954 887 reete
978 823 1179 906 intellegunt,
1203 843 1264 888 non
1289 823 1444 888 dicendum

308 949 378 993 esse
401 929 591 993 manducare
614 949 729 1010 eorpus
750 928 879 1008 Christi,
904 929 1008 1010 quiin
1033 948 1161 1011 corpore
1180 949 1241 994 uon
1261 931 1312 994 est
1331 929 1445 995 Christi.

307 1055 369 1098 non
398 1039 484 1100 reete
511 1036 703 1118 promittunt
730 1035 787 1112 eis,
818 1035 870 1118 qui
899 1035 952 1098 uel
980 1035 1011 1098 in
1039 1035 1195 1100 haeresim
1224 1036 1277 1100 uel
1308 1037 1399 1100 etiam
1419 1036 1476 1098 ins

308 1143 476 1226 gentilium
505 1141 765 1224 superstitionem
794 1161 830 1204 er
862 1140 951 1205 illius
980 1139 1119 1224 corporis
1146 1141 1269 1204 unitate
1297 1142 1445 1213 labuntur,

306 1249 526 1313 liberationem
559 1247 747 1329 quandoque
780 1248 819 1310 ab
854 1247 973 1311 aeterni
1005 1248 1078 1331 igne
1112 1247 1276 1329 supplicii3
1309 1247 1444 1330 primurn.

308 1357 383 1437 quia
416 1354 531 1418 debent
563 1353 741 1428 adtendere,
775 1374 870 1435 quam
904 1354 946 1418 sit
978 1353 1176 1419 intolerabile
1204 1354 1308 1436 adque
1337 1373 1355 1417 a
1382 1373 1444 1418 sana

307 1462 449 1526 doctrina
477 1459 570 1524 nimis
600 1460 739 1537 denium,
768 1464 806 1523 ut
828 1460 923 1525 multi
947 1479 982 1524 ae
1005 1480 1104 1544 paene
1127 1480 1248 1538 omnes,
1274 1461 1329 1542 qui
1353 1461 1443 1524 haero-

307 1589 360 1633 ses
383 1568 486 1651 inpias
511 1566 718 1631 condiderunt
747 1569 896 1631 exeuntes
921 1567 958 1631 de
983 1567 1141 1631 catholiea
1168 1567 1305 1631 eeclesia
1330 1565 1479 1630 11111111

304 1679 381 1740 sunt
412 1673 659 1738 haeresiarchae.
692 1674 838 1738 meliores
873 1674 1008 1738 habeant
1041 1693 1163 1749 causas,
1197 1693 1292 1756 quam
1326 1675 1368 1745 hi,
1399 1672 1444 1754 qui

306 1801 480 1862 numquam
503 1781 633 1844 fuerunt
655 1779 816 1854 catholici,
837 1779 961 1844 eumin
981 1799 1089 1844 eorum
1108 1781 1238 1861 laqueos
1258 1780 1443 1844 incidissent.

307 1889 335 1953 si
354 1887 427 1951 illos
447 1886 681 1950 haeresiarchas
704 1888 764 1950 hoc
788 1887 867 1950 facit
889 1885 1016 1950 liberari
1040 1905 1058 1949 a
1077 1886 1234 1970 supplicio
1254 1888 1444 1970 sempiterno.

307 1994 391 2076 quod
428 1994 459 2057 in
497 1995 655 2058 catholiea
692 1993 829 2057 eeclesia
865 1993 1018 2075 baptizati
1052 1997 1126 2057 sunt
1160 1996 1192 2056 et
1224 1997 1443 2058 sacramentum

306 2100 446 2183 eorporis
475 2098 594 2164 Christi
621 2100 651 2162 in
677 2118 752 2163 uero
777 2099 896 2164 Christi
925 2119 1054 2181 corpore
1081 2100 1229 2182 primitus
1254 2104 1442 2182 aeceperunt:
1460 2125 1478 2162 a
1552 2085 1553 2138 l

306 2227 379 2271 oum
402 2206 490 2288 peior
513 2207 556 2270 sit
580 2205 690 2288 utique
715 2206 858 2270 desertor
881 2205 953 2270 fidei
974 2210 1005 2271 et
1024 2225 1059 2271 en
1079 2206 1238 2271 desertore
1258 2207 1444 2290 obpugnator

306 2312 374 2376 eius
408 2313 539 2376 effectus
574 2331 668 2393 quam
700 2313 765 2390 ille,
801 2313 853 2394 qui
887 2332 947 2377 non
985 2313 1126 2378 deseruit
1162 2313 1246 2395 quod
1284 2332 1443 2394 numquam

304 2420 423 2494 tenuit;
457 2418 570 2483 deinde
602 2419 678 2500 quia
710 2422 743 2482 11
773 2419 824 2482 his
858 2419 996 2484 oooarrit
1024 2421 1189 2501 apostolus
1219 2421 1328 2484 eadem
1358 2417 1443 2484 uerba

303 2525 464 2607 proferens
492 2528 524 2588 11
551 2526 743 2588 enumeratis
771 2525 837 2590 illis
866 2525 967 2589 earnis
998 2525 1145 2608 operibus
1174 2526 1285 2590 eadem
1320 2526 1443 2590 ueritate

304 2631 501 2714 praedicens:
533 2629 715 2709 Quoniam
744 2632 807 2714 qui
836 2632 931 2696 talia
958 2637 1085 2716 agunt,
1114 2653 1268 2716 regnum
1295 2633 1360 2696 Dei
1383 2649 1479 2698 norro

303 2738 568 2821 possidebunt.

348 2844 439 2910 Unde
467 2865 524 2909 neo
552 2843 601 2908 illi
628 2844 660 2908 in
688 2844 821 2926 perditis
851 2849 883 2910 et
911 2845 1142 2910 damnabilibus
1170 2845 1312 2910 moribus
1340 2844 1444 2908 debent

304 2971 375 3015 esse
399 2952 513 3029 securi,
539 2952 594 3033 qui
618 2952 775 3033 usquein
800 2951 895 3016 finem
919 2951 1045 3034 quidem
1070 2951 1162 3016 uelut
1180 2951 1211 3014 iu
1232 2951 1443 3015 communione

304 3059 458 3122 ecelesiae
487 3058 661 3124 catholicae
690 3062 905 3141 perseuerant,
939 3059 1099 3122 intuentes
1128 3058 1212 3140 quod
1241 3057 1360 3123 dietum
1387 3059 1442 3120 est:

304 3164 375 3244 Qui
407 3167 720 3246 perseuerauerit
747 3185 865 3248 usque
894 3166 928 3229 in
958 3166 1084 3242 finem,
1118 3166 1179 3230 hie
1208 3165 1339 3229 saluus
1369 3163 1477 3228 11111

305 3274 337 3334 11
372 3290 428 3353 per
464 3271 549 3336 uitae
586 3273 788 3355 iniquitatem
825 3274 928 3356 ipsam
966 3273 1051 3338 uitae
1085 3271 1253 3348 iustitiam,
1291 3271 1373 3354 quod
1402 3269 1442 3334 eis

304 3377 451 3441 Christus
475 3382 533 3456 est,
559 3379 717 3457 deserunt,
742 3381 812 3444 siue
837 3379 1017 3444 fornicando
1047 3380 1115 3444 siue
1144 3379 1222 3442 alias
1246 3377 1441 3444 inmunditias

302 3484 507 3567 flagitiorum,
536 3505 614 3567 quas
638 3506 694 3551 neo
719 3487 890 3570 exprimere
914 3488 1080 3570 apostolus
1105 3487 1220 3564 uoluit,
1250 3485 1281 3549 in
1306 3504 1360 3550 suo
1384 3501 1441 3546 cor-

301 3610 376 3673 poro
408 3593 628 3672 perpetrando,
665 3593 734 3657 sine
767 3593 966 3676 turpitudine
1004 3593 1144 3658 luxuriae
1178 3593 1349 3658 diffluendo
1381 3591 1442 3655 siue

392 3816 427 3870 20
447 3815 506 3870 Gal.
526 3820 552 3879 5,
572 3818 603 3870 21
661 3819 695 3871 25
714 3818 764 3874 111.
785 3819 828 3878 10,
849 3819 883 3871 22

338 3942 356 3993 4
374 3940 537 3994 manducare
556 3957 634 4008 orse.;
653 3958 712 3994 eum
732 3942 895 3994 manducare
914 3959 930 3995 1
1011 3943 1027 3996 9
1047 3959 1152 3996 aereses
1169 3960 1187 4012 p
1267 3943 1296 3996 ll
1317 3939 1442 4004 abeautp

302 4030 377 4098 hiip
450 4032 483 4084 15
502 4031 530 4082 in
550 4047 614 4082 uero
634 4029 736 4084 Christi
756 4029 843 4084 obab
924 4033 955 4084 16
976 4031 1159 4102 utiquesito
1234 4027 1440 4130 1711011111-

302 4161 383 4213 quarn
403 4143 603 4215 11191)ρῖ11-
622 4146 694 4214 quod
712 4163 767 4199 non
787 4147 946 4216 1111111111,Ι
965 4165 1044 4217 quam
1064 4164 1210 4217 numquam
1229 4163 1246 4200 o
1331 4143 1362 4197 19
1381 4140 1441 4196 eade

301 4236 419 4287 ueritate
439 4252 452 4286 1
507 4235 540 4286 22
560 4235 588 4286 in
607 4234 722 4302 perditis
742 4235 786 4287 ab
799 4252 812 4288 1
819 4252 863 4303 pp
875 4252 904 4302 v,·
921 4237 949 4288 in
970 4253 1020 4290 om.
1036 4235 1134 4290 Domb.
1187 4236 1220 4289 24
1242 4236 1439 4288 intuentes...

301 4323 517 4391 perseuerauerit
536 4339 586 4375 orn.
607 4340 621 4374 1
675 4325 709 4376 211
729 4325 870 4391 apostolus
891 4327 1071 4393 exprimeres
