3192 4959
334 472 385 524 De
415 472 589 526 ciuitate
618 473 679 526 dei
706 473 773 526 lib.
797 473 855 527 XX.
885 491 960 543 cap.
985 475 1027 528 29.
1052 475 1095 529 30.

138 669 245 731 stum?
270 665 349 730 Cum
373 671 456 731 enim
482 669 524 731 sit
545 667 578 732 in
602 667 701 732 forma
726 667 786 732 Dei
804 668 891 732 Deus
912 672 1028 746 noster,
1048 668 1182 732 formam
1202 673 1288 736 serni

138 772 296 854 accipiens
323 792 394 837 esse
423 773 641 856 dignatusest
663 773 760 838 etiam
786 775 948 855 proximus
972 779 1087 840 noster.
1117 775 1187 840 Hoc
1212 796 1285 860 ergo

137 879 233 945 faciet
266 879 386 944 Helias.
418 878 473 944 Ne
496 880 614 957 forte,
647 880 762 962 inquit,
796 881 955 945 ueniam
989 885 1031 945 et
1062 883 1285 964 percutiam

138 992 284 1050 terram
321 987 497 1068 penitus.
536 987 630 1051 Terra
669 989 745 1050 sunt
776 986 870 1064 enim,
909 987 962 1070 qui
994 991 1117 1052 terrena
1149 989 1286 1070 sapiunt,

110 1095 222 1159 seiont
243 1094 353 1158 Iudaei
377 1094 518 1157 carnales
542 1113 644 1175 usqne
668 1113 764 1170 nunc;
795 1113 832 1157 en
856 1113 917 1176 quo
941 1094 1021 1159 uitio
1054 1098 1161 1159 eontra
1184 1095 1286 1159 Deum

136 1220 299 1264 murmura
321 1201 377 1264 illa
395 1204 565 1264 uenerunt:
591 1197 692 1278 Quia
710 1201 807 1264 mali
831 1201 865 1264 ei
884 1202 1057 1284 placent,
1083 1205 1130 1266 et:
1151 1202 1286 1265 Venus

139 1311 201 1370 est
225 1307 291 1390 qni
316 1307 449 1370 seruit
472 1307 563 1371 Deo.

582 1498 719 1565 CAPUT
743 1500 843 1564 XXX.

139 1641 249 1720 Quod
273 1641 312 1704 in
335 1641 458 1705 libris
483 1641 638 1705 ueteris
665 1641 917 1711 testamenti.
948 1661 1033 1705 oum
1057 1641 1164 1707 Dens
1188 1641 1287 1725 legi-

101 1753 204 1811 rotnr
239 1747 516 1826 iudicaturus,
555 1768 628 1813 non
668 1747 884 1812 enitenter
922 1747 1079 1812 Christi
1112 1767 1287 1830 persona

139 1857 401 1931 monstretur,
439 1855 508 1918 sed
546 1874 588 1918 er
627 1855 869 1936 quibusdam
907 1855 1176 1930 testimoniis,
1219 1854 1287 1918 ubi

139 1959 333 2023 Dominus
358 1960 465 2024 Deus
489 1960 686 2041 loquitur,
711 1962 907 2041 appareat
930 1980 1004 2023 non
1029 1960 1162 2039 dubie,
1184 1961 1287 2044 qnod

513 2067 600 2150 ipse
629 2067 685 2130 sit
710 2066 910 2131 Christus.

180 2209 287 2272 Multa
327 2209 389 2272 alia
430 2211 505 2272 sunt
541 2208 768 2290 scripturarum
812 2209 996 2272 testimonia
1034 2207 1208 2272 diuinarum
1250 2208 1288 2272 de

99 2339 122 2377 ro
139 2315 314 2379 nouissimo
339 2314 457 2379 iudicio
481 2314 551 2391 Dei,
576 2333 656 2395 qnae
680 2315 708 2378 si
733 2315 837 2379 omnia
862 2315 1020 2397 colligam,
1041 2315 1136 2378 nimis
1155 2315 1287 2396 longum

140 2422 206 2485 orit.
232 2420 317 2486 Satis
343 2441 416 2504 ergo
442 2422 495 2498 sit,
526 2420 611 2502 quod
636 2425 668 2484 et
691 2421 782 2486 nouis
808 2424 840 2484 et
862 2421 1025 2485 ueteribus
1048 2420 1164 2485 litteris
1189 2419 1288 2484 sacris

137 2526 197 2590 hoc
220 2527 478 2608 praenuntiatum
501 2546 572 2590 esse
599 2527 816 2608 probauimus.
847 2527 909 2591 Sed
932 2527 1096 2592 ueteribus
1120 2547 1176 2610 per·
1200 2526 1286 2592 Chri-

139 2636 223 2696 stum
256 2633 401 2696 futurnm
434 2652 505 2697 esse
536 2633 703 2710 iudicium,
734 2632 768 2696 id
802 2636 851 2698 est
881 2633 1019 2697 iudicem
1054 2632 1215 2698 Christum
1249 2633 1286 2697 de

138 2741 224 2805 caelo
249 2759 320 2804 esse
343 2743 526 2819 uenturum,
551 2760 612 2804 non
637 2744 714 2818 tam,
739 2760 834 2822 quarn
858 2739 961 2815 nonis,
983 2739 1145 2804 euidenter·
1165 2759 1287 2822 expres-

96 2866 209 2910 sosum
243 2851 303 2922 est,
336 2850 502 2928 propterea
535 2846 618 2928 quia,
652 2865 724 2910 eum
757 2847 803 2910 ibi
836 2845 914 2910 dicit
946 2847 1102 2910 Dominus
1131 2847 1218 2910 Deus
1253 2867 1285 2910 se

138 2972 208 3018 esse
242 2958 411 3017 uenturum
444 2953 495 3016 uel
524 2953 697 3017 Dominum
725 2953 828 3016 Deum
862 2953 979 3018 dicitur·
1006 2971 1076 3016 esse
1105 2956 1286 3028 uenturum,

136 3078 197 3123 non
231 3063 459 3141 consequenter
485 3059 684 3142 intellegitur
712 3059 870 3124 Christus.
903 3059 1059 3122 Dominus
1088 3058 1170 3122 enim
1198 3059 1286 3122 Deus

136 3171 168 3230 et
196 3167 292 3231 Pater
319 3171 370 3230 est
393 3169 424 3229 et
446 3166 548 3230 Filius
574 3172 605 3229 et
629 3166 767 3248 Spiritus
797 3169 940 3241 sanctus3
971 3184 1073 3246 neque
1098 3165 1158 3228 lroc
1181 3168 1286 3228 tamen

135 3273 325 3337 intestatum
353 3273 529 3354 relinquere
556 3292 613 3337 nos
643 3276 776 3353 oportet.
805 3272 911 3336 Primo
940 3273 1047 3353 itaque
1072 3271 1286 3336 demonstran-

93 3394 118 3432 25
136 3379 213 3443 durn
238 3383 297 3457 est,
323 3399 416 3462 quem
440 3380 481 3442 ad
504 3379 634 3443 modurn
658 3381 749 3443 Iesus
774 3378 920 3443 Christus
944 3383 1107 3461 tamquam
1132 3379 1286 3444 Dominus

135 3484 225 3550 Deus
252 3487 404 3567 loquatur·
430 3485 461 3549 in
485 3485 680 3568 propheticis
707 3484 809 3564 libris,
840 3490 871 3548 et
893 3489 999 3550 tamen
1023 3485 1114 3548 Iesus
1139 3484 1286 3549 Christus

136 3592 302 3656 euidenter
334 3597 491 3675 appareat,
525 3595 562 3655 ut
594 3595 626 3655 et
654 3591 778 3673 quando
807 3611 867 3654 non
898 3591 944 3655 sic
969 3595 1099 3673 apparet
1126 3594 1286 3655 ettamen

135 3699 175 3762 ed
204 3698 286 3762 illud
314 3699 465 3762 ultimum
493 3698 648 3763 iudicium
676 3698 833 3764 Dominus
862 3697 950 3762 Deus
980 3698 1097 3762 dicitur
1119 3715 1188 3760 esse
1212 3716 1286 3761 uen-

227 3959 325 4014 ensal.
345 3961 371 4023 2,
392 3961 436 4023 17;
457 3961 482 4022 3,
504 3961 536 4014 14

170 4101 483 4171 5dop;dominumb
525 4101 694 4169 icioma
737 4103 770 4154 12
789 4118 843 4154 non
862 4099 943 4152 dubie
963 4103 1092 4168 apparent
1106 4117 1127 4167 p
1172 4099 1204 4151 14
1224 4103 1286 4150 sunt

133 4207 186 4244 om.
205 4207 225 4259 9
279 4193 311 4244 16
330 4191 431 4244 litteris
443 4232 519 4246 .....
531 4189 585 4243 Sed
604 4190 743 4243 ueteribus
762 4190 849 4242 oonb
902 4191 934 4242 19
954 4188 1062 4242 nobisb
1113 4189 1144 4240 21
1167 4187 1233 4240 dicit
1248 4187 1286 4240 De

133 4280 169 4332 ‘24
193 4281 370 4332 intractatum
393 4296 427 4333 ru.
447 4281 467 4331 2
488 4279 520 4331 in
543 4295 633 4332 ruse
741 4280 775 4330 25
800 4294 879 4347 quern
904 4276 1073 4347 unrofjjdum,
1097 4293 1149 4330 nen
1173 4293 1286 4344 er·us..p

132 4370 168 4422 26
189 4371 328 4420 ettamen
346 4383 431 4435 usque
451 4368 489 4420 ud
507 4367 545 4420 sic
564 4375 677 4436 apparet
696 4383 747 4420 orn.
767 4367 782 4419 b
838 4369 871 4419 27
892 4366 931 4419 sic
949 4383 1003 4420 non
1022 4384 1037 4420 o
