3192 4959
354 397 405 448 De
432 396 606 449 ciuitate
635 395 696 447 dci
725 394 789 448 lib.
818 393 888 446 XXI.
919 410 993 463 cap.
1024 393 1065 448 11.
1097 395 1138 449 12.
1249 397 1310 460 541

626 590 763 655 CAPUT
786 590 856 654 XII.

164 733 216 796 De
253 732 518 816 magnitudine
555 731 902 814 praeuaricationis
939 730 1091 814 primae,
1125 731 1168 796 ob
1203 751 1311 814 quam

162 843 318 904 aeterna
351 859 470 921 poena
502 838 675 903 omnibus
708 837 900 915 debeatur,
925 837 987 919 qui
1021 841 1122 902 extra
1151 839 1312 922 gratiam

539 943 683 1006 fuerint
710 942 936 1008 Saluatoris.

127 1105 142 1143 a
207 1085 272 1150 Sed
302 1104 404 1166 poena
437 1087 563 1148 aeterua
595 1084 667 1148 ideo
701 1083 780 1147 dura
808 1087 839 1148 et
866 1085 984 1150 iniusta
1012 1086 1159 1151 sensibus
1183 1087 1312 1151 uidetur

159 1192 320 1270 humanis,
340 1192 414 1272 quia
436 1191 468 1254 in
492 1192 551 1254 hac
569 1190 751 1253 infirmitate
769 1191 1030 1256 moribundorum
1050 1211 1201 1257 sensuum
1221 1193 1311 1256 deest

158 1299 216 1362 ille
250 1318 364 1362 sensus
398 1297 574 1362 altissimae
605 1297 860 1379 purissimaeque
892 1299 1074 1380 sapientiae,
1105 1318 1167 1382 quo
1201 1301 1310 1364 sentiri

158 1406 266 1488 possit
288 1408 442 1487 quantum
462 1405 550 1468 nefas
569 1404 601 1467 in
620 1404 677 1468 illa
695 1404 796 1486 prima
815 1404 1083 1486 praeuaricatione
1103 1405 1309 1470 commissum

159 1513 213 1575 sit.
251 1510 376 1589 Quanto
410 1512 493 1575 enim
524 1510 628 1593 magis
660 1512 752 1574 horno
780 1510 945 1575 fruebatur
974 1511 1050 1590 Deo,
1075 1515 1163 1576 tanto
1192 1513 1309 1576 maiore

112 1637 138 1673 ιο
157 1619 312 1700 inpietate
341 1618 510 1701 dereliquit
534 1617 639 1680 Deum
663 1619 695 1680 et
722 1617 826 1682 sactus
852 1621 901 1682 est
923 1619 1006 1682 malo
1031 1617 1146 1701 dignus
1171 1623 1306 1696 aeterno,

158 1725 215 1808 qui
247 1725 308 1789 hoc
340 1725 371 1789 in
405 1743 439 1789 se
470 1724 605 1807 peremit
632 1724 762 1802 bonum,
787 1723 872 1805 quod
901 1743 971 1789 esse
999 1727 1110 1806 posset
1138 1728 1308 1789 aeternum.

156 1832 243 1896 Hinc
274 1836 323 1896 est
348 1833 499 1895 uniuersa
523 1829 646 1913 generis
670 1830 801 1893 humani
823 1850 930 1894 massa
953 1831 1113 1906 damnata3
1147 1831 1307 1912 quoniam,

157 1939 214 2020 qui
244 1939 305 2002 hoc
335 1939 457 2020 primus
482 1936 621 2010 admisit,
646 1955 720 1999 cum
744 1956 780 2000 ea
804 1939 938 2019 quaein
961 1939 1017 2002 illo
1042 1939 1145 2002 luerat
1168 1938 1308 2002 radicata

156 2064 218 2108 sua
241 2046 340 2126 stirpe
363 2044 494 2127 punitus
519 2050 578 2118 est,
599 2047 636 2107 ut
658 2043 767 2107 nullus
791 2045 830 2107 ab
855 2044 914 2107 hoc
938 2044 1023 2109 iusto
1045 2044 1213 2126 debitoque
1234 2063 1307 2126 sup-

113 2171 138 2208 1⁵
156 2153 257 2236 plicio
291 2153 354 2216 nisi
386 2152 583 2216 misericordi
611 2155 643 2214 et
670 2149 812 2212 indebita
840 2150 941 2232 gratia
963 2150 1115 2214 liberetur
1138 2150 1239 2231 adque
1260 2150 1308 2212 ita

156 2260 365 2339 dispertiatur
394 2277 495 2342 genus
523 2258 709 2331 humanum,
732 2258 770 2319 ut
797 2256 828 2318 irr
858 2256 1048 2338 quibusdam
1073 2256 1307 2320 demonstretur

156 2365 235 2449 quid
267 2365 373 2428 ualeat
405 2365 584 2428 misericors
614 2364 725 2446 gratia,
748 2363 781 2426 iu
811 2362 922 2427 ceteris
947 2362 1022 2444 quid
1045 2363 1132 2428 iusta
1154 2363 1306 2427 uindicta.

153 2473 268 2554 Neque
297 2472 385 2534 ‘euim
418 2475 588 2552 utrumque
622 2470 889 2533 demonstraretur
921 2469 951 2532 io
980 2469 1138 2546 omnibus,
1169 2469 1252 2550 quia,
1278 2470 1306 2532 si

154 2596 267 2642 ornnes
290 2582 487 2642 remanerent
505 2577 536 2639 in
557 2576 665 2658 poenis
689 2576 793 2640 iustae
813 2575 1033 2651 damnationis,
1054 2575 1085 2639 in
1105 2575 1192 2639 nullo
1212 2596 1305 2658 appu-

110 2706 135 2744 ευ
152 2689 238 2749 reret
265 2683 445 2748 misericors
474 2683 590 2766 gratim
624 2702 733 2747 rursus
762 2683 790 2746 si
819 2701 928 2746 omnes
953 2702 971 2746 a
993 2682 1130 2746 tenebris
1158 2682 1305 2746 transfer-

151 2794 266 2854 rentur
294 2789 325 2852 in
350 2789 467 2864 lucem,
491 2789 522 2851 in
552 2788 638 2853 nullo
667 2791 832 2871 appareret
858 2789 978 2852 ueritas
1003 2788 1144 2854 ultionis.
1182 2789 1217 2851 In
1243 2809 1304 2870 qua

152 2901 322 2978 propterea
347 2895 449 2959 multo
479 2895 585 2976 plures
616 2914 710 2975 quam
733 2895 765 2957 in
789 2895 846 2958 illa
869 2900 952 2971 sunt,
977 2897 1014 2957 ut
1037 2894 1084 2959 sic
1108 2895 1302 2971 ostendatur,

153 3002 232 3083 quid
262 3001 408 3065 omnibus
438 3001 614 3064 deberetur.
653 2999 746 3078 Quod
774 3003 802 3065 si
826 3001 973 3066 omnibus
997 3001 1189 3078 redderetur,
1213 3001 1303 3064 iusti-

150 3110 232 3173 tiam
266 3107 456 3172 uindicantis
489 3107 573 3171 iuste
605 3127 696 3172 nemo
729 3108 984 3190 reprehenderet:
1024 3108 1097 3190 quia
1128 3125 1204 3171 uero
1237 3113 1302 3170 tam

108 3215 250 3278 aemulti
283 3215 391 3278 exinde
423 3214 608 3292 liberantur,
634 3218 683 3278 est
715 3215 796 3278 unde
830 3219 965 3299 agantur
997 3215 1150 3278 maximae
1182 3215 1302 3298 gratiae

150 3320 293 3402 gratuito
318 3321 443 3384 muneri
465 3321 639 3386 liberantis.

186 3563 512 3632 5uidcturseusibusp
586 3565 698 3638 9estb
773 3567 806 3618 10
827 3564 991 3634 derelinquit
1011 3565 1076 3637 ρὶα1
1146 3565 1178 3618 13
1198 3565 1300 3632 primus

150 3690 325 3758 abepppa
343 3689 456 3754 Domb.;
474 3688 600 3758 primitus
618 3707 635 3744 o
737 3653 828 3744 iuerat
846 3689 955 3754 tradita,
976 3692 1006 3742 a'n
1025 3707 1110 3758 rncrp.
1129 3664 1222 3742 futuru
1242 3693 1301 3742 erat

148 3805 315 3864 radicatae
406 3805 439 3858 14
458 3771 547 3870 nullbs
564 3823 582 3875 p
673 3808 705 3858 15
724 3805 908 3858 misericordia
927 3807 971 3874 bp
1059 3807 1091 3858 16
1112 3805 1301 3872 dispitiature

148 3895 184 3946 20
211 3892 302 3962 gratia
326 3909 403 3959 nroa;
427 3893 518 3961 gratia
543 3893 700 3946 redimentis
724 3911 758 3946 on.
783 3899 803 3947 2
825 3895 856 3946 a'n
880 3911 965 3962 rororp.
991 3910 1014 3952 e.
1037 3911 1053 3948 u
1161 3909 1299 3945 rursumo

148 3983 180 4035 ‘21
204 3980 338 4034 seueritas
356 3997 372 4033 ·o
426 3982 461 4034 ⁴22
481 3986 512 4034 ut
530 3999 616 4051 orrup
688 3982 912 4050 ostendereturp
969 3983 1002 4034 26
1022 3982 1143 4049 gratuitu
1161 3999 1179 4050 p
