3192 4959
344 469 395 521 lle
424 469 598 522 ciuitate
626 467 688 521 (lei
715 468 780 525 lib¹
809 466 910 519 XVIII.
935 483 1009 535 cap.
1033 468 1056 521 2.
1211 468 1274 532 269

129 664 289 745 paratione
311 662 400 745 regni
422 661 626 744 Assyriorum
648 662 820 744 perexigua
837 662 901 725 ista
918 664 1146 729 memorantur:
1168 679 1275 743 quam-

129 770 175 833 uis
197 768 411 833 Athenienses
430 767 463 831 iu
487 766 620 832 Graecia
642 767 817 849 plurimum
841 766 994 831 claruisse
1018 766 1155 831 fateatur
1180 768 1275 831 etlam

130 874 303 940 Sallustius
335 876 495 938 Romanus
529 874 716 949 historicus3
754 873 827 956 plus
859 876 966 937 tamen
999 873 1083 937 lama
1115 892 1208 955 quam
1241 892 1274 937 re

128 983 203 1063 ipsa.
227 980 312 1045 Nam
335 982 468 1063 loquens
492 980 529 1043 do
552 980 632 1043 illis:
656 977 917 1057 ‘Atheniensium
940 980 1052 1061 inquit,
1082 1000 1130 1044 res
1155 982 1274 1064 gestae,

105 1087 221 1152 esicuti
248 1107 307 1171 ego
332 1088 488 1163 existimo,
513 1086 592 1149 satis
617 1088 741 1168 amplae
763 1085 1013 1169 magnificaeque
1037 1086 1137 1160 fuere;
1165 1104 1275 1151 aarum

127 1195 288 1277 alquanto
326 1193 463 1258 minores
501 1197 615 1269 tamen,
658 1212 753 1275 quam
789 1192 875 1255 fama
911 1192 1063 1256 feruutur.
1102 1192 1163 1257 aaa
1201 1193 1275 1275 quia

127 1319 298 1384 prouenere
325 1300 369 1363 ibi
394 1298 583 1382 scriptorum
607 1318 722 1381 magna
747 1298 883 1382 ingenia,
911 1316 967 1380 per
989 1302 1141 1363 terrarum
1166 1300 1273 1363 orbem

128 1407 368 1471 Atheniensium
395 1406 481 1469 facta
507 1426 563 1489 pro
592 1406 736 1469 maximis
765 1405 973 1469 celebrantur.
1007 1406 1056 1469 lta
1084 1424 1191 1469 eorum
1220 1406 1274 1490 qui

127 1515 226 1578 fecere
264 1513 368 1578 uirtus
405 1515 492 1576 tanta
529 1512 673 1588 babetur,
712 1517 865 1593 quantum
904 1530 971 1575 eam
1005 1512 1111 1576 uerbis
1143 1516 1274 1594 potuere

92 1646 111 1679 a
128 1621 273 1685 extollere
305 1620 466 1701 praeclara
495 1619 643 1702 ingenia)
675 1618 807 1682 Accedit
834 1619 907 1682 huic
936 1618 1060 1682 ciuItati
1087 1639 1147 1684 non
1174 1639 1275 1701 parua

127 1727 221 1790 etiam
257 1746 294 1789 ox
321 1725 437 1790 litteris
466 1727 499 1789 et
524 1724 723 1807 philosophis
752 1724 862 1807 gloria,
893 1724 1044 1806 quodibi
1068 1726 1273 1807 potissimum

126 1834 200 1895 talia
234 1832 343 1897 studia
370 1832 552 1916 uiguerunt.
584 1830 666 1894 Nam
695 1834 849 1913 quantum
878 1832 999 1895 adtinet
1027 1832 1065 1895 ad
1093 1833 1273 1915 imperium,

125 1940 249 2002 nullum
277 1939 380 2002 maius
406 1938 518 2019 prImis
547 1937 743 2019 temporibus
773 1956 867 2019 quam
890 1937 1091 2021 Assyriorum
1115 1939 1187 2016 fuit,
1217 1960 1273 2005 nec

125 2048 189 2107 tam
211 2046 308 2128 longe
329 2042 458 2124 lateque
482 2044 643 2117 diffusum,
668 2044 785 2126 quippe
805 2044 859 2107 ubi
878 2044 981 2108 Ninus
1001 2063 1062 2120 rer,
1087 2046 1157 2109 Beli
1176 2044 1272 2123 filius,

87 2174 110 2214 u
126 2152 309 2215 uniuersam
345 2150 464 2224 Asiam,
503 2168 583 2232 quae
615 2150 715 2214 totius
749 2150 833 2214 orbis
867 2150 905 2215 ad
938 2170 1102 2214 numerum
1135 2152 1272 2235 partium

126 2260 218 2323 tertia
242 2258 368 2335 dicitur,
393 2256 433 2319 ad
455 2256 708 2339 magnitudinem
731 2274 807 2319 uero
832 2256 962 2319 dimidia
985 2257 1148 2339 reperItur,
1172 2278 1273 2341 usque

126 2365 164 2427 ad
199 2364 318 2447 Libyae
355 2364 433 2427 fines
468 2362 634 2446 subegisse
666 2362 810 2426 traditur.
848 2361 931 2427 Solis
965 2362 1080 2446 quippe
1117 2364 1203 2428 Indis
1241 2366 1272 2429 in

125 2472 268 2552 partibus
298 2469 436 2535 Orientis
467 2489 529 2533 nou
558 2468 789 2545 dominabatur,
819 2486 898 2551 quos
926 2474 1030 2533 tamen
1060 2489 1094 2533 eo
1124 2472 1273 2537 defuncto

125 2578 309 2641 Samiramis
341 2596 418 2640 uxor
451 2577 519 2640 eius
548 2579 598 2641 est
623 2576 774 2660 adgressa
801 2574 957 2639 bellando.
991 2577 1039 2639 Ita
1063 2577 1182 2642 Iactum
1212 2582 1271 2653 est,

84 2707 108 2745 ao
124 2689 170 2758 ut,
203 2684 396 2767 quicumque
428 2683 459 2745 in
486 2682 552 2746 illis
580 2682 673 2746 terris
700 2681 810 2763 populi
841 2682 908 2745 siue
932 2701 1023 2765 reges
1049 2686 1144 2759 eraut,
1175 2684 1272 2767 Assy·

122 2791 242 2853 riorum
279 2808 376 2873 regno
414 2788 595 2871 dicionique
630 2790 775 2871 parerent
813 2792 844 2852 et
877 2788 1029 2871 quidquid
1067 2790 1273 2873 imperaretur

123 2896 291 2961 efficerent.
322 2895 481 2959 Abraham
508 2895 609 2979 Igitur
636 2894 667 2957 iu
696 2912 731 2957 eo
759 2912 856 2977 regno
887 2896 965 2975 aput
993 2893 1168 2959 Chaldaeos
1195 2897 1271 2961 Nini

122 3002 319 3085 temporibus
351 3004 444 3065 natus
473 3005 532 3065 est.
562 3000 625 3065 Sed
653 3000 802 3082 quoniam
829 3018 879 3063 res
905 2999 1043 3065 Graecae
1072 3003 1173 3065 multo
1198 3008 1272 3068 sunt

122 3110 215 3173 uobis
242 3127 336 3191 quam
364 3107 514 3190 Assyriae
541 3106 691 3179 notiores,
720 3109 753 3170 et
774 3125 831 3186 per
855 3104 992 3171 Graecos
1021 3107 1060 3171 ad
1082 3108 1210 3173 Latinos
1235 3129 1271 3174 ao

82 3214 236 3279 adeiude
268 3215 308 3279 ad
339 3216 509 3290 Romanos,
542 3215 595 3295 qui
624 3213 720 3276 etiam
748 3213 811 3295 ipsi
837 3213 942 3277 Latini
975 3218 1057 3293 suut,
1090 3218 1269 3297 temporum

123 3320 238 3385 seriem
261 3320 457 3385 deduxerunt
481 3320 535 3402 qui
559 3322 685 3402 gentem
708 3319 819 3401 populi
843 3319 975 3383 Romani
999 3320 1030 3383 iu
1051 3322 1181 3404 originis
1201 3322 1269 3386 eius

124 3428 313 3509 antiquitate
335 3427 442 3491 rimati
466 3430 554 3490 suut:
579 3426 618 3490 ob
642 3426 702 3490 boo
726 3426 889 3504 debemus,
913 3426 969 3490 ubi
994 3445 1072 3509 opus
1092 3431 1150 3506 est,
1175 3428 1270 3512 Assy-

122 3534 189 3597 rios
211 3553 382 3599 memorare
406 3550 508 3616 reges,
531 3537 568 3596 ut
591 3536 740 3615 appareat
763 3551 857 3612 quern
877 3533 915 3597 ad
935 3533 1063 3596 modum
1084 3534 1268 3617 Babylonia,

125 3640 217 3720 quasi
237 3641 339 3721 prima
360 3639 472 3717 Roma,
496 3658 568 3703 oum
591 3638 811 3722 peregrinam
835 3638 895 3704 hoc
920 3639 1035 3703 mundo
1055 3640 1114 3703 Dei
1139 3641 1268 3705 ciuitate

81 3774 107 3812 ao
124 3751 297 3827 procurrat:
335 3766 387 3810 res
419 3748 536 3823 autem,
570 3765 648 3828 quas
681 3749 810 3829 propter
842 3746 1094 3829 conparati0uem
1128 3748 1268 3813 ciuitatis

125 3852 299 3935 utriusque,
331 3856 472 3916 terrenae
506 3852 629 3916 scilicet
660 3855 692 3916 et
724 3851 882 3929 caelestis,
916 3852 990 3916 huic
1024 3852 1110 3934 operi
1144 3859 1268 3935 oportet

213 4077 230 4127 4
248 4073 307 4130 Cat.
326 4076 343 4129 8

164 4196 336 4253 olueruntc
414 4197 536 4252 blacere
552 4212 577 4268 ρ’
647 4200 680 4253 15
699 4199 791 4253 Asiam
812 4216 897 4255 om.e
970 4202 1002 4254 19
1021 4202 1171 4255 semiramis
1191 4202 1267 4273 b¹ep

126 4282 235 4353 Domb.;
254 4289 342 4341 semin.
362 4286 443 4356 b²pe
511 4289 545 4342 23
564 4304 699 4358 gregaep
766 4291 801 4343 24
821 4290 865 4360 ad]
887 4306 949 4344 ace
1014 4292 1048 4345 25
1069 4291 1164 4345 deinde
1184 4295 1265 4347 etiarn

128 4370 164 4424 ad
181 4390 198 4422 a
278 4376 363 4446 latip
453 4376 489 4430 28
506 4394 652 4431 memorare
671 4378 750 4433 cedd.
765 4384 879 4447 practer
898 4397 918 4448 p,
929 4396 959 4447 o;
977 4380 1114 4433 nominare
1134 4398 1147 4450 p
1166 4381 1265 4435 Demb.
