3192 4959
288 453 339 505 De
366 452 540 507 ciuitate
568 453 630 507 dei
657 452 723 507 lib.
751 453 852 507 Xl'lll.
883 455 1101 524 6664143.
1201 458 1264 523 337

123 652 243 712 tantum
267 666 347 730 6666
371 646 543 712 electorum
567 647 723 712 neminem
742 647 1156 731 161166616666166661666
1181 650 1265 733 quia,

123 754 179 818 etsi
210 774 272 819 non
304 754 337 818 in
370 753 417 819 eis
448 772 532 817 unus
564 753 764 836 apparuisset
801 755 932 838 spiritus
966 754 1033 821 6166
1067 755 1265 823 dubitatione

124 861 257 935 diuinus,
286 860 343 925 sed
368 860 452 924 inter
479 878 513 925 66
541 861 638 925 66616
664 861 935 943 interpretationis
963 880 1039 927 6666
1064 861 1266 946 septuaginta

124 966 205 1032 docti
218 986 305 1032 more
323 966 487 1033 bominum
505 966 726 1045 contulissent,
747 972 793 1047 ut,
813 967 896 1050 quod
914 968 1090 1051 placuisset
1109 968 1265 1043 66661166,

98 1074 178 1138 6166
201 1077 352 1148 maneret,
377 1074 484 1137 nullus
509 1072 555 1137 eis
578 1092 661 1137 unus
685 1074 841 1157 interpres
866 1075 977 1139 debuit
1000 1075 1163 1159 anteponi;
1193 1093 1264 1139 oum

123 1197 193 1243 uero
210 1182 333 1243 tantum
348 1179 380 1243 in
399 1180 446 1243 eis
465 1178 593 1262 signnm
613 1179 790 1245 diuinitatis
811 1181 1000 1262 apparuerit,
1019 1181 1160 1264 prolecto
1181 1182 1265 1265 quis-

125 1286 190 1367 quis
213 1286 297 1349 alius
319 1285 445 1350 illarum
463 1286 690 1369 seripturarum
710 1305 748 1350 er
765 1286 909 1351 Hebraea
926 1286 958 1351 in
979 1286 1154 1369 quamlibet
1172 1288 1265 1353 aliam

124 1392 261 1476 lingnam
293 1392 446 1475 interpres
479 1396 530 1457 est
560 1411 667 1470 uerax,
699 1396 755 1457 661
787 1394 934 1477 congruit
964 1393 1029 1459 illis
1063 1395 1267 1479 septuaginta

124 1498 357 1581 interpretibus,
382 1502 438 1564 aut
465 1497 493 1563 si
520 1518 580 1563 non
609 1518 780 1585 congruere
809 1500 945 1579 uidetur,
971 1500 1105 1566 altitudo
1129 1501 1174 1565 ibi
1197 1520 1266 1584 pro-

88 1605 247 1686 ephebica
278 1624 348 1670 6666
380 1605 535 1670 credenda
567 1608 626 1672 est.
660 1604 799 1687 Spiritus
833 1608 926 1684 enirn,
956 1608 1010 1690 qni
1038 1608 1069 1671 16
1101 1608 1265 1690 prophetis

124 1717 196 1789 erat,
219 1712 344 1795 qnando
368 1713 425 1778 illa
447 1714 601 1793 dixerunt,
620 1713 705 1778 idem
723 1714 792 1797 ipss
812 1718 878 1778 erat
897 1715 992 1779 etiarn
1011 1714 1042 1778 in
1064 1714 1267 1799 septuaginta

124 1819 208 1895 uiris,
238 1820 363 1902 quando
394 1820 453 1885 illa
478 1820 675 1903 interpretati
703 1824 790 1896 snnt;
826 1820 879 1903 qni
907 1821 1049 1903 profecto
1077 1820 1266 1885 auctoritate

124 1924 228 1990 diuina
251 1930 284 1991 et
306 1926 393 1991 aliud
413 1927 517 1992 dicare
535 1927 650 2011 potuit,
669 1930 832 2010 tamquam
850 1929 1005 2010 propbeta
1021 1928 1076 1993 ille
1095 1932 1265 2011 utrumque

125 2032 261 2111 dixisset,
286 2033 361 2114 quia
386 2036 559 2116 utrumque
586 2033 670 2097 idom
699 2032 837 2116 Spiritus
867 2034 995 2110 diceret,
1021 2036 1053 2099 et
1075 2034 1136 2099 boo
1158 2034 1265 2118 ipsum

85 2160 109 2200 6
124 2139 221 2213 aliter,
244 2142 292 2218 ut,
317 2140 343 2204 ai
368 2160 429 2206 non
452 2140 561 2204 eadem
583 2140 692 2215 uerba,
716 2140 799 2203 idern
819 2144 925 2205 tamen
945 2160 1058 2205 sensus
1077 2140 1156 2204 bene
1175 2142 1265 2205 intel-

124 2246 300 2329 legentibus
334 2247 552 2323 dilucesceret,
581 2249 614 2310 61
646 2246 766 2329 aliquid
797 2248 1049 2329 praetemrittere
1083 2250 1115 2313 et
1147 2247 1267 2330 aliquid

124 2352 243 2430 addere,
266 2358 305 2417 ut
336 2353 432 2418 etiam
464 2352 537 2417 binc
571 2352 789 2417 ostenderetur
816 2372 877 2418 non
906 2353 1075 2418 humanam
1104 2354 1206 2418 161666
1233 2355 1264 2417 16

122 2459 175 2524 1116
207 2478 300 2543 opere
332 2460 531 2538 seruitutem,
565 2479 659 2541 quarn
691 2459 798 2524 uerbis
838 2459 973 2525 debebat
1010 2460 1175 2543 interpres,
1208 2462 1265 2525 sed

123 2565 260 2630 diuinam
282 2566 392 2648 potius
415 2569 617 2649 potestatem,
642 2584 722 2648 quae
750 2569 888 2630 mentem
916 2566 1059 2649 replebat
1082 2568 1114 2631 61
1135 2567 1266 2651 regebat

81 2692 106 2734 66
121 2671 308 2755 interpretis.
341 2672 493 2738 Nonnulli
525 2675 631 2737 autem
665 2671 790 2737 codices
825 2673 961 2738 Graecos
998 2673 1264 2755 interpretationis

123 2776 329 2864 Septuaginta
352 2800 388 2844 ox
411 2780 565 2844 Hebraeis
588 2780 757 2844 6661161166Ι
776 2778 988 2843 emendandos
1012 2781 1178 2860 putarunt;
1207 2796 1264 2842 nec

120 2889 224 2950 lamen
257 2886 327 2952 ausi
360 2890 435 2951 6661
466 2887 640 2964 detrahere,
665 2886 749 2968 quod
781 2884 919 2949 Hebraei
950 2903 1012 2948 non
1045 2874 1202 2949 habebant
1234 2886 1267 2947 et

122 2990 329 3076 Septuaginta
350 2998 539 3076 posuerunt3
565 2994 622 3058 sed
643 2996 769 3058 tantum
791 2991 887 3058 modo
911 2991 1110 3067 addiderunt,
1135 3010 1214 3075 quae
1232 2991 1263 3055 in

120 3100 272 3164 Hebraeis
303 3099 433 3165 inuenta
465 3103 544 3183 aput
571 3098 781 3183 Septuaginta
812 3116 873 3163 non
906 3101 1003 3177 erant,
1033 3116 1132 3179 eaque
1165 3098 1265 3182 signis

82 3206 309 3288 aquibusdam
341 3207 374 3270 in
407 3207 572 3271 stellarum
605 3205 735 3270 modurn
768 3204 861 3269 166116
894 3205 934 3269 ad
961 3204 1066 3287 capita
1095 3204 1266 3269 eorundem

120 3332 270 3377 uersuum
293 3314 495 3391 notauerunt,
520 3330 600 3395 qnae
624 3312 716 3395 signa
739 3310 908 3375 asteriscos
933 3313 1058 3377 uocant.
1097 3312 1157 3375 llla
1179 3328 1265 3386 uero,

121 3438 202 3501 quae
225 3439 284 3485 non
302 3420 421 3485 habent
439 3418 585 3496 Hebraei,
610 3418 727 3483 babent
749 3419 855 3481 autern
876 3416 1094 3502 Septuaginta.
1119 3416 1268 3482 similiter

120 3502 287 3609 ad‘capita
308 3546 462 3592 uersuum
481 3524 657 3589 iacentibus
676 3523 823 3607 uirgulis,
843 3524 928 3588 sicut
946 3525 1127 3588 scribuntur
1145 3523 1265 3597 666166,

119 3633 336 3717 signauernnt.
360 3632 403 3696 ut
420 3631 515 3695 multi
534 3630 660 3695 codices
679 3630 736 3695 has
755 3633 847 3695 notas
867 3630 1019 3723 babentes¹
1038 3632 1286 3721 usquequaque¹

78 3757 103 3797 oo
119 3738 231 3803 diffusi
248 3742 322 3805 6661
340 3743 372 3803 61
385 3738 500 3803 Latini.
521 3737 608 3817 Quae
628 3739 734 3801 autern
754 3755 814 3800 non
834 3736 1059 3820 praetermissa
1078 3735 1130 3801 uel
1148 3735 1265 3809 addita,

120 3844 177 3909 sed
201 3845 291 3910 aliter
313 3845 399 3910 dicta
422 3847 508 3921 sunt,
533 3843 602 3909 siue
625 3843 724 3907 aliurn
747 3861 876 3907 sensum
899 3842 1018 3906 faciant
1041 3842 1136 3906 etiarn
1159 3841 1265 3923 ipsum

156 4143 173 4196 3
193 4157 226 4194 se
243 4158 292 4198 om.
311 4157 325 4196 6
369 4144 388 4195 4
406 4140 606 4210 616661666616
650 4142 666 4194 6
686 4140 892 4209 66666666116,·
911 4137 1037 4207 66666611
1057 4136 1113 4232 rell.
1134 4099 1266 4190 6116161.

120 4269 409 4334 beongrnerenono
478 4266 511 4319 13
530 4268 558 4318 61
576 4282 665 4333 orep
736 4265 769 4319 15
789 4240 817 4317 et
836 4265 867 4328 61,
886 4264 918 4315 ia
936 4279 1021 4332 66666.
1040 4265 1071 4315 61
1089 4236 1154 4323 stc
1243 4260 1301 4311 61·

120 4372 172 4409 om.
187 4371 212 4423 6
262 4355 294 4408 19
312 4356 423 4424 potest]
443 4353 614 4407 uoluntatem
628 4370 651 4422 p
699 4353 734 4406 20
752 4352 1011 4422 interpretationes
1061 4350 1094 4403 26
1110 4348 1266 4403 6616616666

147 4478 232 4519 xxxx
244 4478 299 4529 Αιις.
313 4488 383 4529 open
397 4479 472 4521 seno
487 4478 507 4519 v
519 4488 572 4527 pm
586 4478 617 4517 11.
1196 4454 1231 4509 22
