3192 4959
374 459 425 514 De
453 457 629 512 ciuitate
659 457 720 513 dei
747 459 813 514 lib.
842 459 914 514 XVI.
943 478 1019 530 cap.
1049 463 1090 514 ll.
1241 466 1305 529 149

159 655 263 722 minus
301 654 357 720 ubi
391 655 513 738 plures:
556 657 611 719 aut
652 655 753 720 serius
791 655 857 718 nati
894 660 1001 721 essent
1036 657 1092 720 nbi
1128 658 1305 739 pauciores,

159 763 315 828 maturius
347 763 403 827 ubi
436 763 553 845 pluras.
588 759 668 826 Sane
700 761 949 846 intellegendum
978 767 1036 840 est,
1070 764 1194 846 quando
1222 770 1306 830 terra

159 870 263 934 diuisa
290 873 350 947 est,
379 887 439 933 non
470 869 573 933 solum
598 868 662 932 iam
691 873 782 932 natos
811 873 933 934 eeteros
957 869 1040 934 filios
1063 869 1201 935 filiorum
1224 871 1304 949 Noe,

159 978 212 1060 qui
245 979 535 1042 commemorantur
560 979 665 1059 patres
695 975 850 1059 gentium.
883 976 940 1041 sed
968 977 1065 1040 etiam
1093 977 1162 1042 eius
1191 978 1304 1042 aetatis

129 1084 269 1158 afuisse,
298 1087 335 1148 ut
362 1101 545 1148 numerosas
574 1083 710 1147 familias
740 1081 899 1161 haberent,
925 1102 1005 1166 quae
1030 1083 1142 1168 dignae
1168 1084 1306 1149 fuissent

158 1191 338 1256 nominibus
376 1191 527 1274 gentium.
563 1190 653 1255 Unde
692 1209 890 1272 nequaquam
921 1190 1109 1272 putandum,
1150 1190 1234 1273 quod
1266 1209 1303 1256 eo

158 1297 277 1361 fuerint
313 1296 419 1362 ordine
457 1295 566 1379 geniti,
600 1314 662 1378 quo
696 1297 933 1361 commemorati
965 1295 1124 1380 leguntur.
1155 1296 1303 1379 Alioquin

159 1403 325 1468 duodecim
345 1402 403 1465 filii
421 1401 537 1477 Iactor,
555 1401 609 1484 qui
628 1406 695 1466 erat
714 1401 795 1467 alius
810 1400 896 1467 tilius
911 1402 1026 1479 Heben
1045 1405 1141 1467 frater
1154 1402 1304 1484 Phaleoh‚

159 1529 220 1593 quo
249 1509 342 1573 modo
370 1510 544 1592 potuerunt
570 1508 634 1573 iam
663 1513 773 1592 gentes
798 1509 911 1586 faeere,
936 1509 963 1573 si
985 1513 1059 1592 post
1082 1509 1220 1574 Phaleoh
1244 1511 1304 1574 fra·

119 1641 140 1678 a
157 1621 236 1680 trem
270 1635 363 1678 suum
392 1614 497 1679 Ieotan
527 1617 620 1678 natus
650 1619 708 1693 est,
737 1615 822 1680 siout
845 1619 919 1698 post
942 1635 1014 1680 eum
1039 1621 1303 1682 commemoratus

158 1728 220 1794 est:
251 1721 374 1804 quando
404 1721 532 1802 quidem
560 1724 712 1804 ternpore,
743 1741 804 1805 quo
829 1725 923 1787 natus
948 1726 998 1787 est
1019 1723 1169 1802 Phaleoh‚
1199 1722 1304 1787 diuisa

158 1832 207 1894 est
238 1833 330 1893 terra.
362 1825 496 1891 Proinde
528 1826 777 1911 intellegendum
809 1833 859 1892 ast
884 1829 1021 1910 pliorem
1050 1829 1178 1910 quidem
1205 1829 1304 1894 uomi-

157 1939 278 2012 natum‚
312 1934 367 1999 sed
398 1933 492 2018 longe
522 1938 597 2016 post
627 1934 757 1998 fratrem
788 1954 883 1999 suum
915 1937 1022 1999 lactan
1055 1936 1154 2001 fuisse
1184 1940 1302 2014 natum,

158 2043 248 2107 ouius
273 2041 380 2106 leotari
405 2040 571 2104 duodecim
590 2039 647 2104 iiiii
666 2043 731 2106 tam
752 2041 886 2124 grandes
904 2042 968 2106 iam
986 2042 1124 2106 familias
1143 2043 1303 2118 haberent,

119 2173 139 2209 a
156 2153 192 2213 nt
219 2149 250 2212 in
280 2147 407 2230 linguas
435 2147 578 2229 proprias
608 2146 708 2211 diuidi
736 2151 877 2231 possent.
907 2149 959 2214 Sic
985 2149 1066 2212 enim
1089 2149 1197 2232 potuit
1218 2149 1304 2230 prior

157 2254 405 2335 commemorari,
442 2253 496 2337 qui
535 2257 601 2318 erat
638 2257 739 2318 aetate
772 2255 937 2337 posterior,
975 2274 1069 2336 quem
1102 2255 1140 2319 ad
1173 2255 1302 2320 modum

156 2363 243 2444 prius
279 2361 518 2426 commemorati
552 2363 626 2426 sunt
659 2380 694 2425 er
727 2361 830 2426 tribus
862 2362 938 2428 filiis
962 2361 1030 2427 Noe
1063 2363 1218 2445 procreati
1244 2362 1303 2426 tilii
1393 2363 1396 2367 ’

156 2467 300 2550 iapheth,
338 2467 392 2550 qui
426 2471 494 2532 erat
524 2467 673 2533 minimus
708 2487 830 2543 eorum;
869 2469 981 2534 deinde
1013 2469 1072 2533 filii
1105 2468 1215 2543 (iham,
1248 2468 1303 2552 qui

156 2579 221 2640 erat
244 2573 384 2648 medium
409 2577 568 2657 postremo
588 2574 645 2638 filii
665 2575 747 2652 Sem,
769 2575 823 2657 qui
847 2580 914 2641 erat
936 2576 1057 2658 primus
1082 2578 1114 2640 et
1135 2576 1302 2640 maximus.

117 2707 140 2744 ao
156 2681 284 2744 hilarum
320 2684 425 2744 autem
459 2680 601 2765 gentium
635 2682 791 2746 uocabula
823 2683 938 2764 partim
972 2684 1164 2756 manserunt,
1192 2682 1238 2745 ita
1266 2685 1303 2746 ut

156 2786 313 2868 hodieque
329 2789 478 2869 appareat
491 2785 572 2851 unde
592 2787 710 2852 fuerint
730 2787 881 2866 deriuata,
902 2786 986 2853 siout
1005 2807 1041 2852 er
1060 2788 1161 2852 Assur
1179 2787 1303 2871 Assyrii

158 2897 186 2957 at
209 2912 246 2956 ex
271 2892 379 2957 Heber
400 2892 551 2976 Hebraei;
575 2894 690 2976 partim
713 2893 867 2977 temporis
889 2896 1051 2960 uetustate
1075 2898 1198 2958 mutata
1216 2904 1301 2960 sunt.

157 2999 199 3062 ita
222 3003 259 3064 ut
283 2999 336 3063 uix
360 2999 502 3064 homines
528 3000 704 3065 doctissimi
728 3001 968 3084 antiquissimas
992 3001 1141 3066 historias
1160 3019 1302 3083 perscru-

156 3107 269 3182 tantes,
297 3123 356 3169 neo
381 3106 532 3184 omnium,
562 3105 618 3170 sed
641 3106 817 3188 aliquarum
843 3126 878 3170 er
902 3105 974 3171 istis
999 3107 1135 3190 origines
1159 3107 1301 3190 gentium

117 3239 140 3278 aa
157 3211 317 3292 potuerint
344 3213 490 3294 reperire.
524 3211 604 3276 Nam
635 3213 719 3296 quod
747 3233 784 3278 ex
813 3211 878 3277 filio
908 3213 1018 3290 Cham,
1047 3213 1101 3295 qui
1129 3212 1303 3278 uocabatur

157 3316 317 3396 Moeram,
344 3317 495 3402 Aegyptii
519 3320 724 3401 perhibentur
746 3321 853 3395 exorti,
877 3321 965 3384 nulla
987 3321 1040 3385 hio
1062 3324 1190 3385 resonat
1214 3320 1301 3402 origo

158 3423 318 3498 uooabuii;
349 3425 435 3488 siout
462 3444 518 3489 neo
542 3425 747 3510 Aethiopum,
777 3426 832 3509 qui
861 3427 1008 3491 dicuntur
1036 3425 1075 3491 ad
1104 3446 1176 3492 eum
1200 3426 1302 3490 filium

159 3529 255 3595 (iham
282 3531 449 3613 pertinere,
479 3531 532 3615 qui
562 3532 648 3598 Chus
677 3533 856 3615 appellatus
885 3537 943 3600 est.
972 3533 1014 3598 nr
1041 3533 1069 3597 si
1098 3533 1201 3598 omnia
1232 3552 1301 3596 oon-

158 3635 342 3716 sidereutur‚
367 3639 458 3721 plura
480 3642 603 3703 mutata
627 3659 722 3722 quam
745 3641 905 3704 manentia
929 3639 1055 3704 nomina
1078 3641 1238 3723 apparent.

193 3845 258 3898 5ut
275 3861 361 3902 ome
460 3847 663 3916 dquaquame
762 3847 869 3902 8filius
889 3848 992 3903 aliuao
1114 3849 1184 3902 alius
1202 3863 1253 3904 om.
1277 3847 1303 3900 V

159 3933 355 4002 loquutus?
410 3934 444 3987 22
464 3939 491 3988 et
510 3936 611 3989 onaV
663 3937 698 3990 26
717 3937 767 3990 hoo
786 3953 805 3991 a
859 3938 893 3991 28
914 3935 997 3992 Chanr
1017 3953 1103 4007 onap
