3192 4959
323 419 373 472 De
402 419 576 472 ciuitate
605 418 666 473 dei
693 419 761 473 lib.
788 420 847 472 XX.
874 437 949 490 cap.
979 421 1021 474 23.
1046 422 1088 474 24.
1217 425 1280 487 491

133 633 341 698 permanes;
376 617 412 678 et
444 632 568 678 omnes
597 613 697 678 sicut
724 614 995 678 uestimentum
1026 618 1281 692 ueterescent,

134 725 170 784 et
198 722 301 785 sicut
329 722 560 803 opertorium
587 721 752 785 mutabis
781 740 855 796 eos,
890 726 926 786 et
949 721 1210 790 mutabuntur:
1240 727 1280 786 tu

134 834 258 894 autom
292 828 390 892 idem
422 827 504 909 ipse
532 846 581 900 es,
615 831 652 890 et
680 829 765 891 anni
794 828 851 892 tui
875 847 944 892 non
969 827 1162 894 deficient.
1197 825 1281 906 Quid

133 942 182 1000 est
211 935 297 1018 quod
323 933 528 1016 Porphyrius,
557 953 629 998 oum
657 934 808 1017 pietatem
836 935 946 999 laudet
968 935 1194 1002 Hebraeorum.
1220 953 1282 1017 qua

101 1062 269 1126 rostagnus
296 1048 330 1106 et
356 1061 452 1105 uerus
480 1047 513 1105 ot
540 1041 619 1124 ipsis
641 1042 826 1105 numinibus
854 1041 1004 1106 terribilis
1032 1042 1071 1104 ab
1096 1041 1142 1104 eis
1166 1041 1283 1105 colitur

133 1149 231 1225 Deus,
261 1149 457 1215 Obsistianos
486 1149 525 1212 ob
549 1150 608 1213 hoc
632 1149 739 1232 arguit
764 1149 919 1212 maximae
943 1149 1100 1213 stultitiae
1124 1149 1219 1212 etiam
1244 1167 1281 1212 er

133 1257 271 1321 oraculis
304 1255 432 1319 deorum
468 1275 608 1333 suorum,
641 1254 726 1337 quod
758 1256 857 1320 istum
891 1255 1043 1320 reundum
1072 1254 1182 1319 dicunt
1207 1273 1280 1318 esse

131 1364 330 1445 periturum?
359 1363 440 1426 Ecce
467 1362 498 1425 iu
521 1362 638 1426 litteris
662 1362 790 1444 pietatis
813 1362 1029 1426 Hebraeorum
1060 1361 1177 1425 dicitur
1200 1361 1279 1426 Deo.

131 1487 225 1548 quem
249 1468 419 1533 confitente
441 1473 529 1532 tanto
552 1468 741 1552 philosopho
765 1467 861 1532 etiam
885 1469 955 1551 ipsa
973 1467 1103 1532 numina
1120 1469 1280 1549 perhorre-

94 1593 118 1627 υ·
132 1580 240 1640 scunt:
266 1574 386 1658 Opera
403 1594 576 1638 manuum
596 1579 743 1639 tuarum
763 1580 851 1640 sunt
870 1575 977 1654 caeli,
997 1575 1071 1656 ipsi
1091 1575 1277 1656 peribunt.

130 1679 295 1762 Numquid
326 1679 450 1762 quaudo
483 1681 563 1745 caeli
594 1681 752 1762 peribunt,
782 1680 932 1756 mundus,
967 1681 1058 1744 cuius
1087 1681 1170 1744 idem
1200 1681 1278 1744 caeli

130 1787 274 1870 superior
303 1806 376 1868 pars
409 1793 458 1851 est
490 1791 523 1850 et
553 1787 663 1864 tutior,
696 1807 756 1852 non
789 1786 926 1871 peribit?
960 1787 993 1852 si
1021 1787 1099 1851 haec
1122 1785 1280 1852 sententia

129 1893 201 1956 Ioui
228 1893 387 1974 displicet,
420 1894 523 1972 cuius,
556 1900 593 1958 ut
621 1894 732 1958 scribit
753 1895 817 1958 iste
840 1893 1062 1976 philosophus,
1095 1893 1187 1958 uelut
1210 1911 1277 1978 gra-

129 2001 229 2065 uioris
252 2000 452 2065 alletoritatis
476 2003 603 2066 oraculo
624 2003 657 2066 iu
683 2000 934 2066 Christianorum
958 2000 1146 2064 credulitate
1171 1999 1277 2081 culpa·

88 2132 111 2170 rs
129 2112 194 2171 tur:
219 2127 303 2188 quom
324 2127 384 2172 non
408 2108 556 2173 similiter
579 2108 765 2189 sapientiam
789 2112 953 2190 tamquam
978 2107 1150 2172 stultitiam
1170 2107 1279 2188 culpat

127 2213 356 2290 Hebraeorum,
387 2215 419 2279 iu
449 2235 582 2296 quorum
610 2216 700 2290 libris
727 2215 883 2298 piissimis
911 2215 1091 2280 inuenitur?
1124 2213 1220 2279 Porro
1250 2213 1277 2278 si

125 2321 158 2384 iu
181 2321 239 2384 illa
261 2320 426 2403 sapientis,
451 2341 531 2402 quae
554 2321 728 2404 Porphyrio
752 2327 818 2384 tam
842 2322 980 2387 multum
1004 2323 1119 2403 placet,
1148 2325 1184 2384 ut
1209 2339 1277 2384 eam

126 2427 258 2491 deorum
281 2446 408 2510 quoque
432 2447 562 2492 suorum
583 2430 718 2493 uocibus
742 2429 912 2513 praedicet,
936 2431 1054 2512 legitur
1077 2427 1181 2494 caelos
1207 2446 1277 2492 esse

125 2535 300 2616 perituros:
332 2555 415 2617 quior
441 2554 544 2617 usquo
572 2536 649 2599 adeo
672 2555 755 2600 uana
778 2540 829 2601 est
855 2537 1076 2612 istolallacia‚
1100 2534 1190 2599 utin
1216 2533 1277 2597 fide

83 2664 108 2704 zo
127 2640 378 2705 Christianorum
406 2641 460 2706 uel
486 2642 569 2705 iuter
597 2647 702 2706 cetera
723 2643 776 2706 uel
800 2661 873 2725 pree
898 2643 1010 2708 ceteris
1035 2642 1095 2706 hoc
1119 2641 1275 2704 detesten-

127 2757 189 2818 tur,
220 2747 304 2830 quod
331 2747 363 2810 iu
393 2767 430 2812 ea
456 2748 617 2829 pariturus
646 2748 784 2813 creditur
812 2747 960 2826 muudus,
989 2768 1051 2830 quo
1079 2747 1190 2829 utique
1214 2747 1276 2811 uisi

127 2857 280 2936 pereunte
317 2855 396 2918 caeli
427 2855 529 2936 perire
561 2875 622 2918 nou
654 2859 810 2938 possunt?
848 2856 889 2920 Et
924 2856 955 2920 in
992 2855 1108 2919 litteris
1147 2853 1274 2936 quidem

128 2961 238 3038 sacris,
276 2979 356 3042 quae
392 2962 517 3043 proprie
554 2966 681 3026 nostrae
718 2965 803 3034 scint.
841 2981 902 3026 uon
935 2962 1088 3026 Hebraeis
1121 2959 1275 3040 nobisque

128 3085 323 3141 communes,
352 3067 384 3129 id
413 3071 462 3131 est
488 3068 520 3132 in
545 3068 737 3152 euangelicis
766 3074 798 3132 et
821 3069 1006 3151 apostolicis
1029 3068 1119 3132 libris
1142 3067 1275 3150 legitur:

83 3187 110 3228 2⁵
127 3173 317 3237 Praeterit
340 3173 465 3256 figura
488 3174 601 3238 huius
625 3176 766 3247 muudi;
787 3175 919 3258 legitur:
939 3175 1099 3239 blundus
1119 3173 1273 3241 transit:

128 3281 259 3363 legitur:
300 3279 450 3344 Caelum
488 3285 525 3344 et
561 3287 660 3345 terra
697 3281 925 3346 transibunt.
965 3281 1026 3346 Sed
1062 3285 1151 3363 puto.
1190 3279 1273 3362 quod

128 3386 320 3468 praeterit,
353 3388 502 3465 transit,
531 3389 750 3452 transibunt
773 3389 935 3470 aliquanto
956 3389 1066 3452 mitius
1091 3389 1275 3452 dictasunt

216 3577 285 3631 los.
306 3577 421 3645 XVIIII,
441 3595 462 3634 c.
482 3580 517 3632 23
581 3580 616 3634 25
637 3580 660 3632 1.
681 3578 740 3635 Cor.
761 3581 787 3642 7,
807 3579 838 3634 31
916 3579 1042 3642 1.10.·2‚
1065 3579 1096 3633 17
1169 3579 1203 3630 26
1222 3577 1272 3631 Mt.

126 3667 223 3729 abac

162 3791 175 3844 1
195 3806 234 3858 oq.
254 3807 404 3859 permanes.
423 3795 451 3844 et
469 3792 582 3860 reliqua.
607 3791 643 3844 Et
662 3792 732 3844 sicut
751 3792 889 3860 opertoria
908 3791 1027 3844 mutabis
1048 3809 1101 3845 eos.
1122 3791 1273 3860 etreliqua

128 3894 160 3931 oo.
180 3885 244 3934 tom.
262 3879 288 3938 Ι,
307 3879 403 3946 Praef.
420 3897 449 3948 p.
468 3880 509 3943 X)
589 3886 761 3933 ueterescent
780 3897 824 3934 av
913 3882 929 3932 4
952 3881 1022 3949 quod
1044 3898 1076 3932 m.
1096 3883 1116 3933 2
1134 3879 1165 3932 in
1183 3897 1239 3934 rae.
1259 3896 1274 3931 e

125 3969 190 4019 riet-
206 3967 274 4037 ipsis
291 3967 448 4021 numinibus
467 3985 501 4022 rs.
522 3969 590 4021 Zia
609 3985 697 4021 rose
768 3967 842 4022 dab
867 3967 950 4021 hoco
1025 3970 1054 4020 ll
1076 3967 1147 4021 idem
1168 3967 1225 4036 ὀμ·
1244 3967 1272 4020 id

125 4061 168 4108 est
186 4071 213 4121 e,·
230 4073 281 4109 om.
297 4073 334 4123 p,·
350 4055 432 4108 iidem
452 4073 468 4110 o
540 4057 642 4110 caelum
658 4073 679 4124 p
762 4059 795 4111 18
815 4073 921 4126 quoque
941 4057 1051 4109 deorum
1071 4073 1084 4109 e
1156 4061 1184 4110 et
1202 4057 1271 4125 legi-

124 4150 202 4212 turp
294 4146 327 4198 19
346 4159 431 4212 usque
450 4161 500 4198 om.
519 4163 537 4213 p
627 4146 661 4198 20
681 4145 753 4198 inter
771 4147 872 4213 cetera]
893 4145 921 4198 in
940 4146 1022 4197 tertia
1041 4149 1113 4198 terre
1131 4145 1147 4198 b
1228 4145 1271 4198 ucl

124 4242 231 4302 praeter
250 4238 340 4287 cetera
361 4251 378 4284 α
429 4235 463 4285 22
483 4251 536 4286 non
555 4239 672 4303 possunt
690 4235 813 4302 perirev
863 4236 897 4286 ‘25
916 4234 1032 4286 blundus
1052 4234 1151 4287 transit
1169 4233 1272 4302 legitur

125 4323 211 4377 obab
265 4323 495 4391 suprastatuto
570 4322 715 4391 aliquando
732 4341 777 4392 pp
851 4321 939 4376 adbuc
957 4323 1085 4391 mitiusp
