3192 4959
358 437 409 490 De
438 436 613 490 ciuitate
642 435 701 489 dei
728 436 793 491 lib.
823 435 923 489 XVIII.
953 452 1028 506 cap.
1057 438 1081 490 9.
1112 436 1152 490 10.
1263 438 1328 501 279

171 631 248 695 loco
276 632 488 717 Areopagitae
517 632 666 715 appellati
696 635 771 696 sunt
800 630 933 697 curiales
962 632 1049 696 urbis
1075 632 1228 708 eiusdem,
1256 631 1329 696 uult

170 738 251 801 inde
274 740 435 821 accepisse
459 758 584 816 nomen,
614 738 700 821 quod
722 738 819 816 Mars,
849 738 904 820 qui
928 737 1047 803 Graece
1077 732 1172 823 Ἄρης
1200 738 1327 813 dicitur,

173 864 251 908 cnm
277 846 441 910 homicidii
465 845 595 909 crimine
617 863 690 909 rens
718 844 818 921 tieret,
847 844 1062 909 iudicantibus
1087 844 1253 908 duodecim
1278 844 1327 907 dis

170 952 207 1014 in
232 972 269 1015 eo
294 971 375 1035 pago
400 971 453 1017 ser
476 952 643 1016 sententiis
662 952 830 1016 absolutus
850 954 900 1015 est
918 949 1008 1035 (qnia
1026 951 1081 1014 ubi
1100 950 1184 1034 paris
1204 951 1328 1015 numeri

138 1060 354 1122 ssententiae
389 1058 538 1128 inissent,
571 1059 720 1140 praeponi
754 1059 913 1123 absolutio
940 1051 1141 1121 'damnationi
1176 1056 1326 1141 solebat);

171 1165 232 1227 sed
260 1169 370 1229 contra
395 1166 501 1241 istam,
531 1183 611 1246 quae
638 1164 740 1229 multo
769 1165 906 1246 amplius
935 1168 984 1228 est
1013 1164 1179 1239 celebrata,
1208 1163 1327 1245 opinio-

170 1290 247 1335 nem
271 1271 364 1335 aliam
390 1272 547 1353 quandam
571 1271 609 1334 de
633 1272 840 1336 obscurarum
862 1270 977 1336 notitia
999 1270 1177 1335 litterarum
1198 1290 1326 1335 cansam

171 1378 312 1442 nominis
336 1377 433 1442 huius
458 1382 590 1442 conatur
613 1378 786 1451 adstruere,
810 1398 849 1442 ns
872 1378 974 1442 Areon
995 1396 1096 1460 pagon
1116 1377 1326 1441 Athenienses

171 1486 213 1549 de
245 1474 373 1549 nomino
405 1485 518 1549 Martis
551 1488 583 1548 et
614 1484 688 1569 pagi
726 1484 818 1567 qnasi
850 1484 962 1548 Martis
995 1504 1112 1567 pagum
1145 1484 1326 1548 nominasse

125 1618 150 1654 ro
170 1590 351 1665 credantur,
383 1591 414 1653 in
447 1591 594 1654 iniuriam
625 1590 777 1654 uidelicet
808 1590 985 1666 numinum,
1024 1609 1041 1654 a
1074 1590 1189 1671 quibus
1222 1590 1326 1673 litigia

170 1698 226 1761 nel
253 1697 374 1761 indicia
402 1698 563 1761 existimat
592 1697 708 1772 aliena;
737 1717 798 1762 non
823 1698 928 1759 minus
952 1698 1022 1772 hoc,
1051 1696 1135 1779 quod
1161 1696 1198 1760 de
1222 1696 1325 1761 Marte

169 1804 300 1881 dicitur,
329 1804 446 1867 falsum
475 1822 544 1867 esse
573 1803 773 1882 adseueram,
808 1822 902 1885 quam
936 1803 1016 1867 illud
1045 1803 1129 1885 quod
1157 1803 1194 1867 de
1222 1802 1325 1866 tribus

170 1910 304 1987 deabus,
328 1910 447 1974 Iunone
471 1910 596 1974 scilicet
619 1914 650 1973 et
672 1910 817 1974 Minerua
840 1913 873 1973 et
896 1910 1026 1986 Venere,
1056 1930 1136 1992 quae
1160 1928 1215 1992 pro
1239 1909 1324 1973 malo

169 2036 266 2081 aureo
300 2016 505 2098 adipiscendo
543 2020 620 2099 aput
655 2016 794 2080 iudicem
826 2016 970 2080 Paridem
1009 2016 1046 2080 de
1078 2014 1324 2099 pulchritudinis

123 2148 150 2187 rs
168 2123 359 2187 excellentia
386 2127 524 2187 certasse
547 2127 711 2187 narrantur
733 2126 766 2187 et
789 2122 829 2186 ad
851 2122 1021 2206 placandos
1044 2122 1129 2186 ludis
1154 2122 1240 2201 deos,
1270 2122 1325 2202 qni

168 2230 372 2294 delectantur
397 2248 455 2293 seu
487 2229 572 2293 ueris
605 2248 663 2293 seu
695 2229 785 2293 falsis
818 2228 890 2293 istis
922 2229 1108 2293 criminibus
1137 2229 1215 2305 suis,
1244 2228 1325 2291 inter

165 2335 346 2400 theatricos
370 2335 502 2417 plausus
526 2339 691 2399 cantantur
713 2336 815 2417 adque
840 2336 1004 2399 saltantur.
1028 2336 1116 2399 Haec
1140 2334 1239 2397 Varro
1263 2353 1323 2398 non

167 2442 281 2520 credit,
311 2461 349 2505 ne
378 2443 508 2506 deornm
535 2446 665 2507 natiuae
693 2462 750 2506 sen
778 2443 920 2507 moribus
950 2441 1057 2506 credat
1080 2442 1266 2524 incongrua:
1293 2445 1324 2504 ct

165 2554 276 2612 tamen
300 2568 362 2612 nou
386 2549 575 2622 fabulosam,
600 2549 656 2613 sed
678 2550 863 2613 historicam
888 2549 1039 2613 rationem
1065 2549 1103 2612 de
1126 2548 1323 2612 Athenarum

120 2684 146 2721 u
165 2655 329 2719 uocabulo
362 2654 497 2719 reddens
533 2659 655 2720 tantam
686 2654 828 2737 Neptuni
865 2659 898 2719 et
928 2656 1092 2719 Mineruae
1127 2655 1216 2719 litem
1254 2653 1322 2718 suis

163 2760 288 2825 litteris
311 2761 433 2839 inserit,
462 2762 501 2825 de
525 2763 616 2825 cuins
640 2763 766 2826 nornine
789 2764 898 2845 potins
926 2763 982 2827 llla
1005 2762 1120 2828 ciuitas
1143 2764 1322 2838 uocaretur,

163 2872 212 2945 ut,
238 2885 314 2931 curn
338 2866 556 2951 prodigiorum
580 2868 791 2932 ostentatione
812 2869 1044 2947 contenderent,
1068 2868 1221 2933 intereos
1242 2868 1323 2931 iudi-

164 2992 239 3037 care
262 2992 323 3038 nec
347 2975 461 3057 Apollo
481 2973 647 3038 consultus
668 2974 809 3053 auderet,
830 2975 886 3039 sed
906 2976 1036 3039 deorum
1055 2974 1195 3059 iurgium
1214 2974 1322 3039 finien-

164 3080 256 3154 dum,
281 3080 366 3145 sicut
388 3083 633 3145 memoratarum
656 3082 753 3145 trium
782 3081 912 3145 dearum
936 3080 974 3145 ad
998 3081 1143 3146 Paridem
1168 3081 1320 3163 Iuppiter,

119 3216 145 3254 aa
162 3185 211 3247 ita
232 3188 266 3247 et
284 3184 347 3248 iste
366 3184 406 3247 ad
423 3185 569 3250 homines
587 3188 740 3264 mitteret,
760 3188 815 3251 ubi
836 3189 977 3252 uinceret
996 3188 1141 3252 Minerua
1159 3188 1320 3271 suffragiis

163 3294 198 3353 et
220 3290 255 3353 in
279 3308 381 3371 poena
404 3310 534 3355 suarum
559 3293 825 3377 suffragatricium
852 3295 1041 3371 uinceretur,
1062 3312 1141 3376 qnae
1160 3295 1191 3357 in
1213 3294 1321 3358 aduer-

163 3397 260 3460 sariis
294 3398 362 3462 suis
395 3398 473 3461 uiris
507 3399 647 3463 obtinere
679 3400 820 3464 Athenas
864 3402 978 3482 potuit,
1021 3404 1054 3465 et
1090 3402 1206 3466 amicus
1245 3420 1321 3465 snas

161 3502 302 3568 seminas
333 3504 512 3568 Athenaeus
550 3506 664 3569 habere
700 3526 762 3571 non
794 3508 911 3589 potnit.
949 3508 1009 3572 His
1039 3508 1247 3590 temporibus,
1283 3512 1320 3571 nt

162 3608 266 3674 Varro
287 3609 408 3688 scribit,
427 3615 578 3694 regnante
592 3613 842 3677 Atheniensibus
859 3614 988 3692 Cranao,
1010 3632 1193 3679 successore
1209 3615 1319 3680 Cecro-

119 3750 144 3790 ao
163 3720 227 3799 pis,
256 3719 294 3779 ut
322 3721 430 3781 autem
456 3718 558 3782 nostri
585 3718 742 3783 Eusebius
767 3722 800 3783 et
828 3721 1050 3803 Hieronymus,
1080 3721 1183 3785 adhuc
1207 3721 1317 3785 eodem

164 3822 306 3904 Cecrops
346 3828 560 3904 permanente,
603 3825 759 3889 diluuium
797 3828 869 3905 fuit,
912 3828 995 3909 quod
1037 3820 1231 3910 appellatum
1270 3834 1320 3891 est

161 3928 383 4008 Deucalionis,
415 3948 452 3994 eo
482 3930 567 4013 qnod
593 3930 664 4015 ipse
691 3932 844 4015 regnabat
873 3934 905 3997 in
934 3953 1040 3998 earum
1068 3938 1221 3997 terrarum
1250 3917 1319 4017 parss

198 4137 367 4207 2accipiase
382 4153 401 4207 9
472 4140 550 4193 best
569 4140 718 4227 amplinao
823 4141 1021 4212 celebratamp
1093 4142 1271 4196 lobscnrnm
1291 4143 1315 4195 c¹

165 4254 199 4307 10
218 4252 358 4306 nominum
377 4254 428 4322 c¹p
537 4257 568 4310 13
589 4256 615 4308 11
635 4222 716 4321 Non;⁹
732 4257 785 4313 scil.
804 4275 823 4328 p
932 4259 963 4313 15
984 4258 1055 4313 ludis
1075 4258 1151 4328 deos]
1175 4258 1271 4313 lndeos
1288 4260 1317 4329 9¹

166 4342 202 4395 29
222 4357 340 4411 cranop
393 4342 662 4399 asperomonte
