3192 4959
326 424 377 477 De
407 425 580 478 ciuitate
608 424 669 479 dei
697 425 764 478 lib.
792 425 878 477 XVII.
908 442 984 495 cap.
1016 427 1127 481 14-16.
1234 429 1297 491 247

151 618 237 682 sicut
260 618 391 682 uidetur
412 619 482 701 ipsa
506 620 698 702 exspectatio
725 620 888 702 postulare
912 620 1072 703 (quamuis
1095 622 1157 686 iam
1182 622 1213 687 in
1238 640 1299 686 uno

150 725 305 811 fecerim),
344 726 433 807 copia
470 746 565 808 quam
600 726 709 808 inopia
740 727 842 809 magis
880 727 1037 809 inpedior;
1076 729 1182 793 omnia
1218 729 1300 793 enirn

149 851 266 913 ponere
299 831 447 897 uitandae
479 834 670 915 prolixitatis
703 853 799 898 eausa
831 836 1009 916 prohibeor.
1043 836 1162 900 Vereor
1195 840 1301 899 autem

150 958 198 1018 ne,
225 958 300 1002 cum
325 939 432 1021 aliqua
455 942 590 1022 elegero,
614 940 736 1018 multis,
756 942 811 1022 qui
830 960 867 1005 ea
885 946 1051 1017 nouerant,
1071 941 1180 1007 uidear
1198 942 1301 1025 magis

121 1046 330 1109 anecessaria
360 1047 563 1127 praeterisse;
596 1047 709 1111 deinde
742 1048 818 1129 quia
849 1049 1080 1127 testimoninm,
1115 1048 1199 1131 quod
1232 1067 1301 1131 pro-

149 1153 261 1229 fertur,
291 1152 330 1216 de
359 1153 557 1217 contextione
584 1154 686 1217 totius
714 1154 831 1235 psalmi
860 1154 954 1218 debet
976 1155 1092 1219 habere
1116 1154 1302 1239 suffragium

150 1263 206 1322 aut
235 1262 322 1323 certe
356 1259 435 1323 nihil
468 1260 521 1338 sit,
551 1260 635 1342 quod
660 1260 688 1323 ei
711 1259 898 1343 refragetur,
923 1262 950 1324 si
979 1280 1039 1325 uon
1065 1262 1171 1326 omnia
1194 1261 1302 1325 suflra-

150 1369 276 1448 gantur,
301 1384 340 1429 ne
362 1358 451 1431 more
474 1371 642 1431 centonum
667 1367 705 1431 ad
728 1386 806 1438 rem.
831 1386 925 1449 quam
951 1368 1110 1445 uolumus,
1139 1372 1300 1449 tamquam

149 1472 329 1537 uersiculos
355 1474 519 1555 decerpere
544 1473 719 1550 uideamur,
743 1476 835 1539 uelut
858 1474 895 1538 de
921 1475 1029 1557 grandi
1050 1476 1197 1551 carmine,
1218 1474 1302 1555 quod

111 1602 133 1640 ro
150 1598 211 1643 non
240 1579 280 1642 de
307 1599 341 1643 re
369 1580 434 1650 illa.
468 1580 524 1645 sed
552 1579 590 1643 de
618 1580 681 1643 alie
702 1581 861 1663 longeque
886 1580 1011 1645 diuersa
1035 1582 1208 1663 reperiatur
1231 1600 1301 1645 esse

150 1685 375 1768 conscriptum.
411 1686 481 1751 Hoc
518 1691 625 1750 autem
661 1691 699 1751 ut
731 1688 762 1750 in
802 1706 1002 1769 quocumque
1038 1689 1160 1768 psalmo
1198 1687 1303 1769 possit

150 1792 287 1870 ostendi,
326 1793 527 1875 exponendus
565 1797 615 1859 est
651 1796 754 1869 totum
793 1794 879 1875 quod
916 1794 1025 1875 quanti
1058 1795 1161 1877 operis
1195 1796 1237 1859 sit
1270 1797 1302 1858 et

150 1899 285 1962 aliorum
325 1903 358 1963 et
389 1903 495 1965 nostra
529 1901 704 1975 uolrrmina
737 1901 769 1964 in
803 1902 918 1983 quihus
951 1902 1011 1965 hoe
1043 1901 1190 1977 fecimus,
1223 1902 1301 1964 satis

148 2005 300 2070 indicant.
335 2007 435 2090 Legat
467 2026 541 2091 ergo
575 2007 641 2085 illa,
675 2008 730 2089 qui
756 2008 897 2071 uoluerit
925 2011 956 2071 et
978 2009 1132 2091 potuerit;
1161 2008 1303 2071 inueniet

108 2134 132 2173 a
150 2116 230 2193 quot
262 2118 294 2177 et
326 2118 445 2195 quanta
475 2134 529 2178 rex
556 2114 660 2178 Dauid
688 2114 836 2195 idemque
865 2113 1019 2196 propheta
1047 2114 1084 2178 de
1114 2112 1239 2178 Christo
1270 2116 1303 2175 et

150 2220 220 2283 eius
244 2220 380 2283 ecclesia
403 2222 651 2304 prophetauerit,
677 2222 715 2285 de
742 2240 817 2304 rege
847 2221 970 2285 scilicet
998 2225 1030 2285 et
1053 2220 1183 2284 ciuitate
1207 2238 1300 2302 quam

150 2324 304 2390 condidit.

604 2518 741 2585 CAPUT
764 2520 848 2585 XVI.

148 2661 203 2725 De
240 2661 312 2737 his,
352 2680 445 2743 quae
481 2662 517 2726 in
556 2663 871 2746 quadragensimo
911 2666 1042 2745 quarto
1081 2664 1224 2745 psalmo
1258 2662 1301 2726 ad

107 2788 132 2828 ro
150 2766 346 2831 Christum
366 2772 404 2832 et
422 2768 625 2833 ecelesiam
645 2769 878 2852 pertinentia
896 2774 961 2833 aut
980 2772 1107 2851 aperte
1123 2769 1303 2833 dicuntur

603 2878 668 2939 aut
691 2874 849 2956 tropice.

193 3016 380 3095 Quamlibet
417 3017 501 3080 enim
539 3016 577 3081 de
616 3036 816 3099 quacumque
853 3036 885 3080 re
923 3017 1066 3100 propriae
1101 3018 1166 3081 sint
1201 3017 1302 3099 adque

147 3122 337 3186 manifestae
370 3122 573 3206 propheticae
605 3124 793 3199 locutiones,
827 3142 955 3188 neeesse
989 3128 1039 3187 est
1066 3128 1103 3188 ut
1131 3125 1176 3189 eis
1206 3124 1300 3188 etiam

146 3228 288 3311 tropicae
316 3228 523 3303 misceantur;
552 3249 632 3311 quae
660 3230 795 3294 manime
823 3233 950 3312 propter
977 3229 1131 3294 tardiores
1154 3231 1303 3313 ingerunt

105 3334 333 3400 edoctoribus
377 3336 573 3401 laboriosum
621 3336 804 3419 disputandi
844 3337 1079 3419 exponendique
1122 3337 1298 3420 negotium.

147 3438 312 3519 Quaedam
335 3446 441 3507 tamen
466 3442 629 3507 Christum
653 3449 685 3508 et
708 3444 875 3507 ecclesiam
899 3443 970 3524 ipsa
994 3444 1095 3528 prima
1114 3444 1203 3520 facie,
1229 3464 1300 3507 mox

146 3554 184 3612 ut
211 3550 370 3626 dicuntur,
401 3549 584 3625 ostenduut;
615 3550 676 3615 etsi
705 3569 741 3613 ex
766 3550 829 3614 otio
853 3552 974 3614 restant
1003 3549 1192 3633 exponenda,
1219 3569 1297 3631 quae

145 3654 176 3718 in
212 3656 259 3719 eis
290 3656 398 3721 minus
431 3656 680 3741 intelleguntur3
715 3658 808 3738 quale
836 3656 916 3719 illud
946 3656 1048 3720 estin
1079 3656 1189 3721 eodem
1217 3656 1301 3738 psal·

145 3781 271 3826 morum
295 3762 391 3826 libro:
415 3762 615 3827 Eructauit
639 3782 699 3827 eor
722 3782 842 3826 meum
862 3762 1018 3827 uerbum
1037 3762 1185 3838 bouum,
1207 3762 1290 3826 dico

237 3953 272 4005 29
292 3953 338 4006 Pe.
357 3954 402 4016 44,
421 3954 438 4005 2
458 3970 516 4021 sqq.

180 4076 435 4146 3prolexitatisp
546 4078 635 4130 lauf
657 4092 734 4142 mas.;
756 4080 788 4129 nt
810 4092 826 4130 u
849 4077 947 4130 Domb.
1068 4078 1100 4130 14
1125 4076 1174 4129 illa
1199 4093 1301 4145 ergoe

145 4166 178 4216 15
198 4180 302 4233 qnosg
391 4164 565 4231 loetads
645 4167 680 4218 20
698 4180 736 4232 aq.
757 4169 805 4218 aut
824 4170 894 4235 trop.
914 4164 1075 4232 dicunturp
1148 4166 1182 4217 22
1203 4164 1293 4229 Quan-

142 4252 309 4320 tumlibetp
363 4254 399 4306 29
416 4270 455 4323 sq.
475 4270 628 4307 cormeum
647 4254 800 4321 etreliqua
819 4254 925 4307 omissis
943 4253 1055 4306 uerbum
1074 4270 1159 4320 osqroe
1179 4254 1217 4305 od
1237 4254 1299 4323 regi

142 4356 170 4407 p.
191 4342 261 4402 248,
280 4344 296 4393 1
314 4341 330 4394 b
349 4342 395 4408 (cs.
415 4343 535 4409 quaein
552 4341 649 4409 Proes.
669 4342 690 4394 Ι
700 4360 730 4411 p.
750 4343 781 4394 X
800 4342 832 4395 dc
851 4342 941 4395 codice
961 4342 976 4395 d
995 4343 1108 4409 oneraret).
