3192 4959
310 437 376 502 418
660 436 687 489 S.
715 435 871 489 Aurelii
899 436 1117 505 Augustini

305 630 454 708 ficans,
492 631 605 713 inquit,
644 630 705 696 die
740 621 1026 696 eradicabitur
1063 631 1144 696 nisi
1181 631 1351 695 Domino
1384 635 1451 695 ten·

306 739 406 812 tum3
434 756 495 802 non
522 757 583 820 quo
607 737 652 801 rei
676 742 770 820 egeat
793 737 941 816 alicuine,
971 737 1026 802 sed
1050 737 1126 819 quia
1148 737 1239 802 nobis
1264 737 1399 820 expedit,
1420 743 1452 801 ut

304 861 355 906 res
385 843 454 906 eius
483 845 596 911 simus,
624 843 709 909 Huic
737 844 821 908 enim
851 843 974 908 canitur
1002 843 1031 907 in
1058 845 1156 908 saeris
1186 845 1301 908 litteris
1325 843 1453 908 Hebrae-

306 969 413 1013 orum:
452 950 544 1014 Diri
584 950 770 1014 Domino:
808 950 914 1014 Deus
954 967 1065 1014 meus
1103 968 1143 1014 es
1181 951 1234 1022 tu,
1274 950 1452 1032 quoniam

303 1055 499 1120 bonorum
527 1077 702 1121 meorum
732 1076 807 1121 non
837 1074 941 1141 eges.
970 1056 1077 1120 Huius
1106 1060 1214 1121 autem
1247 1057 1453 1139 preeolan'ssi·
1480 1079 1490 1118 s

304 1181 392 1225 mum
426 1162 529 1244 adque
561 1164 718 1244 optimum
752 1162 944 1226 sacrificium
977 1181 1034 1226 nos
1068 1162 1131 1244 ipsi
1161 1181 1284 1239 sumus,
1317 1163 1378 1228 hoc
1408 1169 1453 1228 est

305 1269 422 1335 ciuitas
460 1269 541 1348 eius,
579 1271 671 1334 cuiue
703 1271 749 1334 rei
781 1270 969 1352 mysterium
1009 1269 1206 1334 celebramus
1244 1270 1452 1336 oblationibus

304 1378 434 1455 nostrie,
463 1395 543 1459 quae
571 1377 720 1441 fidelibus
748 1379 841 1440 notae
869 1380 954 1452 sunt,
984 1376 1070 1438 sicut
1097 1375 1129 1438 in
1157 1374 1248 1438 libris
1271 1375 1452 1458 praecedeu-

303 1485 392 1548 tibus
416 1483 664 1565 disputeuimus.
688 1481 874 1547 Cessatures
899 1482 983 1546 enim
1007 1481 1168 1558 uictimas,
1194 1491 1272 1563 quas
1295 1481 1452 1546 inumbra

302 1589 403 1655 futuri
436 1589 608 1655 offerebant
635 1588 754 1667 Iudaei,
785 1591 818 1653 et
845 1608 945 1653 unum
972 1588 1164 1653 sacrificium
1193 1589 1303 1670 gentes
1334 1607 1352 1651 e
1380 1589 1449 1653 solis
1466 1613 1491 1652 ιο

303 1699 376 1760 ortu
408 1714 510 1778 usque
538 1694 577 1759 ad
606 1714 765 1772 occasum,
794 1696 880 1760 sieut
906 1696 969 1759 iam
999 1695 1066 1759 lieri
1096 1695 1264 1772 cemimus,
1295 1693 1450 1758 oblaturos

302 1821 359 1884 per
385 1803 555 1884 prophetas
578 1801 742 1866 Hebraeos
773 1802 900 1866 oracula
923 1803 1107 1884 increpuere
1131 1800 1255 1876 diuine3
1281 1819 1317 1864 er
1341 1799 1449 1882 quibus

302 1912 456 1989 quantum
488 1909 567 1972 setis
596 1908 704 1972 uisum
732 1911 791 1985 est,
825 1909 978 1973 nonnulle
1008 1908 1201 1992 protulimus
1230 1911 1262 1972 et
1294 1907 1371 1972 huic
1392 1908 1449 1970 iem
1493 1969 1496 1975 .

302 2015 389 2098 operi
422 2015 649 2097 adspersimus.
685 2013 885 2099 Quapropter
911 2016 967 2080 ubi
996 2034 1057 2079 non
1087 2017 1137 2080 est
1163 2015 1226 2079 iste
1253 2015 1391 2093 iustitie,
1418 2017 1451 2077 ut

300 2121 476 2186 secundum
515 2141 605 2185 suam
644 2121 778 2206 gratiam
817 2121 939 2186 ciuitati
978 2121 1158 2186 oboedienti
1194 2120 1283 2184 Deus
1320 2121 1450 2202 imperet
1466 2143 1486 2181 s

298 2247 382 2292 unus
411 2230 444 2292 et
471 2247 628 2304 summus,
656 2246 694 2291 ne
724 2227 873 2308 cuiquem
903 2227 1060 2292 sacrificet
1083 2227 1143 2292 nisi
1171 2230 1296 2292 tantum
1321 2227 1394 2304 sibi,
1421 2229 1451 2290 et

299 2353 355 2416 per
386 2334 445 2398 hoc
478 2334 510 2398 in
545 2333 691 2398 omnibus
725 2333 908 2398 hominibus
938 2333 977 2398 ed
1005 2333 1137 2399 eandem
1165 2335 1331 2399 ciuitatem
1360 2333 1448 2417 perti·

300 2441 448 2504 nostibus
473 2440 575 2522 adque
599 2439 843 2504 oboedientibus
861 2441 930 2504 Deo
952 2441 1075 2504 enimus
1095 2441 1191 2504 etiem
1210 2440 1333 2523 corpori
1353 2441 1448 2522 adque

299 2547 379 2611 retio
412 2547 501 2610 uitiis
535 2546 642 2611 ordine
675 2545 819 2630 legitimo
854 2547 989 2611 fideliter
1019 2547 1167 2628 imperet3
1206 2550 1254 2623 ut,
1287 2564 1381 2628 quem
1412 2543 1447 2608 ad

298 2652 429 2717 modum
461 2652 568 2716 iustus
601 2671 695 2728 unus,
728 2652 774 2716 ita
802 2655 913 2716 coetus
942 2653 1142 2735 populusque
1170 2652 1330 2716 iustorum
1362 2651 1484 2714 uitiato

300 2778 335 2822 er
372 2759 443 2835 fide,
480 2776 560 2838 quae
598 2761 746 2840 operatur
781 2776 837 2841 per
874 2758 1086 2836 dilectionem,
1123 2776 1186 2839 que
1217 2758 1312 2822 homo
1347 2756 1447 2839 diligit

301 2865 415 2941 Deum,
449 2864 534 2926 siout
561 2862 744 2948 diligendus
772 2867 822 2928 est
849 2864 948 2938 Deus,
978 2866 1010 2926 et
1037 2863 1214 2946 proximum
1243 2863 1329 2927 sicut
1351 2863 1445 2926 semet

299 2971 416 3052 ipsum,
449 3006 492 3015 -
524 2969 580 3033 ubi
613 2988 687 3054 ergo
720 2989 782 3034 non
816 2973 865 3034 est
897 2968 960 3032 istc
988 2969 1124 3045 iustitia,
1151 2970 1293 3051 profecto
1317 2957 1444 3032 nonest

300 3078 410 3140 coetus
447 3075 611 3139 hominum
653 3077 731 3141 iuris
769 3094 925 3141 consensu
968 3079 1001 3140 ot
1036 3075 1187 3140 utilitatis
1229 3074 1442 3140 communione

275 3181 448 3247 sociatos.
478 3180 572 3260 Quod
599 3183 627 3246 si
655 3203 716 3248 non
745 3186 805 3261 est,
833 3184 945 3264 utique
974 3182 1114 3266 populus
1142 3201 1202 3247 non
1231 3186 1298 3260 est,
1321 3182 1347 3246 si
1373 3193 1478 3243 ueras

300 3291 349 3352 est
377 3288 454 3352 haee
481 3289 592 3370 populi
621 3289 773 3353 definitio.
803 3289 885 3372 lingo
910 3307 968 3353 neo
991 3307 1041 3352 res
1064 3288 1194 3371 publica
1217 3291 1277 3368 est,
1303 3289 1439 3371 quiores

297 3395 410 3477 populi
433 3412 493 3458 non
519 3396 578 3472 est,
602 3394 656 3458 ubi
680 3393 750 3477 ipse
773 3396 912 3477 populus
936 3414 996 3459 nou
1023 3400 1081 3461 est.

388 3604 467 3661 ees.
489 3607 532 3668 15,
551 3605 568 3658 2

334 3727 478 3797 2quodp
533 3727 633 3781 bhuic
651 3727 745 3792 codd.,·
764 3728 869 3781 Hinco
922 3725 1072 3796 tdirit,p
1128 3727 1161 3781 13
1180 3725 1268 3779 uisum
1288 3720 1433 3779 estssiise

300 3817 333 3870 16
352 3833 433 3871 nece
486 3817 522 3871 22
541 3833 570 3870 se
590 3833 631 3885 ep
686 3818 720 3870 23
739 3817 794 3870 iste
812 3816 886 3869 iustu
904 3816 1047 3884 iustitiep
1101 3815 1136 3870 26
1154 3814 1264 3885 puplice
1280 3831 1298 3884 p
