3192 4959
305 461 357 513 De
385 457 560 514 ciuitate
588 459 650 512 dei
676 459 742 514 lib.
769 459 842 513 XVI.
871 477 945 529 cap.
976 461 1089 516 18-21,
1204 467 1265 530 161

134 654 243 719 lactum
282 657 341 726 est,
379 653 463 737 quod
501 652 538 717 de
577 653 711 717 Domino
748 652 942 736 praesumsit
976 654 1145 721 Abraham.
1187 654 1268 720 Nam

133 761 246 826 Pharao
274 780 327 825 rex
350 759 499 845 Aegypti,
524 758 579 842 qui
603 777 671 823 eam
696 759 757 823 sibi
780 778 910 823 uxorem
934 764 1107 843 acceperat,
1131 763 1270 845 grauiter

134 867 272 932 addictus
301 867 414 931 marito
445 865 592 931 reddidit.
631 864 693 930 Ubi
717 865 802 930 absit
824 870 861 930 ut
884 867 1049 931 credamus
1073 867 1174 933 alieno
1197 888 1268 934 oon-

135 973 235 1038 cubitu
264 973 365 1037 fuisse
394 972 560 1055 pollutam,
586 973 661 1054 quia
688 973 790 1036 multo
816 977 865 1038 est
888 973 1082 1048 credibilius,
1106 974 1166 1039 hoc
1190 975 1270 1040 Pha-

110 1098 250 1144 araonem
275 1080 379 1144 facere
402 1078 637 1144 addictionibus
660 1079 786 1163 magnis
810 1098 870 1143 non
894 1079 994 1144 fuisse
1016 1081 1216 1162 permissum.

585 1271 721 1338 CAPUT
745 1271 815 1337 XX.

135 1396 180 1459 llo
212 1395 455 1461 secessione
483 1395 584 1460 Loth
619 1397 657 1459 et
684 1393 877 1474 Abrahae,
907 1396 1124 1477 quasillis
1156 1399 1271 1462 salua

470 1502 645 1567 caritate
678 1502 928 1584 conplacuit.

171 1628 310 1692 Reuerso
332 1627 434 1712 igitur
450 1626 609 1692 Abraham
629 1645 665 1690 ex
686 1628 830 1710 Aegypto
849 1625 1006 1693 inlocum
1030 1628 1113 1692 uude
1130 1633 1270 1704 uenerat,

102 1749 206 1798 nnuuc
230 1734 315 1798 Loth
343 1733 449 1799 fratris
478 1733 563 1798 filins
592 1735 630 1798 ab
658 1733 714 1798 illo
742 1733 773 1796 in
802 1736 918 1798 terram
943 1733 1152 1799 Sodomorum
1181 1737 1272 1800 salua

137 1840 257 1905 caritate
273 1840 430 1906 discessit.
450 1840 577 1905 Diuites
597 1840 712 1924 quippe
731 1839 809 1904 facti
829 1843 917 1905 erant
930 1843 1137 1923 pastoresque
1151 1843 1271 1906 multos

136 1967 277 2027 pecorum
299 1946 414 2012 habere
438 1950 617 2030 coeperant,
638 1947 754 2029 quibus
773 1946 856 2011 inter
874 1965 908 2011 se
926 1947 1102 2012 rixantibus
1121 1966 1158 2012 oo
1177 1948 1271 2012 modo

137 2053 319 2118 familiarum
343 2073 472 2119 suarum
495 2073 672 2138 pugnacem
698 2053 890 2118 discordiam
913 2053 1106 2120 citauerunt.
1142 2055 1273 2119 Poterat

137 2160 241 2243 qnippe
271 2160 355 2237 hinc,
380 2167 417 2224 ut
445 2163 521 2225 sunt
547 2161 695 2235 humana,
728 2160 825 2224 etiam
851 2160 933 2223 inter
958 2159 1046 2241 ipsos
1074 2161 1181 2243 aliqua
1207 2162 1272 2226 rire

104 2281 123 2321 n
138 2285 326 2351 consurgere.
364 2267 499 2332 Proinde
527 2267 587 2332 hoc
615 2267 734 2331 malrum
761 2267 980 2348 praecauentis
1004 2266 1148 2330 Abrabae
1175 2269 1272 2332 uerba

136 2373 280 2438 istasunt
294 2372 333 2438 ad
348 2373 444 2437 Loth:
467 2373 551 2438 Nou
576 2373 632 2438 sit
655 2372 740 2437 rixa
762 2373 871 2436 inter
892 2393 950 2436 me
974 2375 1013 2436 at
1035 2376 1084 2447 te,
1105 2377 1143 2437 ct
1166 2374 1272 2437 iuter

135 2483 317 2560 pastores
355 2499 463 2544 moos
502 2485 540 2544 et
576 2480 684 2544 inter
720 2483 910 2562 pastores
948 2484 1051 2555 tuos,
1086 2480 1179 2561 quia
1211 2481 1270 2544 ho-

135 2587 251 2652 mines
280 2589 434 2652 fratres
463 2605 532 2652 nos
566 2605 714 2651 sumus.
751 2586 888 2651 Nonne
921 2605 1013 2650 ecce
1045 2589 1133 2650 tota
1164 2591 1271 2649 terra
1327 2667 1330 2670 ἦ

135 2697 219 2757 ante
242 2697 281 2757 te
308 2697 391 2758 est?
427 2692 602 2757 Discede
627 2713 644 2756 a
667 2713 739 2765 me;
765 2692 798 2756 si
822 2695 864 2756 tu
889 2691 927 2756 iu
952 2693 1173 2757 sinistram.
1199 2712 1270 2775 ego

100 2799 167 2861 :nin
190 2800 384 2874 dextram3
410 2800 475 2863 uel
499 2798 533 2862 si
555 2800 596 2862 tn
624 2799 660 2862 in
685 2798 876 2875 dextram,
897 2816 964 2881 ego
987 2799 1024 2862 in
1049 2798 1271 2862 sinistram.

133 2905 209 2970 Hinc
236 2905 384 2970 fortassis
413 2907 525 2969 effecta
553 2906 603 2968 cst
629 2904 710 2968 iuter
740 2905 884 2969 homines
908 2903 1040 2987 pacifica
1063 2905 1271 2982 consuetude,

135 3020 174 3086 ut,
197 3013 323 3095 quando
347 3015 541 3076 terrenorum
565 3011 685 3092 aliquid
708 3011 908 3093 partiendum
933 3015 992 3087 est,
1016 3012 1117 3076 maior
1139 3011 1272 3086 diuidat,

134 3119 227 3184 minor
253 3120 363 3203 eligat.

579 3224 717 3290 CAPUT
741 3224 827 3288 XXI.

93 3347 179 3412 alle
210 3350 341 3414 tertia
373 3349 646 3432 promissione
679 3349 762 3418 Dei,
797 3367 871 3429 qua
905 3352 1049 3412 terram
1085 3348 1270 3413 Chauaan

127 3456 312 3521 Abrahae
346 3463 384 3519 et
413 3456 559 3520 semini
587 3454 675 3520 eius
703 3455 1009 3537 inperpetuum
1033 3455 1270 3536 pollicetur.

170 3579 252 3645 Cum
279 3599 353 3665 ergo
379 3580 513 3663 digressi
538 3583 645 3644 esseut
664 3579 897 3661 separatimque
917 3577 1097 3643 habitarent
1114 3567 1272 3643 Abraham

126 3695 156 3750 st
173 3689 258 3752 Loth
279 3688 471 3752 necessitate
491 3687 716 3752 sustentandae
734 3685 883 3761 familiae,
903 3704 963 3750 non
981 3686 1134 3752 foeditate
1155 3686 1272 3749 discor-

214 3880 225 3933 l
250 3877 322 3933 Gen.
343 3879 385 3942 12,
404 3879 439 3932 20
496 3878 528 3932 16
548 3875 613 3930 Gen.
635 3877 676 3943 13,
696 3877 711 3929 8
732 3893 770 3945 eq.
826 3877 860 3930 21
881 3878 974 3930 Senes.
995 3881 1113 3930 controu.
1134 3879 1159 3941 6,
1178 3877 1194 3930 3

157 4005 349 4059 dmultnme
441 4005 499 4056 osto
523 4001 549 4054 V
624 4001 687 4054 rin
705 4000 797 4068 illisq
874 4002 907 4055 10
925 4001 1017 4054 fratris
1036 4001 1118 4061 illiue,
1136 4000 1168 4052 ia
1185 4015 1270 4068 marg.

125 4095 265 4162 adscripto
286 4093 401 4154 filinae
491 4091 524 4144 13
543 4093 671 4162 poterant
693 4089 720 4142 V
809 4091 841 4144 15
860 4091 1014 4161 praecentis
1033 4091 1057 4142 e¹
1137 4089 1272 4141 istasunt

125 4183 240 4236 uerbab
303 4181 336 4234 16
355 4179 398 4250 sd]
419 4196 467 4234 ae
537 4178 609 4231 inter
626 4181 749 4248 pastores
768 4183 829 4232 tuos
850 4181 1018 4248 etpastores
1036 4177 1145 4231 mcosb
1198 4175 1229 4228 17
1243 4179 1272 4228 et

123 4273 193 4326 iuter
210 4275 343 4342 pastores
360 4273 422 4324 tuos
446 4269 541 4338 Vecp
554 4267 589 4336 ,ῖς
608 4268 679 4320 inter
697 4283 748 4321 occ.
768 4284 839 4336 cepo
912 4269 976 4336 quia
995 4283 1086 4320 omnes
1101 4283 1120 4319 n
1170 4265 1203 4320 18
1221 4280 1271 4317 nos

124 4367 218 4415 tratres
240 4376 287 4414 av
345 4359 377 4412 28
395 4359 587 4429 necessitatip

150 4487 232 4525 xxxx
248 4485 315 4534 Aug.
332 4493 399 4532 opera
412 4483 489 4524 Scotto
504 4483 523 4522 V
537 4493 588 4532 pars
603 4483 632 4522 ll.
1203 4460 1233 4512 ll
