3192 4959
324 434 377 488 Do
405 435 581 489 ciuitate
610 435 673 491 dei
699 436 766 492 lib.
794 436 866 495 XVI.
896 455 971 508 cap.
1000 439 1042 496 27.
1071 437 1115 493 28.
1231 442 1293 507 177

151 632 183 694 et
208 648 320 713 reges
349 629 519 711 gentium
548 648 588 693 er
612 648 654 694 eo
679 634 789 695 erunt
815 630 925 715 (quam
947 634 1189 716 promissionem
1214 653 1295 699 nunc

149 736 178 799 in
201 734 331 801 Christo
356 736 514 800 cernimus
538 736 651 821 reddi),
675 756 713 803 ex
735 737 790 802 illo
816 736 964 821 deinceps
988 737 1036 803 illi
1060 740 1210 823 coniuges
1235 760 1296 805 non

150 846 304 907 uocantur
325 842 357 905 in
381 842 559 925 scripturis,
583 843 669 908 sicut
686 847 779 908 antea
798 844 1003 923 uocabantur,
1022 845 1139 910 Abram
1159 849 1191 910 et
1210 846 1295 925 Sara,

151 948 203 1013 sed
240 949 327 1013 sicut
358 968 413 1015 eos
447 967 503 1014 nos
536 949 575 1014 ab
609 950 698 1014 initio
730 950 935 1029 uocauimus,
973 951 1120 1034 quoniam
1155 952 1200 1017 sic
1232 953 1295 1017 iam

127 1060 303 1119 ruocantur
321 1056 359 1119 ab
380 1056 538 1134 omuibus,
558 1056 716 1121 Abraham
735 1060 768 1123 ot
786 1056 886 1123 Sarra.
907 1056 995 1137 Quur
1015 1062 1121 1123 autem
1137 1060 1295 1123 mutatum

151 1163 191 1225 sit
217 1181 335 1227 nomen
357 1162 513 1239 Abrahae,
542 1163 665 1229 reddita
687 1167 738 1228 est
758 1164 853 1229 ratio:
885 1162 979 1243 Quia
1001 1170 1157 1247 patrem,
1182 1163 1296 1247 inquit,

152 1269 353 1333 multarum
383 1269 552 1352 gentium
572 1270 683 1352 posui
705 1272 752 1333 te.
777 1270 847 1333 Hoc
872 1288 946 1353 ergo
973 1270 1150 1353 significare
1173 1270 1295 1335 intelle-

153 1376 287 1459 gendum
321 1377 370 1441 est
403 1370 600 1461 [Abraham];
638 1376 755 1440 Abram
784 1393 870 1453 uero,
900 1375 984 1459 quod
1013 1378 1084 1440 ante
1113 1376 1297 1453 uocabatur,

153 1482 375 1563 iuterpretatur
397 1484 488 1563 pater
511 1482 665 1546 excelsus.
690 1482 737 1546 De
760 1482 886 1546 nomine
911 1484 1017 1545 autem
1041 1485 1163 1547 mutato
1188 1481 1297 1547 Sarrae

119 1612 140 1651 ro
154 1607 210 1651 non
234 1591 285 1651 est
308 1587 432 1652 reddita
452 1588 546 1663 ratio;
578 1588 644 1665 scd,
668 1588 754 1653 sicut
777 1588 876 1667 aiunt,
906 1588 961 1671 qui
985 1588 1181 1672 scripserunt
1204 1586 1298 1653 inter-

154 1694 343 1774 pretationes
379 1693 542 1757 nominum
579 1692 806 1770 Hebraeorum,
845 1713 924 1776 quae
962 1694 1012 1759 his
1050 1696 1148 1759 sacris
1181 1696 1297 1760 litteris

155 1801 362 1876 continentur,
401 1798 478 1864 Sara
513 1800 741 1881 interpretatur
772 1800 918 1882 princeps
951 1820 1031 1875 mea,
1066 1800 1158 1866 Sarra
1190 1804 1298 1865 autem

155 1906 266 1971 uirtus.
294 1904 385 1970 Unde
408 1905 562 1989 scriptum
587 1908 637 1969 est
660 1904 690 1968 in
715 1905 855 1989 epistula
879 1905 918 1970 ad
940 1907 1118 1972 Hebraeos:
1147 1908 1238 1971 Fide
1262 1911 1299 1971 et

155 2012 233 2094 ipsa
263 2011 373 2077 Sarra
400 2012 584 2076 uirtutem
612 2012 761 2095 accepit
790 2012 834 2076 ad
863 2014 1104 2079 emissionem
1130 2014 1297 2078 seminis.

119 2141 140 2180 o
156 2119 254 2184 hmbo
283 2120 368 2184 enim
396 2120 534 2183 saniores
563 2121 660 2196 erant,
691 2119 775 2183 sicut
803 2119 960 2201 scriptura
984 2123 1133 2197 testatum
1164 2120 1219 2185 sed
1242 2120 1299 2183 illa

157 2226 247 2289 etiam
272 2225 389 2290 sterilis
414 2230 446 2289 et
469 2244 578 2290 cruore
601 2228 763 2290 menstruo
787 2226 850 2289 iam
875 2226 1038 2303 destituta,
1062 2226 1299 2309 propterquod

155 2332 214 2395 iam
236 2352 347 2415 parere
369 2351 431 2397 non
455 2334 573 2415 posset,
598 2332 693 2395 etiam
718 2332 746 2396 si
769 2332 886 2397 sterilis
911 2352 972 2397 non
995 2333 1121 2397 luisset.
1151 2333 1246 2398 Porro
1272 2332 1299 2396 si

156 2439 269 2503 femina
302 2439 349 2503 ita
385 2440 429 2502 sit
464 2438 670 2522 praelectionis
709 2439 833 2517 aetatis,
871 2443 908 2503 ut
939 2439 967 2503 ei
1001 2439 1095 2504 solita
1127 2438 1299 2503 mulierum

156 2546 256 2609 adhuc
279 2545 390 2622 fluant,
415 2544 453 2608 de
476 2544 590 2608 iuuene
613 2563 722 2626 parere
745 2546 862 2627 potest,
888 2545 925 2608 de
950 2545 1072 2609 seniore
1097 2564 1157 2608 non
1176 2548 1299 2628 potest;

119 2673 142 2711 no
157 2652 300 2733 quamuis
321 2651 423 2715 adhuc
442 2652 546 2734 possit
563 2650 618 2714 ille
638 2651 752 2729 senior,
772 2650 829 2715 sed
848 2650 886 2714 de
906 2651 1146 2715 adulescentula
1161 2652 1299 2736 gignere,

155 2758 239 2822 sicut
264 2758 424 2822 Abraham
451 2760 525 2839 post
552 2761 686 2822 mortem
714 2755 825 2821 Sarrae
855 2756 892 2821 dc
917 2757 1048 2823 Cettura
1075 2758 1192 2840 potuit,
1225 2759 1300 2839 quia

156 2865 294 2929 uiuidum
329 2865 397 2929 aius
430 2864 551 2928 inuenit
584 2866 730 2928 aetatem.
762 2864 833 2929 Hoc
866 2883 940 2948 ergo
975 2868 1034 2941 est,
1067 2864 1151 2945 quod
1184 2864 1300 2927 mirum

156 2972 356 3036 commendat
387 2972 562 3053 apostolus,
597 2975 629 3034 et
661 2970 700 3033 sd
732 2970 792 3035 hoc
826 2970 904 3035 dicit
934 2970 1078 3035 Abrahae
1107 2971 1170 3033 iam
1197 2970 1298 3035 luisse

154 3096 268 3160 corpus
297 3081 487 3155 emortuum,
516 3077 665 3160 quoniam
693 3096 754 3141 non
783 3096 819 3141 er
848 3078 933 3142 omni
959 3077 1087 3155 femina,
1116 3078 1167 3141 cui
1197 3076 1299 3140 adbuc

116 3204 139 3245 ra
155 3189 241 3248 essct
264 3183 393 3267 aliquod
415 3184 557 3267 pariendi
580 3188 706 3266 tempus
731 3186 915 3261 extremum,
940 3202 1088 3267 generare
1107 3182 1175 3265 ipse
1195 3182 1225 3245 in
1244 3182 1300 3246 illa

154 3293 258 3355 aetate
281 3290 384 3355 adhuc
406 3292 527 3372 posset.
550 3290 600 3354 Ad
623 3290 743 3373 aliquid
768 3289 852 3352 enim
876 3294 1055 3354 emortuum
1076 3309 1189 3373 corpus
1209 3288 1300 3352 intel-

152 3396 260 3480 legere
288 3397 451 3475 debemus,
483 3416 545 3461 non
575 3396 614 3460 ad
642 3397 754 3460 omnia.
782 3396 864 3460 Nam
894 3397 920 3459 si
945 3396 984 3459 ad
1013 3396 1126 3477 omnia,
1151 3415 1212 3460 non
1236 3396 1300 3459 iarn

152 3508 304 3568 senectus
335 3505 415 3583 uiui,
449 3504 506 3568 scd
538 3503 672 3569 cadauer
703 3506 753 3568 est
783 3504 911 3569 mortui.
945 3501 1099 3582 Quamuis
1129 3504 1224 3566 etiarn
1254 3504 1300 3567 sic

151 3610 238 3675 solui
277 3612 377 3675 soleat
407 3612 471 3675 ista
503 3610 657 3692 quaestio,
695 3610 779 3692 quod
818 3610 855 3674 de
889 3609 1017 3674 Cettura
1049 3613 1160 3691 postea
1192 3606 1303 3693 genuit

244 3854 283 3907 13
299 3853 381 3908 Hebr.
402 3855 443 3915 11,
465 3854 496 3906 11
553 3854 587 3907 23
606 3852 682 3905 Rom.
701 3853 727 3917 4,
748 3854 781 3906 19

185 3981 204 4033 4
222 3996 279 4033 nos
298 3996 376 4033 soso
496 3976 844 4044 uocauimus,(uocabimus
869 3977 905 4044 V)
927 3974 1005 4029 codd.
1022 3980 1134 4044 praeter
1153 3993 1181 4044 p,-
1200 3990 1299 4041 cogno·

149 4069 282 4140 nimusp
359 4068 415 4121 iarn
433 4084 521 4136 onap
610 4065 846 4119 5uocabanture
935 4064 1105 4118 8Abraham
1126 4079 1177 4117 om.
1202 4061 1300 4131 Vepp

153 4159 185 4211 10
205 4159 341 4227 agiunte
396 4158 583 4225 1211111111)
639 4158 672 4208 14
691 4155 846 4223 ademiss]
866 4156 895 4207 in
915 4152 1121 4223 conceptioueb
1179 4153 1210 4205 15
1230 4152 1301 4204 enirn

147 4248 443 4317 promb.,·autem
468 4246 673 4314 Vobeppuo
781 4245 814 4297 16
835 4245 950 4297 etiamc
1056 4240 1302 4309 2111111111,-

151 4342 249 4391 cetura
270 4352 301 4401 e;
318 4336 427 4389 cethura
445 4352 463 4387 a
474 4335 542 4401 bpo
597 4334 632 4386 24
651 4336 724 4387 esset
742 4331 829 4386 adhuc
848 4350 863 4386 o

176 4463 265 4503 XXXX
282 4462 340 4509 Aug.
356 4471 425 4510 epora
438 4460 513 4502 Seruo
525 4460 546 4500 V
557 4469 611 4509 pars
626 4460 658 4498 11.
1233 4432 1265 4485 12
