3192 4959
348 456 399 510 De
427 454 602 509 ciuitate
630 455 691 510 dei
719 455 784 510 lib.
813 457 869 511 XX.
899 475 973 528 cap.
1002 459 1045 514 28.
1075 461 1117 513 29.
1245 464 1310 527 503

161 669 257 732 paene
292 653 468 715 commotos
501 650 579 714 dioit
610 651 712 716 fuisse
744 652 841 734 pedes
870 671 945 717 suos
974 659 1006 718 et
1034 655 1151 720 effusos
1181 675 1310 740 gressus

161 776 248 833 suos,
277 756 390 837 utique
416 758 449 821 in
477 757 616 839 lapsum,
645 759 720 839 qnia
743 759 860 822 aelauit
882 760 913 822 in
939 762 1169 843 peecatoribus,
1198 781 1310 845 paoem

160 865 363 946 peecatorum
392 863 533 939 intuens3
564 864 610 928 ita
637 868 674 928 ut
700 866 783 928 inter
812 869 915 930 cetera
938 866 1070 932 diceret:
1100 866 1309 947 Quomodo

160 970 279 1042 seiuit
311 969 423 1043 Deus,
457 972 494 1033 et
527 970 558 1034 si
592 973 651 1034 est
683 970 848 1034 seientia
878 971 913 1035 in
937 972 1161 1040 AltissimoP
1191 975 1310 1040 diceret

130 1077 274 1140 setiam:
311 1075 502 1158 Numquid
536 1095 629 1140 uano
662 1077 880 1141 iustisioaui
914 1097 976 1143 eor
1008 1099 1127 1143 meum
1163 1084 1199 1144 et
1231 1080 1309 1144 lani

158 1183 193 1246 in
226 1183 493 1247 innocentibus
525 1202 655 1247 manus
687 1188 810 1248 meas?
845 1184 888 1250 Ut
921 1189 1028 1250 autern
1057 1188 1196 1250 solueret
1229 1186 1309 1250 hano

158 1287 379 1352 difficillimam
411 1290 640 1370 quaestionem,
674 1309 754 1372 quae
785 1289 832 1367 fit,
862 1310 935 1355 eum
963 1292 1113 1356 uidentur
1140 1293 1215 1357 honi
1240 1311 1309 1357 esse

157 1395 267 1459 miseri
299 1397 332 1458 et
362 1395 473 1459 feliees
504 1396 597 1460 mali:
629 1397 719 1472 Hoc,
750 1396 865 1477 inquit,
899 1397 1006 1462 labor
1038 1401 1096 1464 est
1129 1403 1214 1464 ante
1242 1419 1308 1474 me,

158 1501 275 1565 donee
302 1501 487 1566 introeam
512 1502 550 1566 iu
581 1503 840 1567 sanctuarium
865 1505 933 1568 Dei
963 1509 998 1569 et
1025 1506 1248 1590 intellegam
1272 1506 1308 1570 in

119 1608 379 1673 ionouissima.
412 1608 534 1673 Indicio
568 1609 687 1708 qulam
714 1609 892 1674 nouissimo
920 1629 981 1676 uon
1011 1612 1056 1676 sio
1086 1613 1157 1688 erit3
1192 1613 1248 1677 sed
1276 1613 1307 1676 in

157 1721 268 1797 aperta
293 1715 475 1796 iniquorum
502 1716 633 1780 miseria
660 1719 693 1780 et
720 1719 828 1799 aperta
851 1716 1005 1782 sehoitate
1033 1719 1191 1783 iustorum
1213 1719 1309 1802 Iunge

158 1840 253 1903 qnam
277 1839 360 1884 nune
384 1823 435 1884 est
457 1821 545 1885 aliud
568 1822 742 1904 apparebit.

570 2013 708 2079 CAPUT
730 2014 895 2079 XXVIIII.

156 2154 210 2217 De
235 2153 403 2218 aduentu
422 2153 556 2219 Heliae
577 2158 660 2219 ante
678 2155 874 2234 iudicium,
896 2156 1002 2221 euius
1022 2159 1308 2240 praedieatione

116 2289 139 2329 u
158 2261 437 2343 seripturarum
471 2264 620 2325 secreta
649 2265 844 2326 reserante
873 2263 1006 2328 Iudaei
1036 2268 1308 2330 conuertentnr

598 2369 640 2432 ad
666 2367 869 2434 Christum.

201 2509 284 2575 Cum
308 2514 414 2573 antem
437 2509 666 2587 admonuisset,
690 2513 727 2574 ut
745 2489 968 2574 meminissent
990 2511 1072 2594 legis
1092 2511 1197 2594 Moysi
1218 2511 1308 2596 (quo-

155 2617 242 2681 niam
265 2615 473 2696 praeuidebat
502 2635 556 2680 eos
584 2617 687 2680 multo
712 2615 815 2680 adhue
839 2619 981 2699 ternpore
1004 2637 1064 2682 non
1089 2637 1158 2682 earn
1183 2618 1307 2701 spirita-

154 2724 239 2800 liter,
263 2722 350 2786 sieut
368 2725 558 2804 oportuerat,
579 2721 791 2808 accepturos),
813 2723 960 2788 continno
981 2723 1138 2788 subiecti?
1157 2725 1306 2790 haecce

113 2855 139 2896 ao
156 2850 225 2914 ego
249 2829 398 2893 mittam
422 2829 532 2892 uobis
553 2829 700 2893 Heliam
721 2829 938 2906 Thesbiten,
959 2834 1158 2912 antequam
1177 2832 1307 2896 ueniat

157 2936 237 3001 dies
271 2935 421 3000 Domini
449 2954 606 3018 magnus
636 2938 673 3000 et
700 2935 889 3013 inlustris
925 2936 987 3018 qui
1017 2940 1217 3002 conuertet
1246 2957 1307 3002 eor

154 3043 276 3126 patris
310 3042 354 3106 ad
386 3042 512 3106 fllium
541 3044 577 3106 et
600 3061 662 3106 eor·
688 3043 851 3106 hominis
881 3043 924 3106 ad
953 3045 1162 3125 proximum
1187 3065 1305 3123 suurn,

154 3169 197 3214 ne
225 3151 326 3214 forte
354 3149 511 3213 ueniens
539 3149 750 3231 percutiam
779 3155 914 3214 terram
943 3151 1104 3232 penitus.
1134 3151 1194 3215 Per
1222 3151 1306 3216 hune

154 3257 282 3322 Heliam
309 3276 461 3340 maguum
488 3255 730 3337 mtrabilemqns
757 3257 946 3338 prophetam
976 3257 1117 3339 exposita
1146 3257 1206 3322 sibi
1235 3258 1304 3341 lege

109 3387 136 3426 rs
155 3364 270 3428 ultimo
303 3367 445 3446 ternpore
478 3366 550 3426 ante
582 3363 737 3427 iudicium
769 3363 904 3426 Iudaeos
934 3363 965 3426 in
991 3363 1154 3428 Christum
1183 3385 1304 3440 uerum,

98 3535 101 3540 ,
153 3469 186 3532 id
219 3471 269 3533 est
300 3470 333 3532 in
367 3467 528 3534 Christum
557 3471 712 3545 nostrum,
746 3488 816 3532 esse
846 3468 1034 3545 credituros,
1063 3470 1304 3534 celeberrimum

155 3580 205 3640 est
241 3575 274 3638 in
312 3575 512 3638 sermonibus
546 3574 758 3656 cordibusque
791 3575 944 3640 fidelium.
977 3576 1048 3658 Ipse
1083 3577 1200 3659 quippe
1233 3579 1304 3640 ante

243 3779 324 3834 31³³.
345 3782 387 3844 72,
409 3781 439 3834 ll
461 3797 520 3849 sqq.
577 3781 610 3833 19
628 3781 693 3834 Mal.
712 3783 738 3843 4,
758 3784 775 3834 b
794 3797 834 3850 sq.

189 3907 288 3958 ‘Ianos
307 3921 358 3958 om.
378 3904 419 3958 be
503 3904 635 3959 3nidens
653 3905 763 3958 intuens
776 3923 799 3974 p
885 3907 949 3959 lin
970 3907 1074 3959 excelso
1089 3923 1110 3974 p
1197 3910 1301 3961 buono

153 4011 244 4063 eqpp
271 3993 387 4060 Dnmb.;
414 3994 441 4046 in
468 4010 539 4047 uano
569 3994 629 4061 ab,·
656 4010 724 4047 naue
751 4011 767 4048 o
881 3998 897 4049 6
927 3996 954 4047 in
982 3995 1171 4048 innocentibus
1200 4011 1303 4064 eope,-

152 4083 225 4136 inter
248 4081 440 4136 innocentibus
466 4093 497 4149 ά;
520 4083 592 4136 inter
619 4084 777 4136 innocentes
804 4084 873 4154 abp
901 4083 1000 4137 Dorrrb.
1091 4085 1108 4137 9
1135 4085 1233 4137 intrem
1259 4085 1274 4138 b
1281 4101 1302 4152 p

155 4173 188 4224 15
206 4171 342 4240 scriptura
359 4177 496 4224 reserante
513 4188 531 4239 9
548 4177 574 4223 et
591 4173 609 4238 f
623 4173 680 4224 uisi
698 4173 772 4241 quod
790 4173 802 4224 s
810 4173 843 4225 rse
864 4176 926 4225 ante
945 4171 1027 4226 babet
1083 4173 1115 4225 19
1135 4173 1170 4226 Et
1188 4189 1240 4227 om.
1260 4190 1303 4242 oq

151 4261 187 4315 20
204 4259 322 4314 mittob
395 4260 494 4313 heliam
516 4261 677 4329 eorunm
696 4261 787 4314 helian
809 4281 821 4330 ρ
840 4260 954 4327 Domb.‚·
973 4260 1094 4316 Eliamv
1185 4263 1217 4315 21
1239 4279 1301 4316 con-

152 4350 269 4417 uertitp
326 4348 632 4418 2211111111111011191
