3192 4959
1280 204 1322 229 χ-
1345 243 1350 249 ι

326 456 379 509 ne
406 455 579 509 crustata
607 454 670 511 aas
696 456 761 509 rra.
789 456 874 511 nvn.
905 472 978 527 cap.
1007 458 1032 511 4.
1061 461 1086 513 a.
1124 442 1131 459 ‘
1219 462 1280 525 221

139 670 204 722 me,
220 656 431 733 spernetur.
447 652 541 717 iicce
559 652 638 716 dies
653 653 822 729 ueniunt,
838 658 875 716 et
890 653 1143 719 exterminabo
1158 674 1283 719 semen

140 763 245 822 tuum
278 763 315 823 et
353 778 476 823 semen
510 758 639 823 demus
677 759 797 841 patris
832 760 899 837 tui,
934 764 970 825 et
1002 779 1071 825 non
1105 762 1180 825 erit
1213 762 1284 826 tibi

140 864 267 929 senior
294 866 330 931 in
355 866 460 930 domn
484 886 564 931 mea
587 866 756 931 omnibus
788 866 932 945 diebus,
964 870 1000 932 et
1023 868 1144 932 niniam
1170 872 1284 933 exter·

140 972 287 1036 minabo
315 972 387 1036 tibi
416 972 457 1036 ab
488 972 601 1037 altari
629 991 720 1051 mee,
743 977 786 1037 ut
810 972 994 1038 deficiant
1017 974 1118 1038 oculi
1143 975 1225 1038 eius
1250 978 1287 1037 et

113 1078 289 1143 edeflnat
316 1078 439 1143 anima
467 1078 563 1154 eius;
595 1082 632 1142 at
659 1080 778 1143 omnis
803 1078 866 1161 qui
890 1081 1131 1162 superauerit
1154 1080 1284 1144 domus

139 1190 238 1261 tuae,
263 1186 439 1250 decident
462 1186 497 1250 in
521 1186 647 1270 gladic
672 1186 847 1251 uirorum.
873 1187 918 1250 Et
941 1184 1009 1251 boc
1032 1187 1106 1250 tibi
1126 1188 1283 1271 signum.

140 1293 238 1373 quod
275 1293 407 1357 ueniet
442 1312 555 1376 super
592 1284 684 1357 daics
716 1293 823 1357 filios
856 1297 942 1358 tuos
975 1294 1054 1371 hos,
1092 1292 1213 1376 Ophni
1248 1297 1286 1359 et

139 1398 318 1464 Phineos:
347 1417 421 1463 una
450 1399 509 1463 die
531 1400 740 1464 morientur
763 1401 879 1463 ambo.
903 1398 949 1463 Et
972 1400 1169 1465 suscitabo
1195 1400 1285 1464 mihi

141 1504 375 1571 sacerdotem
401 1506 567 1583 fidelem,
591 1506 654 1589 qui
679 1505 810 1583 emnia,
837 1525 928 1588 quae
953 1506 989 1571 in
1013 1506 1122 1571 corde
1146 1526 1224 1571 meo
1250 1512 1287 1571 et

105 1630 233 1693 requae
267 1613 304 1676 in
337 1613 459 1677 anima
490 1633 579 1691 mea,
612 1613 744 1685 faci-am
777 1617 815 1677 et
842 1612 1054 1678 aedificabo
1079 1614 1112 1677 ei
1137 1614 1283 1678 domum

142 1718 307 1793 fidelem,
350 1724 388 1783 et
422 1720 605 1784 transibit
641 1739 764 1785 ceram
803 1719 954 1785 Christo
996 1740 1075 1785 mec
1114 1720 1284 1784 omnibus

144 1826 287 1890 diebus.
315 1827 362 1891 Et
389 1826 471 1902 enit,
500 1828 563 1909 qui
592 1826 833 1909 superauerit
861 1828 897 1890 in
926 1826 1033 1891 domo
1058 1830 1134 1903 tua,
1159 1826 1288 1891 ueniet

144 1933 297 1997 adorare
331 1933 364 1996 ei
398 1933 507 1998 cbolc
540 1934 687 2018 argenti
720 1934 865 1999 dicens:
898 1934 1002 1998 lacta
1030 1952 1084 1998 me
1112 1934 1148 1998 in
1178 1954 1285 1998 unam

145 2044 286 2122 partem
310 2041 519 2105 sacerdotii
541 2042 599 2105 tui
622 2043 846 2107 manducare
871 2062 1009 2125 panem.

105 2171 129 2209 a
185 2147 257 2213 Non
290 2151 342 2212 est
372 2150 410 2211 ut
441 2148 565 2213 dicatur
595 2149 659 2213 ista
689 2149 866 2233 prophetia,
889 2149 945 2215 ubi
974 2148 1141 2215 sacerdotii
1168 2148 1287 2213 ueteris

145 2258 232 2318 tanta
266 2256 522 2320 manifestatione
557 2259 778 2338 praenuntiata
810 2258 944 2322 mutatio
978 2260 1037 2333 est,
1074 2256 1106 2320 in
1140 2255 1287 2321 Samuele

144 2362 244 2426 inisse
277 2361 432 2444 conpleta.
464 2359 676 2446 (Quamquam
709 2364 792 2427 enim
827 2382 886 2427 non
921 2366 1007 2427 esset
1038 2361 1076 2426 de
1109 2362 1171 2426 alia
1202 2362 1287 2425 tribu

146 2468 283 2545 Samuel,
312 2486 407 2549 quam
436 2487 514 2549 quae
543 2469 847 2535 constitutarum
874 2490 892 2534 a
919 2462 1068 2543 Domino,¹
1095 2472 1131 2533 nt
1154 2468 1288 2533 seruiret

145 2575 246 2649 altari,
274 2578 378 2639 tamen
402 2595 463 2641 nnn
487 2579 554 2639 eret
577 2576 615 2640 de
638 2576 713 2641 filiis
736 2578 850 2653 Aaron,
881 2576 972 2641 arrius
996 2576 1162 2659 progenies
1187 2576 1290 2639 fuerat

104 2706 129 2744 n
146 2681 307 2763 deputata,
340 2682 424 2746 unde
450 2682 562 2747 fierent
588 2683 782 2759 sacerdotem
812 2702 848 2747 ac
877 2703 932 2766 per
959 2682 1019 2747 hcc
1047 2683 1078 2747 in
1104 2700 1139 2745 ea
1163 2701 1289 2764 quoque

144 2806 177 2851 re
211 2792 301 2871 gesta
332 2788 441 2852 eadem
476 2788 610 2854 mutatio
639 2782 729 2871 ¹quae
760 2809 816 2872 per
848 2790 1010 2855 Christum
1043 2790 1149 2853 Iesum
1181 2788 1291 2852 futura

145 2894 258 2971 fuerat,
295 2895 482 2959 adumbrata
518 2902 576 2973 est,
614 2900 647 2959 et
682 2896 722 2959 ad
758 2900 852 2961 uetus
890 2900 1116 2961 testamentum
1153 2895 1288 2977 proprie,

144 3000 278 3084 figurate
303 3021 378 3067 uere
402 3002 581 3085 pertinebat
602 3002 642 3067 ad
666 3021 782 3067 nouum
809 3002 974 3086 prophetia
997 3002 1074 3067 iacti
1093 3002 1188 3066 etiam
1208 3002 1288 3083 ipsa,

144 3127 206 3171 nnn
241 3108 338 3185 uerbi,
372 3109 405 3173 id
433 3110 558 3173 scilicet
583 3109 668 3173 facto
697 3108 889 3192 significans,
919 3109 1003 3191 quod
1031 3109 1127 3173 uerbo
1153 3108 1191 3171 ad
1215 3107 1295 3171 Heli

104 3236 129 3275 as
145 3214 341 3279 sacerdotem
372 3216 493 3280 dictum
521 3220 571 3280 est
597 3234 653 3296 per
679 3214 888 3301 prophetam.)
917 3216 998 3279 Nam
1027 3216 1155 3279 fuerunt
1177 3218 1290 3295 postea

145 3321 325 3386 sacerdotes
350 3341 387 3386 er
410 3340 523 3405 genere
546 3324 661 3398 Aaron,
681 3322 766 3386 sicut
784 3321 887 3387 Sadcc
907 3324 939 3385 et
957 3321 1118 3400 Abiathar,
1139 3324 1289 3404 regnante

146 3428 260 3507 Dauid,
288 3432 322 3493 et
349 3428 403 3493 alii
432 3428 590 3512 deinceps,
619 3433 787 3512 antequam
816 3433 943 3513 tempus
967 3430 1099 3506 ueniret,
1130 3446 1192 3511 quc
1215 3428 1288 3501 ista,

147 3554 229 3616 quae
246 3535 292 3599 -de
320 3535 497 3600 sacerdotia
523 3536 674 3601 mutando
699 3540 786 3601 tante
812 3539 883 3601 ante
907 3536 1067 3619 praedicta
1090 3538 1176 3611 sunt,
1205 3533 1288 3599 effici

239 3796 271 3849 26
287 3796 355 3865 Reg.
375 3794 413 3857 ΙΙ,
434 3796 475 3861 15,
494 3797 529 3849 24

184 3920 329 3973 lnenient
347 3918 374 3974 e²
466 3920 592 3973 iseninr
609 3919 694 3973 tibia
789 3918 968 3973 3domnmea
984 3936 1002 3988 ρ
1099 3920 1225 3971 bomncs
1246 3934 1291 3986 aq

147 4009 302 4078 sentierunt
319 4008 410 4063 domui
429 4026 448 4062 a
507 4010 525 4063 6
544 4007 670 4062 decident
689 4008 827 4077 αόρρρῆ·
846 4008 954 4062 decidet
974 4022 1038 4075 apa
1102 4007 1117 4059 7
1137 4006 1186 4059 hos
1205 4022 1256 4059 cm.
1277 4022 1291 4057 c

147 4100 163 4151 9
183 4102 369 4165 quaerente
442 4098 474 4152 12
494 4096 565 4153 dieb.
585 4114 655 4153 omn.
675 4114 689 4150 c
771 4098 803 4150 17
824 4096 894 4149 enirn
915 4096 952 4150 sit
971 4096 1068 4149 cnriaao
1088 4112 1141 4147 non
1161 4094 1176 4145 b
1196 4095 1243 4159 (sit
1259 4094 1291 4146 in

149 4191 228 4253 rw),
248 4203 268 4235 α
319 4187 351 4240 18
369 4186 461 4256 qnam]
480 4202 535 4241 non
553 4185 587 4239 dc
605 4185 678 4239 tribu
698 4186 753 4239 leui
772 4186 817 4237 ba
873 4186 905 4239 19
924 4188 1014 4238 tamen
1031 4200 1083 4237 non
1099 4184 1167 4251 erat]
1187 4186 1215 4236 et
1229 4181 1289 4235 ideo

149 4292 198 4330 nec
217 4294 237 4327 α
296 4275 431 4344 baarnny
483 4277 518 4329 20
537 4275 701 4344 depatatay
762 4291 793 4328 ac
812 4290 859 4344 par
878 4273 938 4343 hoc]
959 4276 1051 4327 tamen
1071 4290 1088 4323 α
1141 4274 1176 4325 24
1195 4286 1292 4325 uerae

149 4364 221 4431 aliq
277 4364 309 4417 26
328 4363 433 4418 Sadocb
454 4363 557 4417 ab²cv
