3192 4959
317 469 371 523 De
397 468 572 522 ciuitate
601 469 663 521 dei
691 469 756 524 lib.
784 469 856 521 XXI.
887 485 961 538 cap.
993 467 1106 522 19-21.
1225 469 1289 533 553

138 665 259 741 mente,
290 663 346 728 scd
377 684 410 727 re
442 665 513 746 ipsa
545 663 819 728 manducauerunt
852 683 967 745 cerpus
1001 663 1129 745 Christi,
1159 663 1189 726 in
1219 663 1289 744 ipse

139 771 210 835 eius
235 790 364 853 corpere
388 771 566 848 constituti,
587 771 625 833 de
650 789 712 851 qne
737 771 815 835 dicit
838 772 1017 854 apestolus:
1043 769 1146 834 Unus
1170 770 1289 851 panis,

138 897 253 943 unum
277 897 411 961 eorpus
435 877 548 942 multi
573 896 717 950 sumus3
742 881 788 955 nt,
811 878 937 942 etiamsi
961 881 1071 960 postea
1094 877 1125 940 in
1151 877 1289 958 aliquam

138 985 296 1048 haeresim
328 987 381 1048 uel
415 986 511 1048 etiem
548 985 580 1047 in
619 984 787 1066 gentilium
824 983 1004 1048 idolatriam
1042 983 1125 1064 lapsi
1161 983 1289 1058 fuerint,

107 1095 265 1156 stantum
299 1093 373 1173 quia
400 1092 431 1155 in
461 1111 590 1174 corpore
615 1091 744 1168 Christi,
769 1091 802 1155 id
827 1095 876 1154 est
903 1091 933 1154 in
964 1091 1120 1155 catholica
1145 1089 1289 1166 ecelesia,

139 1202 325 1262 sumserunt
343 1199 537 1280 baptismum
555 1196 672 1261 Christi
692 1199 724 1260 et
742 1197 1013 1260 manducauerunt
1032 1215 1145 1278 cerpus
1162 1194 1289 1272 Christi,

138 1325 200 1369 nen
220 1305 397 1369 moriantur
414 1305 445 1368 in
465 1307 638 1376 aeternum,
654 1302 710 1366 sed
728 1302 828 1367 uitam
849 1301 1037 1384 quandoque
1058 1303 1291 1384 consequantur

139 1415 314 1486 aeternam
339 1411 441 1493 adque
465 1411 521 1474 illa
545 1411 647 1474 omnis
670 1410 818 1491 inpietas,
839 1413 956 1490 quante
980 1409 1080 1472 maier
1103 1407 1209 1481 fuerit,
1230 1426 1289 1470 nen

139 1519 186 1582 eis
216 1517 322 1582 ualeat
350 1518 388 1581 ad
416 1518 645 1591 aeternitatem,
674 1516 730 1580 sed
758 1516 796 1579 ad
827 1515 1066 1580 diuturnitatem
1100 1513 1290 1598 magnitudi-

98 1645 122 1684 ιο
140 1644 278 1706 nemque
301 1643 485 1706 poenarum.
553 1694 555 1699 ,

594 1817 730 1882 CAPUT
754 1817 840 1883 XXI.

139 1961 191 2024 De
231 1959 300 2038 his,
339 1960 401 2042 qui
439 1979 512 2037 ees,
546 1958 608 2039 qui
646 1963 864 2042 permanent
900 1960 935 2024 in
975 1960 1164 2025 catholica
1201 1957 1288 2036 fide,

141 2068 294 2132 etiamsi
327 2066 493 2149 pessime
526 2066 691 2130 uixerint
724 2072 760 2130 et
793 2067 836 2130 eh
874 2068 941 2131 hec
979 2069 1035 2132 uri
1073 2065 1288 2142 meruerint,

180 2179 304 2238 tamen
330 2177 484 2256 prepter
507 2173 601 2236 fidei
625 2173 909 2237 fundamentum
936 2174 1139 2238 saluandns
1165 2192 1248 2237 esse

95 2313 123 2353 η
321 2277 325 2284 ’
616 2278 816 2342 definiunt.

186 2423 270 2488 Sunt
293 2424 410 2499 autem,
435 2422 488 2502 qui
511 2424 641 2504 prepter
662 2420 695 2482 id
720 2421 803 2502 qued
833 2421 986 2503 scriptum
1012 2424 1074 2484 est:
1110 2420 1180 2500 Qui
1212 2441 1288 2503 per-

142 2529 381 2594 seuerauerit
409 2547 528 2609 usque
556 2527 593 2590 in
622 2527 747 2603 finem,
777 2528 836 2590 hic
866 2528 996 2591 saluus
1027 2527 1109 2604 erit,
1139 2547 1198 2591 nen
1227 2529 1288 2594 nisi

141 2639 171 2700 in
205 2636 343 2700 ecclesia
375 2634 532 2699 catholica
563 2634 851 2716 perseuerantibus,
887 2633 1032 2714 quamuis
1065 2634 1096 2697 in
1135 2654 1170 2698 ea
1208 2639 1289 2700 male

141 2743 338 2820 uiuentibus,
369 2741 430 2805 hec
466 2740 668 2822 premittunt,
704 2759 759 2820 per
794 2740 900 2822 iguem
938 2739 1090 2804 uidelicet
1127 2741 1288 2806 saluandis

94 2851 253 2914 mmeritc
287 2847 494 2925 fundamenti,
528 2847 566 2909 de
600 2866 662 2928 que
696 2846 741 2910 ait
774 2846 953 2928 apestolus:
991 2846 1287 2916 Fundamentum

143 2957 239 3021 enim
269 2954 372 3018 aliud
400 2971 505 3017 neme
533 2955 663 3034 petest
690 2973 826 3036 ponere
855 2957 1005 3034 praeter
1033 2953 1078 3032 id,
1105 2954 1201 3034 qued
1230 2975 1288 3038 pe-

141 3064 257 3128 situm
293 3065 360 3137 est,
389 3059 486 3141 qued
519 3063 579 3124 est
611 3059 786 3124 Christus
820 3061 939 3124 lesus.
974 3059 1011 3124 Si
1046 3061 1129 3142 quis
1164 3065 1287 3126 autem

141 3169 325 3233 aedificat
352 3186 466 3249 super
493 3165 776 3230 fundamentum
803 3185 941 3243 aurum,
967 3172 1173 3250 argentum,
1198 3169 1289 3252 lapi-

140 3277 205 3340 des
230 3275 431 3357 pretiosos,
455 3274 571 3356 ligna,
595 3274 731 3350 fenum,
757 3274 955 3354 stipulam:
983 3274 1287 3356 uniuscuiusque

92 3413 121 3451 κο
141 3403 236 3466 opus
265 3380 590 3455 manifestabitur3
625 3379 706 3443 dies
738 3381 834 3443 enim
863 3379 1084 3458 declarabit,
1114 3381 1287 3462 queniam

138 3491 175 3554 in
203 3491 294 3572 igne
321 3487 568 3561 reuelahitur,
595 3490 631 3550 et
654 3486 957 3569 uniuscuiusque
983 3505 1077 3570 opus
1102 3486 1212 3570 quale
1238 3487 1289 3550 sit

138 3597 242 3681 ignis
265 3595 451 3678 prebebit.
477 3592 514 3658 Si
535 3594 644 3658 cuius
664 3612 756 3674 epus
775 3595 1026 3674 permanserit
1046 3592 1141 3676 qued
1163 3611 1288 3676 super-

137 3701 381 3783 aedificauit,
406 3701 612 3765 mercedem
637 3699 811 3782 accipiet.
846 3700 883 3766 Si
912 3699 1021 3765 cuius
1047 3703 1169 3764 nutem
1195 3719 1287 3782 epus

138 3809 290 3887 arserit,
324 3809 493 3872 damnum
531 3808 715 3890 patietur3
753 3807 836 3889 ipse
874 3811 996 3871 autem
1036 3807 1166 3871 saluus
1206 3808 1287 3888 erit,

228 3982 246 4034 2
268 3983 290 4036 1.
312 3979 371 4034 Cer.
392 3981 433 4043 10,
456 3982 487 4034 17
546 3981 577 4035 16
596 3981 645 4034 nt.
664 3982 709 4046 24,
731 3981 762 4032 13
819 3981 853 4034 20
875 3980 897 4034 1.
920 3979 978 4034 Cer.
998 3983 1022 4047 3,
1044 3981 1074 4033 ll
1096 3997 1155 4050 sqq.

174 4109 190 4156 4
209 4104 367 4158 idolatriam
387 4104 544 4174 eheppp¹
556 4123 586 4171 u;
604 4103 787 4157 idololatrium
807 4121 823 4157 c
882 4106 898 4156 5
917 4104 943 4156 id
965 4107 1007 4156 est
1025 4122 1109 4173 usqrce
1129 4106 1167 4157 ud
1186 4105 1288 4159 Christi

138 4211 225 4248 onae
290 4195 323 4246 21
343 4193 372 4246 id
391 4211 478 4262 orep
544 4195 579 4247 23
599 4193 714 4262 suprad
786 4193 1076 4262 lundaruentumepp
1096 4193 1288 4261 Demh.,·luu·

139 4284 210 4340 dam.
228 4283 281 4336 hoc
301 4282 345 4335 ab
409 4283 444 4335 24
463 4283 564 4351 stipula
582 4301 600 4351 p
663 4283 697 4335 27
718 4281 896 4351 permanserit
916 4282 1037 4350 ccbcyp
1049 4299 1105 4349 nc;
1123 4284 1253 4336 nranserit
1273 4302 1286 4353 ρ

137 4372 238 4428 Donet.
293 4372 328 4424 28
348 4387 415 4440 epus
434 4375 524 4423 autem
545 4371 585 4425 he
