3192 4959
350 453 399 506 De
427 452 599 506 ciuitate
627 451 780 505 deilib.
809 450 1068 520 xl111.cap.18.
1237 452 1279 513 41

140 646 215 727 quod
242 648 314 712 eius
338 648 479 713 ciuitatis
503 647 589 711 nulla
607 648 656 713 lex
675 646 827 723 uindicat,
852 647 975 713 deuitat
993 652 1098 711 tamen
1117 645 1281 728 publicum

141 753 229 817 etiarn
264 754 421 837 permissa
452 754 553 836 adque
585 752 729 837 inpunita
755 753 856 819 libido
885 756 1100 835 conspectum,
1135 754 1167 815 et
1194 770 1283 815 uere·

141 859 251 923 cundia
288 860 425 924 naturali
463 859 580 925 babent
615 860 780 942 prouisum
818 859 982 943 lupanaria
1018 858 1088 941 ipsa
1124 860 1283 922 secretum

140 966 328 1047 faciliusque
356 965 463 1049 potuit
485 966 672 1049 inpudicitia
695 986 755 1033 uon
780 967 896 1032 habere
918 966 1025 1030 uincla
1047 964 1282 1047 prohibitionis,

114 1092 230 1154 squam
257 1074 443 1155 inpudentia
464 1092 626 1139 remouere
649 1073 785 1137 latibula
807 1073 896 1137 illius
919 1071 1093 1137 foeditatis.
1118 1069 1181 1135 Sed
1203 1069 1283 1133 banc

140 1179 230 1243 etiam
260 1178 324 1261 ipsi
351 1183 459 1263 turpes
488 1180 719 1264 turpitudinem
742 1184 870 1255 uocant,
899 1179 991 1244 cuius
1014 1179 1092 1243 licet
1114 1177 1178 1242 sint
1201 1194 1284 1241 ama·

140 1290 230 1363 tores,
262 1288 471 1350 ostentatores
496 1304 650 1351 essenon
676 1284 802 1351 audent.
834 1285 940 1366 Quid?
964 1284 1152 1350 concubitus
1177 1283 1284 1348 coniu-

27 1450 29 1463 ,
142 1392 227 1475 galis,
268 1392 323 1475 qui
355 1392 530 1457 secundum
562 1394 845 1459 matrimonialium
877 1392 1072 1477 praescripta
1103 1390 1284 1454 tabularum

141 1498 400 1579 procreandorum
427 1498 464 1563 fit
492 1518 588 1564 causa
610 1501 792 1578 liberorum,
820 1517 921 1564 nonne
945 1498 1069 1579 etipse
1093 1513 1284 1578 quamquam

105 1628 124 1663 n
141 1606 180 1667 sit
199 1604 313 1669 licitus
337 1610 369 1670 et
392 1606 556 1683 honestus,
580 1612 735 1672 remotum
761 1608 800 1671 ab
824 1606 949 1671 arbitris
975 1604 1080 1669 cubile
1105 1600 1284 1683 conquirit?

142 1710 249 1775 Nonne
282 1730 392 1777 onmes
429 1712 566 1779 famulos
605 1714 705 1799 adque
737 1714 825 1797 ipsos
859 1712 954 1777 etiam
987 1708 1219 1793 paranymphos
1253 1710 1285 1771 et

142 1836 356 1900 quoscumque
391 1818 515 1903 ingredi
549 1819 710 1902 quaelibet
741 1819 944 1884 necessitudo
977 1817 1174 1901 permiserat,
1212 1818 1284 1877 ante

142 1924 238 1987 mittit
269 1924 365 1997 foras,
399 1944 494 2007 quam
522 1927 574 1991 ucl
602 1926 737 1991 blandiri
767 1928 878 1991 coniux
908 1924 1035 2009 coniugi
1059 1922 1212 2005 incipiat?
1243 1920 1286 1984 uc

142 2030 296 2111 quoniam,
330 2032 414 2097 sicut
446 2031 491 2096 ait
524 2034 619 2097 etiam
652 2034 780 2115 quidam
814 2032 954 2097 ‘Romani
989 2030 1145 2095 maximus
1176 2031 1286 2092 auctor

106 2156 127 2195 u
143 2138 277 2220 eloquii',
302 2136 406 2202 omnia
428 2144 513 2203 recte
536 2138 620 2203 facta
643 2140 675 2203 in
699 2140 770 2205 luce
795 2157 829 2203 se
854 2138 1009 2203 conlocari
1031 2137 1155 2211 uolunt,
1179 2134 1212 2197 id
1236 2136 1286 2197 eet

144 2244 293 2325 adpetunt
320 2244 408 2308 sciri:
437 2245 497 2309 boc
525 2249 611 2309 recte
639 2245 758 2309 factum
788 2246 835 2310 sic
860 2244 983 2327 adpetit
1006 2242 1090 2319 sciri,
1119 2246 1156 2305 ut
1178 2244 1283 2305 tamen

144 2350 306 2414 erubescat
333 2350 445 2415 uideri.
475 2346 554 2429 Quis
583 2350 665 2414 enim
690 2350 803 2429 nescit,
831 2350 949 2414 attilii
972 2352 1183 2433 procreentur,
1209 2345 1284 2428 quid

144 2454 221 2519 iuter
247 2476 281 2521 se
311 2456 463 2541 coniuges
492 2461 607 2541 agant?
632 2456 754 2540 quondo
781 2456 909 2539 quidem
932 2460 970 2522 ut
991 2456 1023 2521 id
1048 2460 1169 2539 agatur,
1197 2455 1287 2517 tanta

145 2560 322 2627 celebritate
353 2562 513 2627 ducuntur
539 2582 667 2638 uxores3
697 2566 729 2627 et
752 2566 857 2626 tumen
881 2582 953 2627 cum
978 2562 1094 2645 agitur,
1122 2560 1203 2624 unde
1227 2558 1285 2622 tilii

109 2671 319 2747 enascantur,
352 2688 409 2734 nec
442 2670 504 2753 ipsi
538 2670 604 2745 tilii,
638 2670 665 2734 si
699 2669 752 2753 qui
779 2670 853 2733 inde
880 2669 943 2733 iam
973 2668 1037 2732 nati
1067 2669 1152 2744 sunt,
1185 2668 1285 2730 testes

146 2772 209 2837 fieri
231 2775 467 2857 penuittuntur.
488 2774 540 2841 Sic
565 2776 647 2840 enim
671 2774 731 2839 hoc
755 2778 840 2839 recte
863 2775 981 2839 factum
1007 2773 1046 2837 ad
1069 2773 1120 2837 sui
1138 2771 1286 2837 notitiam

145 2878 243 2945 lucem
271 2880 395 2963 adpetit
422 2882 609 2959 animorum,
639 2884 675 2945 ut
697 2886 803 2945 tamen
828 2881 967 2964 refugiat
990 2883 1164 2944 oculorum.
1194 2876 1285 2943 Unde

146 2984 212 3063 hoc,
243 2988 306 3051 uisi
334 2987 409 3069 quia
442 2987 487 3051 sic
516 2988 636 3071 geritur
663 2986 748 3070 quod
778 2987 888 3052 deceat
916 3007 951 3052 er
974 2990 1095 3064 natura,
1128 2989 1166 3050 ut
1190 2984 1285 3048 etiam

148 3092 227 3172 quod
248 3093 368 3175 pudeat
391 3092 559 3158 comitetur
582 3112 617 3157 ex
641 3098 763 3177 poena?

233 3286 264 3339 14
282 3284 383 3339 Lucan.
401 3285 495 3339 Phara.
515 3284 574 3349 VII,
595 3284 629 3337 62
686 3286 718 3339 15
739 3282 792 3338 Cic.
813 3282 891 3338 Tusc,
910 3283 945 3348 II,
965 3284 1007 3345 26,
1027 3284 1062 3337 64

183 3408 322 3462 luincula
341 3426 358 3463 a
437 3408 470 3462 lo
490 3408 625 3477 conquirit
649 3408 719 3475 le
738 3407 853 3473 Domb.,·
870 3407 984 3475 requirit
1003 3406 1097 3460 abeo
1174 3405 1205 3458 11
1227 3407 1259 3458 ut
1278 3404 1288 3456 l

152 3496 183 3547 14
201 3496 278 3549 etiam
296 3497 368 3550 sicut
387 3495 497 3566 quidam
516 3494 589 3549 aitb
663 3495 744 3549 etiam
765 3512 851 3549 omo
907 3496 939 3548 15
958 3494 1050 3561 eloqui
1072 3493 1117 3546 Vl
1183 3492 1288 3546 rectal

151 3584 269 3673 lucemV
320 3622 355 3675 16
372 3598 434 3685 boc,
452 3621 484 3673 in
503 3636 586 3689 rnarp.
607 3596 721 3689 quode
812 3618 973 3672 ut..uideri
993 3634 1044 3671 ona.
1065 3616 1086 3671 2¹
1158 3618 1195 3671 24
1213 3632 1286 3670 corn·

152 3708 288 3762 mittiturl
