3192 4959
301 456 351 509 De
382 456 556 509 ciuitate
584 454 646 507 dei
673 453 737 509 lib.
765 452 866 507 XVIII.
895 470 970 523 eap.
1000 452 1042 508 36.
1071 452 1114 506 37.
1207 452 1270 515 327

119 654 161 716 iu'
184 651 233 734 eis
264 650 392 727 litteris,
426 668 506 732 quae
535 651 603 713 toto
632 647 706 712 orbe
734 650 908 723 manarent,
937 646 1121 729 prophetiae
1153 644 1270 709 flumen

121 759 237 840 erupit.
266 756 333 822 Soli
359 756 461 839 igitur
486 754 535 819 illi
564 754 707 836 theologi
735 756 858 835 poetae,
888 751 1044 834 Orpheus,
1069 752 1177 827 Linus,
1201 751 1272 814 Mu-

121 884 215 929 saeus
240 867 273 928 et
301 864 329 927 si
359 862 432 946 quis
463 862 544 925 alius
574 864 652 944 aput
675 858 813 924 Graecos
844 858 915 937 fuit,
944 858 993 922 his
1022 858 1183 941 prophetis
1210 857 1272 921 Ha·

119 971 235 1048 braeis‚
250 989 385 1053 quorum
400 968 518 1051 scripta
540 967 572 1032 iu
588 966 777 1031 auctoritate
792 966 957 1041 habemus,
974 965 1063 1028 annis
1074 964 1272 1047 reperiuntur

94 1078 252 1159 apriores,
276 1076 338 1142 Sed
362 1095 418 1140 neo
441 1073 504 1159 ipsi
531 1094 645 1138 uerum
667 1073 853 1157 theologum
878 1075 1021 1136 nostrum
1046 1072 1187 1153 Moysen,
1218 1069 1271 1152 qui

121 1204 219 1249 unum
248 1202 358 1247 uerum
388 1182 493 1247 Deum
519 1180 676 1245 ueraciter
697 1179 905 1263 praedicauit,
931 1178 1021 1243 ouius
1046 1196 1129 1242 nuno
1154 1176 1272 1260 scripta

122 1291 150 1354 in
180 1288 381 1354 auctoritatis
409 1307 527 1353 canone
554 1288 656 1371 prima
685 1289 769 1362 sunt,
797 1290 940 1368 ternpore
968 1286 1210 1368 praeuenerent
1235 1301 1271 1347 ao

121 1417 176 1479 per
202 1398 274 1465 hoe,
303 1398 456 1478 quantum
485 1393 524 1457 ad
553 1392 691 1458 Graecos
716 1392 846 1465 adtinet,
875 1392 905 1455 in
932 1411 993 1473 qua
1015 1391 1124 1473 lingua
1145 1390 1271 1453 litterae

121 1504 218 1567 huius
243 1501 363 1566 saeouli
381 1500 516 1564 maxime
535 1498 730 1574 ferbuerunt,
750 1499 830 1562 nihil
849 1498 966 1562 hubent
984 1496 1066 1561 undo
1085 1496 1271 1577 sapientiam

86 1634 106 1670 o
122 1629 212 1674 suam
240 1609 452 1689 iactentque
475 1606 628 1689 religione
652 1609 769 1681 nostra,
798 1606 853 1669 ubi
878 1624 953 1669 uera
982 1602 1136 1685 sapientia
1159 1606 1218 1675 est,
1243 1602 1271 1665 si

122 1736 181 1781 uon
211 1715 366 1797 superior,
395 1714 508 1778 saltem
536 1713 684 1777 uideatur
712 1712 879 1795 antiquior.
906 1711 1035 1787 Verum,
1064 1709 1148 1792 quod
1171 1708 1270 1772 lateu-

123 1823 196 1885 dum
226 1825 286 1898 est,
317 1839 376 1885 non
406 1819 534 1903 quidem
561 1820 592 1883 in
622 1818 764 1899 Graecia,
797 1820 854 1884 sed
881 1820 913 1884 in
942 1818 1081 1883 barbaris
1111 1816 1269 1899 gentibus,

123 1931 206 1993 sieut
231 1930 263 1992 in
287 1928 445 2011 Aegypto,
474 1927 538 1990 iam
561 1926 664 1991 fuerat
687 1930 759 1990 ante
783 1927 916 2009 Moysen
944 1923 1095 1989 nonnulla
1118 1922 1269 1999 doctrino,

124 2054 202 2117 quae
224 2035 354 2098 illorum
379 2033 533 2115 sapientia
556 2032 728 2108 dioeretur3
758 2033 896 2114 alioquin
921 2050 981 2095 non
1006 2031 1160 2112 scriptum
1185 2030 1271 2093 esset

85 2165 106 2201 u
123 2142 152 2204 iu
190 2140 280 2204 libris
319 2139 448 2216 sanetis,
490 2138 622 2221 Moysen
659 2138 818 2201 eruditum
859 2136 959 2201 fuisso
998 2136 1082 2199 omui
1117 2134 1271 2217 sapientia

123 2247 362 2329 Aegyptiorum,
391 2248 467 2308 tuna
494 2245 616 2324 utique,
646 2244 770 2325 quando
800 2243 844 2307 ibi
872 2247 965 2307 natus
994 2245 1027 2307 et
1055 2262 1072 2306 a
1098 2240 1164 2305 filio
1190 2242 1270 2306 Pha-

123 2354 225 2417 raonis
258 2352 428 2433 adoptatus
462 2350 563 2432 adque
596 2352 735 2414 nutritus
773 2350 869 2414 etiam
906 2350 1080 2413 liberaliter
1117 2347 1269 2411 educatus

125 2465 181 2523 est.
210 2458 274 2523 Sed
300 2476 357 2522 neo
385 2457 540 2539 sapientia
567 2456 796 2540 Aegyptiorum
825 2455 1011 2538 sapientiam
1045 2454 1270 2537 prophetarum

124 2568 302 2629 nostrorum
339 2567 482 2645 tempore
520 2562 702 2628 antecedere
743 2564 858 2645 potuit,
901 2561 1024 2644 quando
1069 2560 1196 2643 quidem
1239 2562 1271 2623 et

84 2698 107 2735 zo
124 2672 281 2736 Abraham
306 2672 459 2753 propheta
482 2671 553 2734 luit.
579 2669 663 2748 Quid
687 2675 793 2736 autem
818 2670 988 2752 sapientiae
1016 2668 1122 2750 potuit
1146 2686 1214 2731 esse
1237 2666 1269 2729 in

123 2780 278 2862 Aegypto,
303 2781 472 2859 antequam
493 2776 538 2843 eis
557 2778 630 2850 Isis,
651 2797 744 2858 quarn
764 2780 921 2841 mortuam
940 2778 1103 2857 tamquam
1124 2792 1270 2857 magnam

123 2884 213 2947 deam
241 2884 404 2947 colendam
433 2886 596 2966 putarunt,
623 2883 747 2948 litteras
770 2884 929 2948 traderet?
956 2883 1018 2947 Isis
1046 2900 1137 2964 porro
1160 2879 1269 2944 Inachi

122 2990 191 3054 tilia
208 2990 307 3054 luisse
326 2989 480 3072 proditur,
502 2989 554 3072 qui
570 2991 695 3073 primus
714 3009 844 3074 regnare
864 2989 970 3071 eoepit
987 2988 1126 3073 Argiuis,
1146 2987 1268 3069 quando

122 3097 267 3160 Abrahae
288 3096 352 3160 iam
376 3099 507 3180 nepotes
530 3098 733 3180 reperiuntur
756 3096 863 3161 exorti.

214 3340 246 3393 15
265 3338 326 3393 Act.
346 3340 373 3403 7,
391 3340 426 3393 22
482 3340 515 3394 19
535 3339 603 3394 Gen.
623 3341 667 3408 20,
688 3342 702 3393 7

159 3466 173 3517 l
195 3465 338 3535 prophetia
358 3468 385 3518 et
404 3464 538 3531 (fortasse
557 3468 599 3530 nt)
616 3481 635 3533 9
695 3461 891 3531 9lerluerunt
912 3463 929 3516 b
949 3478 1036 3527 eraso,
1054 3480 1072 3531 p
1137 3462 1168 3516 16
1188 3465 1268 3515 natus

124 3556 152 3605 et
171 3551 340 3622 bep²p²pa
357 3552 472 3618 Domb.,·
489 3551 570 3605 natus
589 3557 631 3605 est
646 3569 665 3603 α
672 3552 701 3621 9¹
705 3551 740 3619 p¹
753 3552 787 3617 f,·
805 3555 886 3605 natus
907 3556 948 3604 est
968 3560 1023 3604 etv
1064 3552 1094 3603 17
1110 3550 1269 3619 edocatusp

122 3642 158 3695 20
178 3656 235 3695 esse
253 3643 381 3712 potuita
448 3643 480 3695 21
502 3641 579 3695 deum
598 3657 758 3711 magnaura
826 3642 861 3694 22
879 3643 1011 3711 putarunt
1028 3656 1086 3709 pp;
1103 3642 1269 3708 putauerunt

124 3730 218 3784 reita
269 3732 304 3785 23
324 3730 432 3800 priuse
