3192 4959
293 443 336 507 96
639 439 666 495 S.
695 438 854 492 Aurelii
880 437 1100 507 Augustini

294 638 325 702 in
354 637 414 702 hoa
441 635 570 714 munde,
601 634 711 700 sedin
737 635 806 700 eius
828 635 996 716 temporali
1018 653 1097 717 paee
1120 653 1157 699 ae
1179 633 1332 699 felicitate
1356 635 1444 716 quie

296 746 446 808 suentem.
485 741 561 808 (lain
593 745 700 807 autem
733 743 959 825 interpretetur
989 741 1166 825 pussessim
1204 741 1288 806 unde
1320 740 1443 806 dietum

295 853 355 928 est,
375 849 498 934 quando
518 851 612 914 natus
632 852 691 928 est,
711 849 781 915 siue
806 851 930 933 apatre
948 849 1018 914 siue
1038 851 1176 914 amatre
1194 848 1278 912 eius:
1297 846 1444 930 Adqui-

296 957 378 1022 siui
415 956 611 1022 hominem
647 975 717 1039 per
752 955 889 1021 Deum.
926 955 1034 1020 Enoch
1070 976 1148 1023 uere
1180 955 1353 1029 dedicatim
1391 955 1445 1018 hia

296 1064 380 1129 enim
413 1063 578 1128 dedicatur
609 1067 732 1128 terrena
764 1062 889 1139 ciuitas,
927 1063 984 1127 ubi
1016 1063 1173 1141 conditur,
1210 1061 1359 1145 queniam
1393 1061 1486 1126 hias

295 1172 391 1236 habet
418 1189 502 1248 eum,
531 1187 626 1252 quem
653 1168 791 1233 intendit
819 1175 852 1234 et
874 1169 1005 1253 adpetit
1032 1170 1139 1235 finem.
1167 1171 1264 1234 Porro
1286 1169 1343 1233 ille
1366 1167 1445 1234 Seth

295 1279 521 1360 interpretatur
537 1275 727 1341 resurrectio
748 1279 780 1340 et
797 1276 884 1341 Eros
901 1276 988 1340 filius
1007 1276 1076 1340 eius
1094 1277 1320 1359 interpretatur
1333 1276 1446 1344 hemer

297 1405 358 1452 non
387 1384 473 1449 sieut
494 1382 605 1448 adam.
635 1383 677 1447 ht
702 1383 811 1466 ipsum
839 1383 923 1448 enim
950 1402 1063 1448 nemen
1087 1383 1181 1449 bomo
1205 1385 1445 1464 interpretatum

298 1493 355 1557 sed
383 1509 549 1556 commune
576 1490 761 1572 perhibetur
789 1509 860 1555 essa
883 1491 914 1556 in
936 1491 993 1555 illa
1014 1491 1136 1575 lingua,
1164 1490 1196 1555 id
1219 1493 1269 1555 est
1289 1490 1445 1566 Hebraea,

297 1597 439 1662 masculo
478 1600 510 1661 et
544 1597 689 1662 feminae.
726 1596 809 1661 Nam
846 1597 893 1662 eie
930 1597 968 1662 de
999 1598 1056 1663 illo
1089 1597 1243 1680 seriptum
1276 1599 1339 1662 est:
1372 1596 1490 1661 ida-1⁰

300 1703 458 1768 saulum
492 1697 531 1768 et
561 1704 746 1768 feminam
777 1704 879 1768 feeit
913 1705 1007 1769 illes
1041 1708 1081 1770 et
1108 1704 1319 1768 benedixit
1347 1703 1446 1768 illes

300 1817 339 1876 et
381 1811 691 1896 cognominauit
730 1829 869 1875 nemen
909 1831 1043 1877 aerum
1083 1811 1215 1876 Adam.
1252 1811 1344 1878 Unde
1385 1831 1448 1876 neu

299 1917 472 2000 ambigitur
513 1917 559 1980 sia
606 1915 796 1999 appellatam
841 1917 942 1980 fuisse
982 1917 1134 1982 feminam
1177 1917 1279 1982 Euam
1320 1918 1448 2000 proprie

299 2027 435 2102 nomine,
468 2027 504 2088 ut
536 2028 642 2088 tamen
672 2024 786 2102 Adam,
820 2024 905 2107 quod
936 2018 1299 2108 interpretatur'home,
1331 2043 1448 2089 nemen

240 2203 243 2210 ,
301 2137 387 2196 asset
413 2132 588 2196 amborum.
615 2131 699 2196 lines
728 2135 835 2196 autam
864 2131 911 2196 sie
937 2132 1163 2215 interpretatur
1188 2133 1295 2208 honre,
1323 2135 1360 2197 ut
1387 2132 1449 2196 hae
1467 2145 1493 2186 ιδ

300 2259 360 2303 ιιοιι
383 2257 478 2322 posse
500 2239 648 2303 feminam
672 2239 848 2321 nuncupari
869 2239 963 2322 periti
984 2239 1114 2322 linguae
1137 2240 1226 2304 illius
1249 2239 1448 2313 aduenerant,

299 2353 461 2428 tamqnam
499 2345 584 2410 filius
625 2345 875 2422 resurrectionis,
912 2345 969 2410 ubi
1010 2365 1085 2410 non
1126 2346 1280 2411 nubent
1319 2363 1449 2428 neque

302 2473 444 2520 uxeres
477 2454 636 2517 ducent.
669 2453 739 2517 Non
773 2452 857 2517 enim
889 2453 950 2518 erit
980 2453 1027 2517 ibi
1058 2454 1231 2538 generatio,
1265 2472 1337 2518 eum
1369 2453 1449 2517 illue

302 2561 479 2645 perduxerit
511 2559 717 2645 regeneratio.
755 2559 859 2640 Quare
891 2562 923 2624 et
954 2561 1015 2625 hee
1047 2579 1109 2625 nen
1140 2561 1303 2626 ineassum
1340 2564 1451 2625 uetan-

303 2669 377 2733 dum
407 2667 550 2742 arbitrer,
582 2667 666 2750 qued
692 2667 724 2731 in
753 2668 800 2732 eis
829 2667 1097 2749 generationibus,
1129 2687 1210 2751 quae
1236 2669 1452 2751 propagantur
1469 2677 1496 2714 ²⁰

303 2794 338 2838 ex
365 2775 421 2837 ille
451 2774 504 2856 qui
533 2777 583 2838 est
605 2774 784 2856 appellatus
809 2773 897 2848 Seth,
926 2793 1000 2839 eum
1024 2775 1174 2858 genuisse
1196 2773 1281 2838 filios
1303 2773 1451 2850 filiasque

303 2882 457 2956 dicantur,
485 2880 572 2945 nulla
599 2881 644 2945 ibi
673 2881 779 2964 genita
806 2881 991 2946 nominatim
1018 2881 1136 2946 femina
1159 2899 1307 2964 expressa
1330 2883 1393 2956 est3
1418 2881 1451 2941 in

304 2989 353 3052 his
378 2993 494 3064 autem,
520 3006 600 3069 quae
623 2991 839 3072 propagantur
858 3007 899 3052 ex
922 2987 1010 3065 Cain,
1033 2987 1245 3070 inipsofins‚
1265 3005 1453 3072 quousque

304 3095 503 3178 pertendunt,
530 3094 716 3159 nouissime
751 3095 870 3160 femina
906 3096 1013 3178 genita
1049 3094 1238 3159 nominatur.
1276 3093 1329 3159 Sia
1366 3093 1452 3158 enim

303 3202 437 3287 legitur:
464 3201 699 3268 Mathusael
727 3203 869 3286 genuit
901 3201 1085 3276 Lamech3
1117 3205 1156 3266 et
1188 3201 1338 3266 sumsit
1371 3199 1499 3266 sibit<b

304 3309 474 3375 Lamech
512 3309 611 3374 duas
648 3327 805 3386 uxeres,
843 3327 983 3374 nomen
1022 3309 1088 3372 uni
1121 3308 1203 3372 Ada
1241 3311 1278 3372 et
1310 3325 1452 3372 nemen

307 3416 509 3482 secundae
547 3413 669 3494 Sella,
707 3421 746 3482 et
781 3416 945 3501 peperit
979 3416 1065 3480 Ada
1099 3414 1229 3491 Iohel;
1263 3413 1328 3480 hie
1366 3416 1456 3478 erat

305 3527 422 3607 pater
457 3523 736 3589 habitantium
768 3525 807 3588 in
838 3522 1123 3589 tabernaculis
1156 3521 1453 3607 pecuariorum.

396 3837 498 3893 3Gen.
518 3839 578 3906 4,1
684 3835 887 3892 redemta
988 3835 1195 3890 laicanae
1285 3831 1455 3900 addend,

308 3928 341 3982 18
360 3943 418 3998 sqq.

342 4053 500 4122 abiasap.
521 4053 570 4106 rra.
594 4051 621 4106 V
678 4049 833 4107 dattendit
855 4049 891 4102 1⁷¹
963 4049 1011 4103 sed
1034 4047 1069 4102 7¹
1139 4049 1269 4102 lreeurr.
1288 4047 1471 4120 interprete,

308 4147 385 4198 tura
475 4143 625 4211 8interpr.
649 4141 765 4194 homoe
852 4141 885 4193 19
909 4155 963 4192 non
987 4142 1020 4192 nt
1041 4141 1108 4209 puto
1136 4135 1242 4202 V²ab,·
1261 4153 1318 4190 nen
1339 4137 1408 4204 pute
1428 4134 1456 4205 p¹

308 4234 343 4286 24
361 4231 529 4302 pertendunt
551 4229 598 4284 Ve
604 4246 703 4299 prpe
713 4234 749 4312 ᾗ·
766 4228 966 4299 pertenduntur
979 4228 1012 4294 b‚·
1028 4225 1228 4296 protenduntur
1247 4242 1290 4280 aa
1329 4225 1365 4279 25
1382 4226 1456 4277 rnat-

308 4347 416 4402 thuesel
440 4344 910 4413 V;rnatussa01a;maauedepr
1016 4344 1051 4398 27
1071 4341 1182 4396 secundi
1205 4340 1254 4408 V¹,·
1276 4306 1399 4396 seeundei
1419 4338 1460 4392 V*
