3192 4959
342 445 391 496 De
420 443 594 498 ciuitate
623 443 682 497 dei
709 443 774 498 lib.
803 443 876 497 XXI.
905 461 979 515 csp.
1008 446 1033 500 2.
1053 446 1077 501 3.
1225 450 1290 514 515

137 639 216 714 uim,
251 658 331 721 quse
359 659 510 724 magnum
538 641 592 703 uel
619 658 780 704 summum
810 640 948 704 dolorem
978 641 1065 718 facit,
1099 661 1160 706 nou
1185 641 1292 706 ualeat

138 746 308 809 sustinere.
341 746 430 809 Tunc
462 749 569 810 outem
602 746 660 810 tali
693 745 816 828 corpori
849 747 953 810 anime
981 750 1012 812 et
1042 767 1077 812 eo
1108 752 1291 814 conectetur

138 851 244 929 modo2
276 855 314 916 ut
344 852 426 917 illud
458 852 634 928 uinculum,
668 853 753 918 sicut
785 853 873 918 nullu
903 855 1056 936 temporis
1089 855 1290 939 longitudine

139 958 294 1033 soluetur,
331 959 377 1022 its
413 960 502 1023 nullo
535 959 642 1024 dolore
674 962 851 1042 rumpatur.
889 960 1025 1025 Proinde
1058 957 1197 1026 etiamsi
1218 981 1289 1028 caro

108 1085 221 1128 snunc
243 1064 319 1130 talis
343 1065 431 1129 nulls
453 1069 512 1142 est,
538 1085 618 1148 quae
643 1085 771 1131 sensum
797 1066 915 1130 doloris
938 1067 1059 1150 perpeti
1082 1068 1187 1149 possit
1209 1088 1291 1132 mor-

136 1175 267 1252 temque
296 1191 356 1236 uon
384 1172 500 1253 possit:
535 1173 595 1236 erit
621 1175 728 1236 tamen
756 1177 834 1237 tuno
861 1173 936 1236 telis
966 1191 1048 1251 caro,
1082 1174 1184 1256 qualis
1208 1194 1291 1239 nunc

138 1299 199 1343 non
231 1281 292 1353 est,
326 1279 411 1342 sicut
437 1279 512 1343 talis
541 1279 600 1342 erit
629 1283 662 1344 et
688 1299 773 1343 mors
802 1280 906 1363 qualis
934 1298 1017 1344 nunc
1040 1300 1101 1344 non
1126 1285 1186 1346 est.
1218 1281 1290 1346 Nou

137 1385 222 1449 euim
255 1386 353 1463 nulls,
391 1385 447 1449 sed
480 1386 669 1468 sempiterna
706 1406 792 1451 mors
826 1385 895 1464 erit,
934 1385 1058 1468 quondo
1090 1407 1148 1452 nec
1180 1388 1291 1454 uiuere

137 1493 243 1555 anima
278 1492 397 1575 poterit
432 1493 536 1556 Deum
573 1512 633 1557 non
671 1493 816 1558 habendo
853 1513 910 1558 nco
949 1494 1110 1559 doloribus
1150 1495 1291 1578 corporis

96 1621 120 1658 ιο
138 1619 244 1663 carere
267 1598 440 1664 moriendo.
465 1599 571 1663 Prima
598 1620 683 1664 mors
712 1601 850 1665 animam
878 1603 1037 1666 nolentem
1060 1601 1153 1684 pellit
1180 1620 1196 1665 e
1225 1597 1314 1666 oor-'

137 1726 223 1786 pore,
258 1706 398 1770 secunda
427 1726 513 1770 more
541 1707 677 1770 unimam
706 1707 866 1771 uolentem
896 1712 984 1774 tenet
1010 1709 1042 1773 iu
1073 1727 1216 1790 oorpore;
1251 1709 1290 1772 ab

138 1819 273 1896 utraque
309 1816 411 1876 morte
448 1813 661 1877 communiter
695 1814 729 1877 id
760 1813 905 1893 habetur,
939 1821 977 1880 ut
1008 1815 1092 1898 quod
1124 1835 1185 1880 non
1218 1817 1291 1884 uult

137 1922 243 1984 anime
267 1919 305 1982 de
329 1939 387 1984 suo
412 1939 541 2001 corpore
564 1921 712 2004 patiatur.

182 2026 369 2091 Adtendunt
392 2030 498 2090 autem
522 2027 576 2090 isti
601 2027 850 2092 contradictores
874 2028 994 2092 nullam
1025 2047 1095 2093 esse
1118 2048 1200 2094 nuno
1225 2048 1292 2093 cor-

94 2152 118 2191 s
137 2154 221 2209 nem,
247 2153 327 2216 quoe
352 2133 493 2197 dolorem
516 2134 582 2214 poti
606 2133 710 2214 possit
731 2138 931 2216 mortemque
954 2153 1014 2199 non
1039 2135 1152 2216 possit,
1178 2137 1209 2198 et
1228 2153 1289 2199 non

137 2239 315 2303 adtendunt
346 2259 415 2304 esse
447 2242 553 2303 tamen
586 2239 707 2320 aliquid
738 2240 802 2303 tale
832 2241 916 2322 quod
946 2258 1074 2322 corpore
1102 2241 1206 2304 maius
1236 2241 1289 2307 sit.

134 2346 210 2426 Ipse
236 2347 352 2428 quippe
376 2347 512 2423 animus,
542 2346 632 2409 cuius
656 2347 835 2429 praesentia
859 2354 973 2428 corpus
998 2346 1081 2410 uiuit
1103 2350 1135 2411 et
1157 2347 1289 2431 regitur,

136 2457 170 2517 et
199 2453 341 2517 dolorem
365 2454 432 2535 pati
455 2457 563 2534 potest
586 2454 618 2516 et
641 2453 721 2516 mori
744 2473 806 2518 non
830 2456 946 2534 potest.
979 2453 1060 2517 Ecce
1084 2453 1215 2518 inuenta
1237 2473 1288 2518 res

135 2563 195 2634 est,
231 2578 322 2642 quae,
357 2579 430 2624 cum
459 2579 589 2624 sensum
617 2559 736 2624 doloris
764 2559 890 2636 habeat,
923 2559 1101 2624 inmortalis
1127 2563 1185 2624 est.
1218 2560 1288 2625 Hoc

87 2666 237 2748 usigitur
264 2667 325 2729 erit
352 2669 428 2730 tunc
452 2665 548 2730 etism
571 2667 603 2728 in
628 2664 812 2748 corporibus
838 2665 1068 2739 damnatorum,
1097 2664 1181 2747 quod
1205 2684 1289 2730 nunc

135 2793 208 2837 esse
233 2773 353 2838 scimus
376 2775 408 2836 in
433 2773 547 2837 animis
572 2774 724 2837 omnium.
754 2772 787 2837 Si
821 2774 926 2837 autem
958 2771 1194 2836 consideremus
1218 2771 1288 2835 dili·

133 2879 277 2963 gentius,
306 2879 404 2959 dolor,
434 2881 488 2962 qui
517 2879 634 2944 dicitur
662 2877 812 2961 corporis,
840 2879 943 2961 magis
972 2877 1010 2942 ad
1034 2879 1170 2942 unimam
1194 2879 1289 2960 perti-

131 2989 199 3050 net.
216 2985 362 3049 'Animae
392 2989 441 3050 est
470 2985 554 3048 enim
583 2984 698 3062 dolere,
726 3003 788 3048 nou
814 2984 964 3066 corporis,
990 2984 1085 3048 etiam
1110 2984 1234 3065 quaudo
1260 2985 1289 3048 ei

132 3091 263 3156 dolendi
298 3111 393 3157 ceusu
421 3091 548 3156 exsistit
575 3111 593 3155 a
621 3109 759 3173 corpore,
784 3110 856 3156 cum
881 3089 912 3154 in
943 3109 979 3154 eo
1003 3092 1073 3155 loco
1103 3089 1200 3168 dolet,
1232 3091 1288 3155 ubi

80 3217 110 3256 ss
129 3198 275 3262 laeditur
298 3216 422 3278 corpus.
448 3197 539 3263 Sicut
562 3216 637 3280 ergo
662 3197 797 3261 dicimus
823 3215 952 3278 corpora
975 3197 1145 3262 sentientia
1168 3201 1201 3261 et
1224 3216 1289 3260 cor-

129 3325 212 3387 pora
240 3305 393 3383 uiuentis,
423 3323 496 3369 cum
524 3305 563 3369 sb
592 3305 698 3397 anima
725 3305 767 3368 sit
791 3303 914 3387 corpori
939 3322 1051 3368 sensus
1077 3307 1109 3368 et
1133 3303 1213 3368 uita:
1243 3305 1289 3368 ita

129 3431 269 3495 corpora
292 3411 428 3476 dicimus
453 3415 485 3476 et
508 3411 658 3489 dolentis,
683 3430 755 3475 oum
781 3411 871 3475 dolor
894 3411 1018 3492 corpori
1041 3410 1101 3475 nisi
1127 3411 1165 3474 ab
1185 3411 1289 3474 animo

127 3537 207 3584 esse
236 3539 298 3583 non
326 3519 440 3602 possit.
469 3519 565 3583 Dolet
592 3519 700 3600 itaque
724 3518 830 3582 anima
854 3536 926 3581 cum
950 3535 1077 3600 corpore
1100 3517 1133 3581 iu
1157 3536 1194 3581 eo
1217 3517 1287 3582 loco

126 3627 216 3704 eius,
245 3627 301 3691 ubi
329 3626 450 3708 aliquid
478 3625 634 3709 contingit
661 3627 699 3689 ut
722 3625 842 3700 doleat3
872 3624 959 3688 dolet
981 3627 1013 3688 et
1037 3625 1114 3700 sola,
1140 3625 1287 3706 quamuis

166 3905 187 3957 2
207 3906 365 3958 conectetur
381 3901 454 3973 pp¹;
472 3904 698 3956 conectententur
709 3919 739 3971 p;
760 3902 911 3955 conectitur
926 3917 943 3952 a
955 3900 969 3953 t
981 3917 1019 3954 eo
1059 3900 1078 3953 4
1097 3900 1287 3971 solueturpp5

123 3994 256 4050 soluitur
275 3993 395 4060 abcpo
503 3997 644 4061 rumpetur
660 3991 690 4060 ρ’
790 3993 806 4043 5
827 3994 993 4057 mortemque
1013 4005 1065 4042 non
1086 3990 1173 4056 possit
1192 4005 1242 4043 om.
1262 3990 1287 4041 c¹

124 4087 166 4141 10
179 4100 220 4151 sq.
236 4080 575 4136 dolentem-dolentem
629 4095 762 4148 scorpp
800 4079 832 4132 19
853 4094 1042 4146 consensunrp
1078 4077 1112 4131 20
1132 4077 1185 4130 erit
1203 4078 1286 4134 anub

118 4175 165 4229 23
190 4173 262 4225 enim
282 4175 358 4224 esto
420 4170 456 4222 25
476 4185 572 4238 corpus
591 4185 675 4238 om.p
747 4166 899 4222 scientiab
958 4167 993 4220 26
1011 4182 1049 4233 sq.
1070 4165 1110 4218 ita
1129 4171 1157 4220 st
1176 4181 1287 4235 corpora

119 4262 251 4318 dicimus
270 4258 427 4313 dolentiao
504 4259 537 4311 27
558 4257 676 4326 corporis
697 4257 751 4326 op¹
832 4257 866 4310 29
886 4255 1021 4324 contingit
1041 4255 1137 4324 udpp
1150 4270 1204 4322 oco;
1224 4269 1287 4307 con-

116 4349 201 4420 tigit
220 4347 366 4418 epDomb.

1200 4445 1250 4498 33*
