3192 4959
260 448 326 512 644
612 445 638 497 S.
667 444 824 498 Aurelii
852 445 1068 515 Augustini

260 643 432 706 formatur:
456 637 594 720 Neque
620 640 686 722 qui
710 639 885 724 plantat,
916 644 977 706 est
1000 642 1167 725 aliquid,
1193 663 1320 727 neque
1345 647 1406 728 qui

260 748 378 831 rigat,
407 747 476 810 sed
505 747 572 827 qui
599 746 894 812 incrementum
923 748 989 814 dat
1017 748 1142 815 Deus:
1169 750 1216 816 ita
1238 752 1334 816 etiam
1358 753 1405 817 hic

261 855 324 919 dici
346 856 468 937 potest:
491 851 570 917 ‘Noc
593 855 648 936 qui
672 853 856 918 concumbit
878 873 936 919 neo
961 855 1014 937 qui
1039 857 1185 938 seminat,
1211 861 1261 921 est
1280 857 1406 941 aliquid,

261 961 318 1028 sed
346 961 400 1044 qni
427 961 544 1024 format
570 960 675 1036 Deus3
705 979 763 1025 nec
788 963 901 1039 mater,
931 981 1010 1044 qnae
1040 966 1227 1046 conceptum
1252 969 1358 1046 portat
1379 969 1408 1029 et

259 1073 385 1151 partum
414 1066 524 1142 nutrit,
553 1072 603 1131 est
630 1065 761 1149 aliquid,
791 1067 848 1131 sed
878 1069 931 1150 qni
959 1067 1189 1133 incrementum
1219 1070 1274 1136 dat
1301 1071 1444 1136 Deus’s

260 1177 334 1258 Ipsa
362 1193 496 1255 namque
525 1161 717 1255 operatione,
747 1193 809 1256 qua
837 1193 939 1256 nsque
967 1193 1051 1238 nuno
1081 1179 1238 1258 operatur,
1267 1178 1346 1241 facit
1375 1183 1408 1242 nt

261 1300 407 1346 numeros
440 1299 516 1343 suos
555 1279 713 1361 explicent
744 1279 866 1343 semina
898 1284 930 1343 et
962 1301 980 1345 a
1013 1281 1205 1362 quibusdam
1236 1282 1407 1348 latentibus

260 1389 362 1471 adque
390 1385 607 1450 inuisibilibus
634 1385 809 1449 inuolucris
833 1386 864 1448 in
895 1387 1013 1450 formas
1036 1387 1182 1452 nisibiles
1206 1389 1303 1452 huius
1327 1389 1408 1470 quod

261 1493 455 1577 adspicimus
483 1491 606 1556 decoris
635 1492 801 1567 enoluant;
830 1493 900 1575 ipse
922 1493 1137 1574 incorpoream
1167 1513 1408 1577 corporeamque

260 1604 414 1676 naturam,
443 1598 532 1662 illam
565 1598 788 1680 praepositam,
826 1596 922 1662 istam
956 1598 1143 1675 subiectam,
1180 1599 1269 1664 miris
1307 1600 1407 1664 modis
1425 1627 1446 1664 o

260 1706 413 1788 copulans
441 1708 474 1770 ot
504 1707 671 1768 conectens
696 1703 889 1767 animantem
912 1703 999 1768 facit.
1030 1703 1123 1784 Quod
1147 1725 1227 1787 opus
1252 1706 1322 1770 eius
1344 1710 1406 1770 tam

260 1831 410 1897 magnum
440 1815 473 1875 et
499 1810 643 1874 mirabile
667 1813 725 1888 est,
757 1815 877 1875 utnon
903 1811 1006 1875 solum
1036 1811 1066 1874 in
1091 1812 1229 1890 homine,
1254 1813 1340 1895 quod
1361 1815 1408 1878 est

260 1919 377 1983 animal
399 1918 551 1982 rationale
576 1922 606 1980 et
631 1935 668 1980 ex
690 1917 751 1981 hoc
775 1917 899 1982 cunctis
923 1918 1054 1981 terrenis
1079 1919 1293 1983 animantibus
1314 1921 1406 1983 excel·

259 2026 378 2090 lentius
402 2024 504 2106 adque
527 2023 753 2105 praestantius,
779 2023 836 2087 sed
864 2025 893 2086 in
921 2024 1063 2106 qnalibet
1087 2025 1303 2089 minutissima
1326 2043 1405 2090 mns-

260 2135 333 2197 cula
363 2132 442 2195 bene
476 2129 686 2194 consideranti
719 2132 883 2212 stuporem
916 2131 1032 2194 mentis
1065 2131 1187 2214 ingerat
1219 2131 1442 2214 laudemqucu

260 2239 362 2322 pariet
382 2236 550 2304 Creatoris.

302 2345 376 2426 ipse
407 2344 515 2425 itaque
548 2342 670 2407 animae
698 2343 854 2406 humanae
881 2346 1020 2406 mentem
1050 2341 1147 2420 dedit,
1181 2343 1237 2408 ubi
1269 2344 1347 2408 ratio
1378 2345 1405 2406 et

259 2451 478 2534 intellegentia
506 2450 537 2512 in
565 2449 684 2513 infante
713 2449 817 2531 sopita
841 2453 891 2512 est
914 2448 1050 2530 quodam
1074 2449 1180 2531 modo,
1210 2450 1303 2532 quasi
1325 2449 1403 2512 nulla

260 2558 312 2631 sit,
337 2557 500 2622 excitanda
524 2557 648 2620 scilicet
671 2555 773 2637 adque
798 2554 968 2620 exserenda
992 2556 1105 2620 aetatis
1125 2574 1269 2632 accessu,
1291 2554 1402 2638 quasit

260 2663 412 2728 scientiae
437 2681 531 2744 capax
556 2662 657 2744 adque
678 2661 838 2725 doetrinae
859 2665 889 2725 et
908 2661 1024 2724 habilis
1049 2663 1245 2745 perceptioni
1266 2661 1400 2726 ueritatis
1416 2688 1443 2728 so

260 2775 292 2834 et
315 2770 430 2834 amoris
455 2769 546 2844 boni;
576 2787 638 2850 qua
662 2768 836 2850 capacitate
861 2767 985 2831 hauriat
1009 2768 1198 2850 sapientiam
1222 2767 1400 2832 uirtutibus·

260 2897 320 2958 que
353 2877 396 2942 sit
423 2875 574 2958 praedita,
608 2875 723 2958 quibus
752 2875 931 2956 prudenter,
966 2874 1100 2952 fortiter,
1135 2878 1344 2957 temperanter
1370 2877 1402 2934 et

258 2984 343 3047 iuste
367 2983 520 3046 aduersus
541 2999 660 3046 errores
682 2985 714 3044 ct
733 2984 837 3044 cetera
859 2980 1043 3063 ingenerata
1061 2980 1142 3044 uitia
1162 2980 1294 3045 dimicet
1310 2996 1400 3060 eaque

260 3090 379 3153 nullius
404 3090 448 3151 roi
471 3087 626 3152 desiderio
650 3087 712 3150 nisi
736 3085 810 3150 boui
833 3086 922 3150 illius
947 3087 1064 3150 summi
1089 3086 1191 3168 adque
1211 3085 1400 3151 inmutabilis

260 3196 377 3261 uincat.
407 3193 498 3272 Quod
525 3195 586 3258 etsi
614 3213 674 3257 non
703 3193 809 3267 faciat,
838 3193 907 3275 ipsa
936 3193 1050 3257 talium
1073 3193 1228 3258 bonorum
1253 3191 1398 3275 capacitas
1414 3219 1440 3260 rs

259 3301 291 3365 in
314 3303 426 3364 natura
447 3300 593 3365 rationali
617 3299 772 3363 diuinitus
796 3298 945 3362 instituta
968 3303 1124 3380 quantum
1144 3300 1187 3364 sit
1206 3300 1290 3378 boni,
1312 3315 1395 3379 quam

260 3407 402 3471 mirabile
426 3424 505 3489 opus
530 3405 773 3487 Omnipoteutis
798 3405 870 3487 quis
895 3409 1096 3487 conpetenter
1115 3406 1229 3470 effatur
1249 3409 1301 3470 aut
1319 3401 1396 3486 cogi·

260 3516 329 3577 tat?
356 3513 484 3578 Praeter
511 3512 593 3575 enirn
623 3515 705 3576 artes
729 3511 810 3578 bene
841 3511 970 3575 uiuendi
1000 3517 1032 3575 et
1055 3512 1095 3576 ad
1117 3513 1314 3576 inmortalem
1335 3527 1398 3591 per-

351 3778 363 3827 l
387 3777 409 3827 1.
431 3773 489 3828 Cor.
510 3773 535 3837 3,
556 3775 570 3828 7

297 3897 432 3966 lquidp
476 3897 828 3950 consuescerem
848 3895 1172 3965 corcy-dne-uee
1221 3895 1402 3964 tipoaeppn·

260 3989 318 4057 ipse
338 3987 459 4057 cbpco
477 3985 577 4040 nomn.
687 3984 859 4052 operationes
884 3999 950 4052 quas
973 4000 1044 4037 nuuc
1067 3983 1230 4052 operaturb
1329 3989 1399 4032 nuuc

261 4091 380 4143 nequeo
430 4073 587 4127 laomt
638 4071 759 4141 8quod]
780 4073 875 4141 quast
927 4071 1130 4140 9euolnantp;
1150 4071 1403 4135 euoluataeppffi·

260 4164 370 4218 euolnnt
390 4161 405 4213 b
489 4162 547 4230 ipse
566 4160 807 4230 incorporeamque
826 4163 951 4213 naturam
971 4160 986 4212 b
1061 4159 1094 4213 19
1113 4158 1248 4212 exerenda
1265 4175 1311 4228 σω
1326 4167 1401 4206 excr-

260 4251 346 4307 ccnda
366 4251 437 4318 obp
501 4250 533 4303 21
554 4249 669 4302 moriae
741 4249 831 4302 auriat
848 4248 875 4316 9¹
936 4249 970 4302 26
989 4247 1171 4302 institutam.
1192 4241 1404 4302 aecinsttmt

258 4357 364 4408 corrup
418 4341 451 4391 27
473 4338 612 4408 Omnipot.
633 4355 700 4407 opus
718 4337 817 4391 Donrb.
