3192 4959
368 513 419 568 De
447 514 624 568 ciuitate
653 514 715 568 dei
742 516 808 570 lib.
837 517 894 570 XX.
924 533 1001 588 cap.
1030 520 1073 574 21.
1229 523 1290 584 481

144 712 251 772 autem
282 728 338 789 pro
371 708 500 772 modulo
534 710 720 790 capacitatis
754 711 910 776 humanae
943 713 1035 796 longe
1064 713 1170 777 minus
1199 733 1292 795 quum

145 818 220 879 suat
244 815 345 897 adque
368 816 657 898 incomparabiliter
675 818 865 900 cogitamus,
889 819 935 883 Et
957 819 1154 896 uidebitis,
1179 819 1292 902 inquit,

145 927 180 984 et
204 921 387 1003 gaudebit
411 941 473 985 oor
495 926 675 987 uestrum.
699 925 761 988 Hic
785 925 924 1015 creditis,
949 926 993 988 ibi
1017 925 1180 991 uidebitis.

189 1027 252 1092 Sed
277 1028 424 1110 quoniam
454 1029 546 1092 dixit:
570 1029 615 1093 Et
639 1030 824 1113 gaudebit
847 1050 910 1094 cor
932 1035 1113 1109 uestram,
1142 1051 1179 1098 ne
1204 1035 1293 1114 puta-

116 1153 251 1196 aremas
274 1133 331 1197 illa
352 1135 435 1198 bona
457 1135 657 1200 Hierusalem
678 1136 716 1199 ad
740 1142 884 1202 nostrum
904 1137 1124 1203 tantammodo
1146 1139 1293 1220 spiritum

144 1240 314 1320 pertinere:
347 1240 392 1302 Et
421 1259 516 1318 ossa,
549 1240 663 1322 inquit,
694 1246 823 1306 uestra
850 1247 892 1306 ut
920 1243 1032 1308 herba
1060 1245 1293 1319 exorientem

145 1345 201 1408 ubi
228 1347 489 1411 resurrectionem
513 1365 679 1429 corporum
703 1349 838 1426 strinxit,
866 1351 954 1413 uelut
979 1349 1063 1432 quod
1092 1369 1151 1414 non
1177 1349 1296 1414 dixerat

144 1451 293 1527 reddeus3
331 1472 432 1535 neque
466 1455 550 1517 enim
583 1473 656 1517 cum
693 1454 869 1519 uiderimus
902 1456 966 1522 fret.
1005 1457 1061 1520 sod
1094 1475 1166 1520 cum
1199 1457 1296 1520 faerit

144 1561 231 1623 facta
263 1558 452 1627 uidebimus.
484 1561 565 1623 Nam
600 1565 632 1624 et
660 1561 699 1625 de
727 1562 814 1626 caelo
844 1581 925 1627 nouo
954 1568 1096 1627 aeterra
1125 1581 1208 1626 noua
1230 1563 1294 1626 iam

106 1686 242 1748 usupra
274 1665 402 1743 dixerat,
437 1667 511 1730 dum
546 1687 591 1740 ca,
631 1687 711 1749 quae
744 1669 863 1733 sanctis
896 1669 1126 1752 promittuntur
1157 1669 1188 1732 in
1222 1669 1293 1745 fine,

146 1793 240 1854 saepe
264 1793 300 1837 ac
322 1773 560 1837 multiformiter
584 1773 710 1838 diceret.
734 1775 825 1851 ldrit,
850 1775 963 1858 inquit,
989 1778 1132 1840 caelum
1156 1794 1293 1839 nouum

146 1888 182 1943 et
213 1884 314 1943 terra
345 1899 450 1954 noua,
484 1885 520 1943 et
552 1900 622 1945 non
656 1886 766 1944 erunt
798 1901 981 1946 memores
1014 1883 1191 1963 priorum,
1229 1901 1294 1945 nec

147 1986 351 2050 adscendet
372 1985 408 2049 in
429 2005 491 2050 cor
513 1988 691 2069 ipsorum,
716 1989 780 2052 sed
798 1989 988 2052 laetitiam
1014 1993 1051 2053 et
1074 1987 1295 2052 exsultatio·

146 2113 226 2157 nem
263 2094 461 2157 inueniant
497 2095 532 2156 in
567 2113 617 2158 ea.
656 2095 751 2158 Ecce
784 2113 852 2178 ego
885 2094 1019 2159 faciam
1052 2095 1294 2159 Hierusalem

105 2219 128 2257 15
147 2199 442 2264 auscultationem
467 2204 504 2262 et
526 2203 706 2282 populum
735 2220 856 2264 meum
879 2202 1086 2276 laetitiam;
1112 2204 1148 2265 et
1176 2202 1295 2265 exsul-

148 2307 234 2370 tabo
267 2307 304 2369 in
339 2305 577 2370 Hierusalem
612 2311 648 2372 et
681 2308 851 2372 laetabor
883 2307 919 2370 in
951 2309 1091 2390 populo
1125 2327 1219 2384 meo;
1259 2312 1296 2370 et

149 2414 251 2477 altra
283 2431 352 2477 non
386 2413 563 2477 audietur
589 2413 625 2478 in
652 2413 720 2478 illa
748 2433 818 2478 uox
846 2415 974 2484 slatus.
1010 2418 1042 2478 et
1069 2417 1181 2492 cetera,
1215 2433 1296 2496 qaae

148 2520 277 2600 quidam
300 2519 339 2584 ad
362 2520 435 2584 illos
460 2520 598 2584 carnales
628 2521 715 2585 mille
739 2539 835 2585 annos
867 2521 980 2585 referre
1009 2525 1171 2586 conantur.
1195 2521 1295 2585 Locu-

146 2629 250 2690 tiones
279 2625 362 2689 enim
389 2626 528 2708 tropicae
556 2627 691 2708 propriis
719 2627 905 2709 prophetico
934 2645 1021 2690 more
1049 2626 1231 2704 miscentur,
1259 2632 1298 2691 ut

104 2733 186 2795 aoad
217 2733 415 2796 intellectum
449 2732 622 2815 spiritalem
654 2734 788 2798 intentio
822 2734 926 2798 sobria
958 2753 1029 2797 cum
1059 2733 1194 2815 quodam
1222 2731 1296 2795 utili

147 2859 182 2904 ac
211 2840 332 2903 salubri
359 2841 466 2903 labore
495 2841 674 2923 perueniat;
701 2841 833 2924 pigritia
856 2860 931 2904 uero
956 2841 1088 2905 carnalis
1117 2840 1169 2904 uel
1192 2841 1294 2904 ineru-

148 2947 233 3011 ditae
270 2946 373 3028 adque
410 2947 633 3012 inexercitatae
669 2949 801 3012 tarditas
839 2948 954 3011 mentis
992 2952 1139 3011 contenta
1170 2947 1296 3010 litterae

147 3053 315 3134 superficie
342 3053 421 3118 nibil
448 3062 540 3135 putat
566 3055 699 3118 interius
728 3055 961 3137 requirendum.
990 3055 1077 3118 Haec
1101 3053 1138 3117 de
1162 3053 1296 3136 prophe-

146 3161 220 3224 ticis
248 3159 366 3237 uerbis,
396 3180 475 3242 quae
499 3164 571 3225 ante
594 3162 693 3225 istam
722 3162 829 3225 locum
854 3161 970 3243 scripta
995 3163 1079 3241 sunt,
1108 3160 1186 3224 satis
1211 3159 1295 3223 dixe·

104 3293 129 3333 :a
147 3269 217 3331 rim.
250 3268 286 3331 In
315 3268 374 3332 boc
402 3274 508 3332 autem
535 3269 617 3344 loco,
651 3269 733 3331 unde
762 3268 800 3330 ad
830 3267 885 3331 illa
916 3268 1050 3348 digressi
1075 3285 1198 3342 sumus,
1223 3285 1295 3330 cum

148 3375 294 3438 dixisset:
322 3375 368 3438 nt
396 3393 482 3438 ossa
511 3379 642 3438 uestra
669 3378 711 3437 ut
739 3375 853 3438 herba
877 3374 1102 3446 exorientur,
1134 3377 1170 3436 ut
1193 3391 1296 3436 resur-

146 3481 319 3544 rectionem
343 3481 444 3544 oamis
468 3480 607 3562 quidem,
632 3481 688 3544 sed
705 3484 812 3544 tamen
831 3480 984 3545 bonorum
1005 3499 1038 3543 se
1057 3497 1139 3544 nunc
1160 3497 1295 3542 comme-

146 3605 268 3650 morare
283 3588 481 3661 monstraret,
497 3585 652 3649 adiunxit:
672 3585 718 3648 Et
737 3587 988 3669 cognoscetur
1002 3603 1131 3649 manas
1147 3583 1294 3648 Domini

148 3691 365 3756 colentibus
405 3711 494 3756 eum.
533 3690 616 3770 Quid
653 3696 702 3755 est
739 3692 799 3756 hoc
831 3692 893 3756 uisi
925 3711 1036 3755 manas
1070 3690 1295 3773 distinguentis

238 3912 268 3963 ll
289 3909 364 3966 Esai.
384 3911 427 3970 65,
449 3910 481 3963 17
501 3927 559 3979 sqq.

182 4033 483 4104 ‘diacomparabitarb
520 4033 753 4102 dinquitom.c¹
791 4031 984 4086 'tinstruxitb
1024 4032 1053 4084 ll
1076 4029 1295 4100 multipliciterb

149 4151 181 4203 13
201 4147 349 4203 adscendet
368 4153 443 4214 (asc.)
463 4166 541 4216 nraa.;
559 4149 740 4202 ascendente
806 4151 838 4202 14
859 4115 954 4212 lacibm
972 4165 989 4217 p
1059 4147 1090 4200 18
1111 4163 1181 4198 carn.
1200 4145 1297 4198 illoso

147 4239 183 4292 ‘20
202 4237 329 4307 quodam]
348 4255 490 4307 coquamp
579 4239 610 4291 21
633 4237 827 4306 perueniantb
901 4237 1009 4289 uelutc
1081 4233 1293 4287 inerudita—in-

148 4329 330 4381 exercitatae
372 4328 406 4380 22
425 4326 642 4380 contentaliterd'
662 4327 797 4395 supertp
840 4327 874 4378 27
895 4324 1002 4394 quidem
1023 4323 1143 4377 camiso
1185 4324 1218 4375 29
1239 4339 1294 4373 rnu-

147 4417 232 4470 anab

175 4543 254 4583 xxxx
267 4543 327 4591 aug.
342 4552 413 4592 apen
427 4542 501 4582 see-ca
515 4539 535 4581 v
549 4550 601 4589 pm
615 4539 646 4579 11.
1225 4518 1256 4570 31
