3192 4959
390 483 440 538 De
469 483 643 537 ciuitate
672 482 732 536 dei
759 481 825 536 lib.
853 481 938 536 XXII.
968 499 1043 552 cap.
1071 483 1114 536 21.
1261 485 1324 548 647

175 679 315 744 humana
337 682 449 761 posset
468 678 629 762 uestigare
647 677 806 760 sollertia;
831 696 911 760 quae
931 695 1007 742 uero
1026 681 1112 742 tecta
1130 681 1206 742 sunt
1224 676 1326 759 adque

176 805 195 850 a
226 786 345 850 nostris
377 787 500 850 remota
531 784 769 867 conspectibus,
805 784 901 849 sicuti
933 786 982 850 eet
1014 786 1104 848 tanta
1135 784 1325 866 perplexitas

174 910 329 956 uenarum
353 890 456 973 adque
479 909 651 956 neruomm
674 895 707 955 et
730 890 902 968 uiscerum,
922 893 1044 956 secreta
1062 889 1220 967 nimbum,
1240 891 1326 955 inue-

173 999 242 1064 nire
274 997 383 1063 nullus
415 1000 529 1079 potest.
563 995 646 1077 Quia
674 996 735 1062 etsi
762 996 960 1062 medicorum
988 996 1154 1080 diligentia
1176 998 1326 1062 nonnulla

144 1105 326 1183 scrndelis‚
350 1123 430 1186 quos
455 1105 651 1169 anatomicos
674 1104 846 1187 appellant,
873 1103 1007 1168 laniauit
1030 1122 1162 1186 corpora
1184 1106 1326 1169 mortuo·

173 1231 244 1276 rum
269 1211 339 1276 sine
363 1211 458 1277 etiam
482 1211 699 1276 intermunus
723 1211 863 1276 secantis
881 1210 1174 1294 perscrutantisque
1193 1210 1325 1274 morien-

173 1318 257 1382 tium
281 1317 382 1400 adque
404 1316 437 1381 in
462 1317 608 1382 carnibus
631 1316 779 1381 humanis
799 1318 878 1400 satis
896 1317 1066 1382 inhumane
1086 1316 1193 1381 abdita
1212 1321 1326 1381 cuncta

174 1425 289 1488 rimata
312 1428 372 1499 est,
396 1427 433 1487 ut
456 1423 531 1506 quid
555 1426 589 1488 et
611 1443 673 1506 quo
696 1423 792 1488 modo
812 1423 927 1507 quibus
947 1423 1026 1489 locis
1046 1423 1219 1488 curandum
1240 1426 1325 1488 esset

175 1529 370 1594 addisceret:
399 1548 547 1595 numeros
577 1533 683 1594 tamen
707 1530 746 1594 de
770 1530 887 1612 quibus
910 1529 1034 1613 loquor,
1058 1530 1175 1613 quibus
1200 1533 1324 1612 coapta-

130 1663 156 1701 re
174 1636 232 1715 tio,
260 1653 341 1719 quae
369 1631 500 1722 ἁρμονία
524 1635 644 1701 Graece
673 1635 800 1714 dicitur,
828 1639 992 1719 tamquam
1015 1636 1179 1701 cuiusdam
1206 1635 1324 1720 organi,

175 1743 369 1808 extrinsecus
402 1742 504 1825 adque
536 1743 728 1808 intrinsecus
766 1743 866 1808 totius
900 1743 1038 1828 corporis
1076 1747 1211 1820 constat,
1249 1742 1323 1825 quid

175 1849 290 1927 dicam,
312 1867 405 1914 nemo
428 1849 533 1913 ualuit
556 1849 707 1926 inuenire,
732 1868 813 1931 quos
840 1868 932 1914 nemo
957 1868 1055 1915 ausus
1079 1853 1129 1915 est
1152 1852 1323 1932 quaerere?

175 1956 230 2039 qui
254 1954 372 2021 sinoti
395 1974 466 2020 esse
489 1956 681 2038 potuissent,
704 1955 737 2020 in
760 1955 966 2021 interioribus
987 1975 1113 2039 quoque
1132 1956 1323 2032 uisceribus,

174 2081 255 2143 quae
279 2062 401 2126 nullum
426 2065 588 2127 ostentant
611 2062 719 2137 decus,
742 2062 788 2127 ita
813 2062 984 2128 delectaret
1006 2063 1209 2146 pulchritudo
1228 2063 1322 2128 ratio-

127 2195 154 2234 rs
173 2168 236 2246 uie,
267 2171 305 2232 ut
337 2167 422 2232 omni
454 2168 573 2234 formae
605 2170 779 2252 apparenti,
819 2189 900 2253 quae
933 2169 1035 2234 oculis
1067 2169 1182 2251 placet,
1219 2169 1322 2252 ipsius

172 2274 300 2354 mentis,
334 2293 415 2357 quae
447 2275 549 2340 oculis
576 2275 690 2353 utitur,
722 2277 934 2358 praeferretur
961 2275 1100 2341 arbitrio.
1134 2275 1215 2341 Sunt
1246 2293 1321 2340 uero

172 2380 327 2463 quaedam
350 2382 397 2446 ita
418 2381 525 2464 posita
547 2382 579 2446 in
603 2400 743 2464 corpore,
766 2384 804 2446 ut
823 2382 1045 2446 tantummodo
1066 2382 1209 2446 decorem
1229 2381 1322 2446 habe-

171 2491 237 2562 ant,
265 2505 327 2552 non
352 2493 385 2553 et
411 2507 524 2564 usum;
554 2488 639 2553 sicut
662 2489 759 2552 babet
780 2491 893 2570 pectus
922 2489 1015 2554 uirile
1043 2488 1213 2565 mamillas,
1237 2487 1323 2552 sicut

170 2593 269 2658 facies
300 2593 441 2670 barbam,
476 2613 571 2676 quam
603 2613 664 2660 non
698 2615 768 2660 esse
798 2596 1008 2672 muniment0‚
1038 2596 1092 2660 sed
1120 2594 1207 2659 uirili
1235 2613 1321 2660 orna-

123 2733 151 2773 ee
170 2703 280 2765 mento
307 2700 450 2765 indicant
480 2718 578 2784 purae
609 2702 707 2766 facies
744 2701 944 2780 feminarum,
982 2719 1062 2783 quas
1094 2703 1206 2784 utique
1238 2699 1322 2764 infir·

169 2805 289 2870 miores
316 2805 434 2870 muniri
461 2806 565 2871 tutius
594 2807 785 2873 conueniret.
820 2805 855 2873 Si
883 2825 958 2892 ergo
987 2807 1111 2872 nullum
1143 2809 1321 2872 membrum

170 2913 287 2991 estin
311 2912 361 2978 hie
386 2913 515 2996 quidem
541 2915 722 2997 conspicuis
751 2912 848 3000 (unde
872 2914 1007 2998 ambigit
1025 2913 1142 3001 nemo),
1168 2915 1252 2998 quod
1275 2915 1321 2978 ita

170 3019 217 3085 sit
243 3019 338 3084 alicui
368 3020 455 3104 operi
484 3020 772 3103 adcommodatum,
803 3024 839 3085 ut
865 3040 926 3085 non
955 3022 1050 3086 etiam
1080 3021 1121 3086 sit
1154 3020 1319 3096 decorum3

171 3128 248 3191 sunt
270 3129 376 3191 autem
401 3127 563 3206 nonnulle,
583 3147 719 3210 quorum
737 3127 842 3193 solnm
863 3128 959 3193 decus
978 3132 1011 3193 et
1029 3128 1136 3193 nullus
1156 3133 1206 3192 est
1223 3147 1319 3193 usus:

123 3265 151 3306 2⁶
168 3234 249 3315 puto
263 3231 356 3296 facile
370 3232 514 3318 intellegi
528 3233 561 3298 in
576 3233 760 3299 condicione
775 3234 915 3316 corporis
930 3233 1118 3319 dignitatem
1138 3235 1320 3300 necessitati

168 3337 270 3402 fuisse
298 3339 482 3422 praelatam.
506 3328 692 3406 lbansitum
716 3343 766 3405 est
789 3325 907 3424 quippe
932 3341 1105 3406 necessitas
1129 3347 1319 3425 tempusque

168 3449 352 3524 uenturum,
369 3446 493 3529 quando
509 3449 578 3513 sola
596 3448 735 3512 inuicem
753 3448 992 3532 pulchritudine
1012 3449 1079 3514 sine
1098 3451 1165 3514 ulla
1187 3447 1319 3513 libidine

169 3551 382 3634 perfruamur:
399 3554 483 3636 quod
497 3554 631 3618 maxime
651 3554 690 3619 ad
708 3554 836 3619 laudem
851 3555 1049 3620 referendum
1065 3559 1115 3619 est
1129 3553 1319 3630 Conditoris

170 3657 1316 3742 euidieiturinpsalmozconfessionemecdeeoreminduisti.

259 3849 294 3903 29
313 3849 357 3904 Pe.
380 3850 473 3919 103,1

208 3954 361 4024 lpossitq
424 3955 524 4027 adque]
544 3956 685 4011 etDomb.
723 3957 865 4013 3uiscera
884 3959 925 4028 dp
961 3957 1183 4012 5anstbomicos
1197 3951 1316 4024 penua-

169 4069 310 4124 tonicosc
380 4071 562 4126 multorumb
635 4030 840 4144 inhumiles
894 4075 1055 4128 9numerus
1071 4089 1090 4142 9
1145 4072 1179 4127 10
1197 4069 1318 4124 errnonia

167 4200 230 4237 mee.
306 4186 338 4240 la
358 4203 465 4257 quoque
484 4189 580 4242 uiecer.
600 4205 685 4244 ome
777 4191 809 4244 15
828 4144 992 4259 pbbmaeq
1079 4189 1111 4243 18
1131 4191 1159 4242 et
1177 4201 1318 4242 erceieme

168 4272 309 4343 habeqtq
380 4277 541 4330 mammillas
553 4294 572 4346 9
624 4279 656 4331 19
674 4295 727 4333 non
747 4294 798 4332 om.
811 4295 829 4348 9
879 4279 910 4331 21
932 4278 1037 4332 munire
1056 4278 1172 4347 totiusp
1221 4277 1256 4330 22
1276 4285 1318 4329 est

169 4403 220 4441 om.
238 4387 339 4444 Domb.
393 4393 428 4446 23
448 4358 587 4463 911ᾳὶ1119
640 4394 674 4449 26
693 4394 852 4464 temporise
901 4393 935 4447 29
956 4393 1123 4448 confessione
1144 4397 1172 4448 et
1191 4392 1286 4446 decore
1299 4409 1317 4461 9
