3192 4959
372 438 421 490 lle
452 438 627 491 ciuitate
656 435 717 491 dei
745 438 810 492 lib.
839 437 896 493 XX.
927 455 1000 508 cap.
1026 439 1049 490 l.
1218 441 1281 503 441

131 634 319 716 angelum
344 631 658 697 descendentem
684 631 729 696 de
749 633 873 708 caelo,
893 631 1106 696 habentem
1126 633 1280 696 clauom

132 738 270 821 abyssi
303 745 342 802 et
374 745 554 803 catenam
588 739 625 802 in
654 759 770 802 manu
801 757 880 802 sua.
912 739 959 802 Et
991 738 1135 818 tenuit,
1169 738 1282 820 inquit,

133 846 343 909 draconem
375 846 492 911 illum
526 849 755 928 serpentem
784 848 1007 930 antiquum,
1041 846 1108 928 qui
1142 864 1282 928 cogno-

132 953 308 1016 minatus
328 957 389 1016 est
408 952 601 1017 diabolus
626 956 665 1016 et
684 957 860 1030 satanas,
881 959 919 1017 et
938 953 1144 1036 adligeuit
1162 951 1281 1016 illum

105 1058 245 1121 annille
269 1059 393 1124 annis.
418 1059 478 1125 lnoc
503 1063 561 1136 est,
587 1059 655 1123 eius
679 1061 871 1148 potestatem
901 1061 938 1123 ab
964 1061 1008 1123 eis
1033 1059 1221 1124 seducendis
1246 1078 1282 1122 ac

131 1164 341 1244 possidendis.
380 1166 434 1246 qui
471 1166 596 1230 fuerant
625 1166 791 1241 liberandi,
825 1167 968 1230 cohibuit
1000 1166 1103 1248 adque
1135 1165 1280 1229 frenauit.

131 1270 219 1333 Mille
244 1275 350 1334 anatem
375 1272 447 1335 anni
471 1272 595 1336 duobus
615 1272 718 1336 modis
737 1276 883 1354 possunt,
904 1276 1057 1354 quantum
1077 1271 1155 1335 mihi
1176 1291 1283 1336 occur·-

131 1376 179 1440 nit.
203 1376 365 1460 intellegi:
391 1382 447 1441 aut
470 1379 544 1458 quia
567 1379 598 1441 in
622 1378 746 1442 ultimis
771 1380 860 1444 annuis
885 1380 973 1448 mille
1002 1379 1065 1443 ista
1092 1399 1141 1443 nes
1166 1379 1281 1462 agitur.

129 1482 161 1544 id
185 1485 238 1546 est
261 1489 348 1546 sento
373 1501 526 1548 annorum
549 1483 686 1547 miliario
709 1486 873 1566 tamquam
894 1488 981 1549 sento
1002 1484 1063 1560 die,
1088 1485 1179 1549 cuius
1199 1502 1281 1547 nuuc

94 1589 236 1669 nspatia
266 1591 443 1670 posteriora
474 1591 659 1668 uoluuntur,
693 1594 842 1654 secuturo
877 1591 988 1654 deinde
1022 1591 1163 1666 sabbato,
1198 1591 1283 1672 quod

131 1715 189 1757 non
229 1695 327 1759 babet
362 1715 539 1780 uesperam.
577 1698 685 1778 requie
723 1697 848 1761 scilicet
880 1699 1071 1773 sanctorum,
1110 1717 1189 1778 quae
1221 1717 1280 1761 non

131 1801 227 1865 babet
264 1801 370 1879 finem,
409 1805 445 1866 ut
482 1802 579 1867 huius
616 1803 744 1868 miliarii
781 1807 943 1885 tamquam
978 1805 1039 1868 diei
1073 1805 1282 1869 nouissimam

130 1913 263 1988 partem,
297 1928 375 1988 quae
411 1911 595 1973 remanebat
626 1928 729 1991 usque
762 1910 802 1973 ad
833 1910 1003 1974 terminum
1033 1911 1163 1987 saeculi,
1194 1911 1282 1974 mille

131 2033 226 2077 annos
256 2015 465 2096 appellauerit
492 2034 528 2079 eo
552 2015 702 2098 loquendi
725 2017 831 2093 modo,
863 2036 924 2100 quo
949 2037 1020 2100 pars
1045 2015 1283 2100 significatura

90 2142 113 2181 aa
130 2125 213 2195 toto;
243 2128 299 2186 aut
327 2125 410 2186 certe
438 2122 526 2186 mille
554 2141 650 2187 annos
674 2143 730 2204 pro
754 2123 844 2186 annis
870 2125 1017 2188 omnibus
1042 2123 1137 2188 huius
1162 2123 1282 2188 saeculi

130 2228 251 2308 posuit.
275 2233 312 2290 ut
334 2229 473 2311 perfeeto
498 2248 628 2293 numero
653 2232 816 2294 notaretur·
838 2229 908 2311 ipsa
931 2230 1083 2311 temporis
1108 2230 1281 2312 plenitudo.

131 2334 329 2398 llillenanius
348 2335 464 2417 quippe
483 2355 634 2400 numerus
653 2336 774 2399 denarii
791 2337 915 2400 numeri
934 2336 1123 2418 quadratum
1143 2335 1280 2400 solidum

129 2439 245 2504 reddit.
273 2441 391 2505 Decem
420 2443 536 2525 quippe
565 2442 691 2506 deciens
720 2442 816 2506 ducta
842 2441 923 2507 fiunt
947 2447 1084 2518 centum,
1115 2462 1194 2524 quae
1218 2443 1280 2505 iam

129 2545 235 2630 figura
253 2548 414 2629 quadrata,
439 2549 495 2611 sed
512 2550 607 2630 plana
625 2552 690 2623 est3
717 2553 753 2612 ut
771 2556 878 2613 autom
897 2551 928 2613 in
949 2549 1152 2613 altitudinem
1172 2551 1283 2632 surgat

86 2674 112 2714 ao
130 2658 161 2717 et
185 2655 290 2718 solida
312 2653 378 2731 fiat,
407 2674 516 2719 rursus
541 2659 667 2720 cenatum
692 2656 818 2720 deciens
847 2655 1110 2738 multiplicantur,
1140 2657 1172 2718 et
1194 2655 1282 2719 mille

128 2767 217 2824 sunt.
236 2760 332 2824 Porro
352 2763 380 2824 si
400 2764 527 2826 centum
545 2763 616 2844 ipsa
633 2782 689 2843 pro
709 2763 920 2826 uniuersitate
935 2762 1102 2844 aliquando
1117 2764 1282 2845 ponantur,

128 2869 225 2948 quale
251 2867 331 2931 illud
360 2872 420 2948 est,
448 2869 533 2949 quod
557 2868 712 2933 Dominus
741 2869 845 2934 omnia
869 2889 927 2933 sua
957 2870 1130 2933 dimittenti
1154 2871 1280 2932 etcum

127 2974 279 3055 sequenti
306 2973 454 3054 promisit
477 2975 601 3039 dicens:
630 2974 824 3056 Accipiet
850 2975 888 3038 in
912 2976 985 3039 hoc
1010 2973 1174 3039 saeculo
1199 2993 1282 3038 cen-

127 3079 301 3161 tuplum,
325 3079 410 3162 qnod
434 3101 591 3164 exponens
611 3081 746 3162 quodam
770 3081 865 3145 modo
886 3084 1050 3165 apostolus
1070 3083 1131 3146 ait:
1157 3079 1281 3160 Quasi

85 3185 239 3249 aanihil
266 3187 472 3259 habentes,
507 3189 545 3250 et
574 3188 702 3252 omnia
730 3188 1010 3270 possidentem
1045 3189 1118 3271 quia
1149 3191 1181 3251 et
1210 3191 1282 3251 ante

126 3293 193 3356 iam
216 3292 336 3357 dictum
356 3298 439 3358 erat:
463 3293 621 3359 Fidelis
647 3295 823 3359 hominis
847 3298 962 3360 totus
987 3295 1156 3359 anundus
1182 3294 1280 3357 dini·

128 3399 281 3461 tiarum
310 3401 389 3462 est:
418 3402 536 3481 quanto
560 3399 663 3482 magis
688 3400 775 3463 mille
798 3419 854 3482 pro
879 3401 1087 3464 uniuersitate
1111 3405 1280 3482 ponuntur,

126 3506 185 3569 ubi
211 3509 261 3569 est
284 3505 429 3570 soliditas
454 3506 556 3588 ipsius
580 3507 725 3570 denariae
749 3508 982 3589 quadraturae?
1006 3507 1097 3571 Unde
1120 3527 1178 3572 neo
1201 3507 1281 3570 illud

126 3612 247 3676 melius
279 3610 486 3696 intellegitur,
521 3613 605 3695 qnod
638 3614 669 3676 in
697 3615 821 3696 psalmo
850 3613 985 3697 legitur:
1020 3615 1169 3678 llemor
1200 3614 1282 3678 fuit

221 3891 440 3957 23l1r.19,29
487 3891 522 3944 24
541 3892 566 3947 2.
587 3891 646 3946 Cor.
666 3893 692 3955 6,
713 3893 746 3944 10
792 3892 1024 3954 aopi-numa
1066 3892 1279 3958 aupaldus

162 4071 181 4122 4
201 4068 279 4121 illum
301 4068 457 4138 bopppl;
476 4085 537 4121 eum
553 4085 624 4122 auo
661 4069 675 4120 7
696 4046 812 4130 uidetur,
832 4069 863 4120 in
882 4046 1111 4135 ratiarpsoccurrit,
1131 4083 1144 4121 e
1180 4067 1196 4120 8
1216 4084 1280 4136 age-

125 4157 223 4226 tnrq²
273 4158 307 4210 10
324 4157 450 4225 spatiola
501 4157 534 4210 18
553 4157 690 4210 faciunte
743 4156 809 4225 innan]
831 4157 912 4208 etium
933 4156 957 4213 b.
978 4173 1028 4210 cnr.
1046 4171 1066 4223 p
1118 4157 1151 4210 19
1170 4156 1281 4226 plenab

125 4248 162 4300 '20
182 4245 493 4299 fiatafinmeorm
570 4261 709 4297 rursume
798 4245 830 4297 al
852 4244 944 4311 aliqua
959 4261 980 4311 p
1059 4248 1194 4312 ponantur
1213 4245 1281 4313 bpp

125 4337 162 4389 22
183 4334 310 4387 dominus
330 4334 404 4403 aitp
458 4334 492 4388 23
511 4334 539 4386 in
559 4334 731 4403 saeculump
790 4335 824 4386 27
843 4333 931 4400 magis
950 4349 1037 4402 oaap
1110 4339 1281 4403 ponanturp
