3192 4959
356 461 406 514 Dc
435 460 608 515 ciuitate
637 459 697 514 dci
725 459 792 514 lib.
816 460 888 514 XVI.
913 477 988 530 cap.
1015 459 1056 515 1o.
1083 461 1124 515 11.
1250 465 1313 528 147

167 660 241 721 sunt
269 655 451 721 nominibus
475 655 622 739 propriis.
652 654 783 735 Quando
810 658 917 720 autem
943 658 1009 720 erat
1031 675 1103 735 una,
1128 657 1206 721 nihil
1230 658 1316 722 alind

168 781 259 845 quam
284 763 424 827 humana
446 763 557 847 lingua
580 763 631 828 uel
655 764 791 827 humana
815 764 937 828 locutio
960 764 1145 842 uocabatur,
1170 784 1232 846 qua
1249 766 1318 830 sola

167 871 355 935 uniuersum
381 888 481 954 genus
505 870 679 934 humanum
704 869 906 952 loquebatur.

211 976 335 1046 Dixerit
358 977 488 1058 aliquis:
518 975 607 1042 siin
632 975 744 1041 diebus
768 975 906 1041 Phalecb
930 975 988 1040 filii
1012 977 1119 1041 Heber
1141 977 1246 1042 diuisa
1268 981 1318 1043 est

142 1089 250 1147 eterra
282 1101 339 1165 per
365 1084 502 1168 linguas,
535 1083 568 1147 id
597 1085 648 1148 est
674 1083 830 1158 homines,
865 1083 920 1164 qui
947 1085 1024 1148 tunc
1052 1088 1141 1148 erant
1167 1085 1198 1148 in
1222 1088 1315 1161 terra,

167 1211 201 1256 er
229 1191 301 1254 eius
329 1191 455 1255 nomine
482 1190 591 1272 potius
617 1189 727 1254 debuit
750 1190 902 1272 appellari
925 1188 1035 1273 lingua
1057 1190 1123 1265 illa,
1152 1209 1232 1274 quae
1255 1193 1317 1257 fnit

167 1299 317 1364 omnibus
341 1301 414 1361 ante
438 1297 627 1361 communis.
653 1295 714 1362 Sed
738 1296 989 1380 intellegendum
1015 1301 1064 1361 est
1085 1297 1192 1380 ipsum
1211 1299 1318 1364 chcr

166 1407 333 1488 propterea
360 1404 425 1467 tale
454 1423 566 1468 nomen
591 1403 772 1486 inposuisse
795 1404 861 1468 filio
886 1423 956 1482 suo,
985 1407 1022 1469 ut
1045 1408 1215 1470 uocaretur
1235 1407 1316 1471 Pba

166 1513 246 1587 lech,
268 1510 353 1593 quod
371 1510 597 1592 interpretatur
616 1509 743 1587 diuisiu,
764 1511 838 1594 quia
856 1515 934 1575 tunc
954 1511 982 1575 ei
1000 1514 1170 1590 natusest,
1191 1513 1316 1595 quando

129 1641 150 1676 n
166 1639 221 1701 per
248 1619 376 1703 linguas
404 1621 487 1682 terra
514 1616 620 1682 diuisa
644 1623 703 1696 est,
732 1616 764 1681 id
789 1622 840 1682 est
860 1617 930 1699 ipso
954 1621 1106 1702 tempore,
1131 1623 1168 1682 ut
1190 1620 1249 1684 hoo
1274 1620 1317 1684 sit

167 1725 250 1808 quod
272 1725 393 1789 dictum
414 1726 479 1788 est:
500 1723 540 1788 In
566 1725 714 1790 diebus
740 1724 827 1788 eius
852 1723 988 1788 diuisa
1011 1727 1074 1789 θεῖ
1097 1729 1214 1791 terra.
1233 1724 1316 1790 Nam

166 1835 227 1899 nisi
255 1833 359 1898 adbuc
387 1833 494 1898 Heben
521 1833 646 1898 uiueret
674 1831 798 1914 quando
821 1831 1002 1915 linguarum
1026 1830 1111 1895 facta
1135 1835 1185 1896 est
1207 1832 1315 1897 miulti-

167 1941 255 2018 tudo,
281 1957 342 2003 non
367 1957 403 2002 ex
427 1937 495 2003 eius
518 1937 644 2002 nomine
668 1956 781 2001 nomen
807 1937 963 2018 acciperet
989 1937 1110 2020 lingua,
1135 1957 1216 2020 quae
1240 1943 1317 2022 aput

167 2047 258 2111 illum
297 2047 404 2128 potnit
439 2063 631 2128 permanere.
669 2045 710 2108 m
741 2043 813 2108 ideo
847 2044 1002 2108 credenda
1034 2048 1084 2108 eet
1114 2046 1185 2128 ipsa
1216 2045 1316 2110 fuisse

128 2155 270 2236 aprima
296 2152 353 2217 illa
380 2152 568 2230 communis,
597 2152 745 2234 quoniam
775 2150 813 2214 de
840 2170 942 2234 poena
970 2151 1060 2215 uenit
1080 2149 1139 2216 illa
1161 2152 1316 2234 multipli-

168 2260 248 2324 catio
283 2259 483 2341 mutatioque
513 2258 692 2341 linguarum
723 2260 755 2321 et
782 2257 894 2338 utiquc
921 2262 1047 2339 praeter
1073 2258 1153 2322 banc
1181 2276 1314 2340 poenam

168 2385 236 2431 esse
266 2365 378 2430 debuit
404 2365 541 2448 populus
565 2364 635 2431 Dei.
665 2363 732 2428 Nec
756 2363 874 2428 frustra
897 2364 1009 2448 lingua
1031 2363 1109 2428 haec
1134 2368 1194 2443 est,
1219 2383 1314 2447 quam

166 2473 269 2538 tenuit
291 2471 461 2550 Abraham,
486 2489 542 2536 nec
565 2471 597 2535 in
622 2490 732 2536 ornnes
757 2489 833 2536 suos
856 2470 941 2534 tilios
965 2470 1180 2535 transmittere
1198 2473 1315 2555 potuit,

166 2579 222 2644 sed
245 2581 278 2643 in
303 2597 357 2644 eos
381 2581 516 2656 tantum,
538 2579 592 2662 qui
610 2577 777 2663 propagati
797 2597 852 2661 per
870 2577 965 2642 laoob
985 2580 1018 2641 et
1034 2577 1194 2661 insignius
1213 2577 1315 2660 adque

125 2685 359 2750 ”eminentius
392 2686 423 2748 in
456 2685 516 2750 Dei
547 2686 702 2768 populum
737 2686 951 2749 coalescentes
978 2684 1037 2748 Dei
1065 2687 1257 2749 testamenta
1285 2689 1317 2750 θῖ

165 2795 300 2875 stirpem
334 2791 454 2857 Christi
487 2791 601 2856 babere
633 2794 817 2873 potuerunt.
851 2789 918 2856 Nec
950 2791 1057 2855 Heben
1088 2791 1158 2873 ipse
1185 2791 1315 2856 eandern

163 2901 308 2984 linguam
340 2898 372 2962 in
401 2898 584 2962 uniuersam
612 2897 795 2982 progeniem
825 2917 915 2963 suam
944 2897 1072 2975 refudit,
1102 2898 1159 2962 sed
1186 2896 1217 2962 in
1246 2918 1315 2963 eam

163 3011 303 3087 tantum,
336 3005 428 3070 cuius
463 3005 681 3090 generationes
714 3003 931 3086 perducuntur
962 3003 1001 3067 ad
1032 3002 1201 3069 Abraham.
1233 3003 1315 3084 Qua·

161 3115 295 3195 propter
327 3109 454 3174 etiamsi
488 3128 548 3174 non
577 3109 740 3174 euidenter
769 3129 951 3192 expressum
981 3113 1032 3174 est
1058 3109 1158 3175 fnisse
1186 3110 1314 3193 aliquod

119 3235 143 3274 θ
161 3221 253 3302 pium
275 3236 378 3301 genus
396 3216 572 3294 bominum,
592 3216 716 3298 quando
741 3217 778 3280 ab
804 3215 899 3299 inpiis
918 3216 1094 3300 Babylonia
1114 3217 1315 3294 condebatur,

161 3346 223 3390 non
251 3325 292 3389 ad
316 3325 376 3390 hoc
400 3323 505 3388 ualuit
527 3324 605 3388 haec
630 3322 820 3398 obscuritas,
844 3327 881 3386 ut
904 3322 1083 3405 quaerentis
1107 3323 1314 3402 fraudaretur,

159 3431 217 3497 sed
247 3431 358 3516 potius
387 3433 425 3495 ut
452 3433 648 3494 exerceretur
676 3429 824 3494 intentio.
857 3429 937 3494 Cum
965 3431 1049 3493 enim
1078 3430 1198 3512 legitur
1219 3451 1314 3494 unam

158 3540 265 3604 fuisse
298 3538 443 3622 linguam
475 3537 623 3619 primitus
657 3535 798 3601 omniurn
828 3541 861 3600 et
889 3540 961 3601 ante
990 3555 1098 3602 omues
1127 3537 1210 3601 filios
1240 3537 1314 3602 Sem

159 3643 406 3710 commendatur
428 3643 544 3723 Heben,
569 3643 716 3726 quamuis
741 3661 777 3706 er
804 3643 861 3707 illo
890 3643 1019 3724 quintus
1044 3643 1172 3721 oriatur,
1197 3647 1229 3708 et
1251 3644 1314 3707 He-

115 3771 141 3812 ao
157 3751 257 3816 braea
282 3754 419 3815 uocatur
436 3750 556 3834 lingua,
578 3767 671 3832 quam
691 3749 942 3832 patriarcharum
962 3751 995 3813 et
1012 3749 1234 3832 prophetarum
1253 3769 1313 3813 non

252 3996 285 4048 11
312 3989 378 4046 Gen.
400 3991 442 4057 lo,
462 3992 496 4046 25

194 4165 302 4220 lsunt
323 4159 360 4228 εξ·
379 4161 418 4214 sic
437 4159 462 4214 θ1
536 4160 569 4214 14
588 4123 801 4225 θτθόθῃάἰιωῑῖ
871 4163 913 4214 θεῖ
931 4178 1016 4215 orne
1077 4160 1108 4214 18
1127 4161 1198 4214 filios
1217 4177 1313 4214 snosv

158 4285 193 4340 20
212 4282 246 4336 de
266 4279 338 4334 test.
361 4275 385 4332 V
442 4276 477 4329 23
496 4231 628 4346 perduci-N¹
641 4281 694 4343 tur,
714 4293 748 4330 uu
768 4295 803 4330 m.
822 4281 838 4330 1
855 4276 903 4332 aad
920 4278 1051 4346 rescript,
1076 4276 1113 4342 V,·
1130 4275 1313 4346 perducuntur

158 4371 216 4426 rell.
236 4385 269 4438 υς
289 4363 475 4437 perducantur
493 4363 593 4417 Domb.
648 4365 682 4417 29
703 4364 735 4417 ab
755 4365 838 4418 illoo

1228 4474 1275 4525 10*
