3192 4959
290 429 330 491 18
636 426 665 481 S.
693 424 849 479 Aurelii
876 422 1093 495 Augustini

287 640 375 696 uos;
409 639 512 685 nunc
541 620 706 705 gaudeo,
731 641 807 686 non
836 622 930 704 quia
953 620 1200 687 contristati
1223 620 1339 697 estis,
1365 616 1435 683 sed

288 727 382 811 quia
419 726 664 793 contristati
702 727 806 791 ostis
847 727 887 790 in
928 727 1237 809 paenitentiam.
1279 725 1435 792 Contri-

289 833 392 898 stati
421 834 525 898 enim
553 833 657 897 estis
686 831 906 897 secundum
934 832 1067 908 Deum,
1095 834 1139 895 ut
1166 832 1204 896 in
1232 833 1346 897 nullo
1377 831 1435 895 de-

287 941 528 1005 trimentum
556 938 772 1022 patiamini
802 958 846 1003 er
872 938 999 1003 nobis.
1033 936 1140 1016 Quae
1168 940 1270 1004 enim
1298 960 1435 1005 secun-

288 1046 376 1111 dum
401 1046 525 1111 Deum
554 1048 617 1110 est
636 1045 838 1123 tristitia,
862 1046 1164 1127 paenitentiam
1190 1046 1229 1109 in
1258 1048 1434 1111 salutem
1467 1064 1481 1105 s

287 1150 620 1235 inpoenitondam
660 1153 869 1234 operatum
907 1152 1044 1216 mundi
1081 1155 1214 1216 autem
1251 1153 1436 1217 tristitia

286 1260 453 1323 mortem
484 1260 688 1341 operatur.
726 1258 829 1323 Ecce
858 1258 959 1322 enim
988 1257 1028 1323 id
1057 1258 1190 1342 ipsum
1214 1259 1433 1323 seeundum

286 1366 409 1429 Deum
435 1364 680 1428 contristari
705 1369 895 1446 quantam
918 1364 1098 1449 perfecit
1119 1365 1156 1429 in
1181 1366 1300 1429 uobis
1326 1366 1435 1431 indu·

286 1469 442 1536 striam.
466 1470 512 1533 Ac
536 1489 592 1553 per
614 1470 675 1535 hoc
698 1474 835 1553 possunt
858 1469 958 1535 Stoici
980 1490 1036 1554 pro
1060 1471 1128 1535 suis
1148 1471 1290 1554 partibus
1309 1490 1436 1553 respon-

287 1578 370 1653 dero,
396 1576 518 1641 adhoc
542 1576 644 1641 uideri
668 1576 779 1641 sutilem
805 1597 874 1642 esse
896 1577 1072 1656 tristitiam,
1097 1580 1134 1641 ut
1155 1596 1303 1661 peccasse
1329 1578 1433 1659 paeni·
1453 1597 1480 1637 10

286 1688 367 1758 teat;
392 1684 423 1747 in
447 1682 552 1747 animo
577 1686 684 1747 antem
708 1683 862 1765 sapientis
885 1684 956 1748 ideo
980 1702 1135 1749 essenon
1159 1702 1264 1766 posse,
1284 1684 1358 1766 quia
1376 1703 1434 1749 nec

287 1792 453 1873 peccatum
485 1790 517 1853 in
551 1809 623 1853 eum
657 1789 751 1867 cadit,
781 1790 873 1854 cuius
904 1790 1099 1873 paenitentia
1129 1790 1345 1869 contristetur,
1374 1810 1435 1855 nec

287 1895 388 1960 rrllrrm
413 1895 499 1959 aliud
523 1897 653 1973 malum,
678 1896 761 1979 quod
785 1897 990 1979 perpetiendo
1015 1900 1047 1961 et
1071 1896 1235 1961 sentiendo
1260 1897 1304 1961 sit
1320 1897 1433 1962 tristis.

284 2003 367 2067 Nam
393 2006 424 2066 et
442 2002 641 2067 Alcibiadem
664 2002 770 2067 ferunt
793 2002 834 2087 (si
854 2022 904 2067 me
925 2003 962 2066 de
981 2002 1108 2067 nomine
1126 2003 1264 2067 hominis
1283 2004 1436 2068 memoria

287 2128 348 2173 non
377 2108 486 2195 fallit),
511 2128 582 2173 cum
612 2109 673 2174 sibi
701 2110 815 2174 beatus
842 2109 1013 2186 uideretur,
1038 2108 1167 2175 Socrate
1195 2109 1378 2192 disputante
1402 2113 1436 2175 et
1453 2128 1479 2169 n

286 2214 316 2277 ei
349 2234 443 2295 quam
476 2214 573 2279 miser
606 2219 701 2292 esset,
736 2216 884 2297 quoniam
917 2217 1037 2281 stultus
1069 2219 1165 2291 esset,
1199 2216 1434 2281 demonstrante

287 2320 425 2385 fleuisse.
466 2320 550 2384 Huic
584 2340 656 2405 ergo
691 2322 831 2386 stultitia
861 2322 924 2387 fuit
955 2342 1052 2387 causa
1083 2322 1179 2387 etiam
1211 2322 1308 2386 huius
1344 2322 1434 2386 utilis

286 2426 506 2509 optandaeque
530 2428 690 2504 tristitiae,
710 2446 771 2510 qua
794 2428 889 2494 homo
915 2448 985 2493 esse
1008 2448 1043 2493 se
1063 2428 1159 2506 dolet,
1179 2428 1263 2509 quod
1283 2417 1432 2494 essenon

287 2532 390 2597 debet.
415 2534 514 2600 Stoici
539 2554 577 2598 au
595 2554 644 2599 em
667 2554 728 2600 non
752 2537 900 2613 stultum,
920 2536 976 2601 sad
999 2535 1175 2617 sapientem
1197 2534 1287 2599 aium
1307 2536 1432 2599 tristem

287 2658 357 2703 esse
381 2660 440 2705 non
465 2658 568 2723 posse.
1452 2662 1480 2703 2⁰

727 2832 866 2899 CAPUT
890 2833 993 2897 VHII.

336 2974 389 3037 De
419 2972 810 3056 perturbationibus
839 2974 972 3049 animi,
1002 2994 1166 3057 quarum
1196 2976 1387 3041 adfectus

535 3082 672 3143 rectos
700 3079 824 3144 habet
850 3080 940 3143 nita
965 3080 1182 3147 iustorum.

331 3218 449 3283 Verum
481 3218 531 3283 his
564 3218 773 3301 philosophis,
808 3221 893 3303 quod
930 3220 969 3284 ad
1005 3222 1100 3287 istam
1138 3225 1356 3306 quaestionem
1393 3226 1432 3290 de

287 3324 382 3388 animi
401 3326 691 3408 perturbationibus
712 3326 844 3406 adtinet,
862 3328 925 3392 iam
944 3328 1166 3409 respondimus
1184 3330 1216 3395 in
1236 3350 1316 3396 nono
1336 3331 1432 3397 huius
1451 3362 1481 3403 so

287 3432 390 3513 operis
421 3431 513 3511 libro,
547 3433 748 3497 ostendentes
783 3454 837 3499 eos
868 3454 929 3499 non
961 3438 1027 3498 tam
1059 3435 1097 3500 de
1129 3437 1234 3516 rebus,
1267 3458 1362 3521 quam
1393 3438 1432 3502 de

287 3540 394 3604 uerbis
419 3539 597 3622 cupidiores
622 3559 692 3605 esse
716 3541 925 3606 contentionis
950 3560 1044 3624 quam
1072 3544 1228 3608 ueritatis.
1264 3544 1353 3629 Aput
1374 3565 1432 3610 nos

287 3650 393 3710 autem
429 3646 517 3710 iusta
553 3646 725 3730 scripturas
764 3651 889 3711 sanctas
927 3668 1100 3732 sanamque
1138 3649 1312 3715 doctrinam
1345 3652 1432 3716 ciues

377 3908 452 3960 260.
474 3908 539 3971 4;5

323 4048 422 4115 2quia
441 4048 522 4104 onai
595 4048 660 4102 estis
679 4050 767 4103 omb
839 4052 867 4104 in
885 4068 961 4118 arse.;
981 4051 1049 4106 adu
1103 4052 1167 4107 bin
1185 4053 1390 4124 paenitentiam,
1409 4054 1432 4107 ti

288 4150 321 4189 erc
340 4134 356 4187 d
375 4136 482 4201 corr.‚i
533 4138 654 4192 imorte
677 4137 703 4191 V
756 4156 827 4208 oper.
846 4141 991 4194 morteml
1043 4141 1126 4210 Ecce]
1146 4142 1242 4197 haecb
1291 4129 1390 4197 {idn-m
1410 4144 1437 4195 V

289 4224 441 4277 contristari
462 4242 509 4279 uos
531 4226 555 4287 f
606 4226 721 4296 perfecit
743 4228 875 4282 Μαῖα
892 4229 1008 4296 Domb.;
1026 4231 1132 4301 perficit
1155 4230 1271 4300 V²apv
1307 4232 1324 4286 9
1342 4233 1433 4287 istoici

288 4318 313 4365 et
331 4312 370 4365 sic
387 4328 489 4381 sernper
512 4314 537 4367 Γ
590 4316 622 4369 16
643 4319 671 4369 ot
690 4316 847 4385 quoniaml
902 4317 935 4371 18
954 4334 1034 4387 qnam
1058 4319 1094 4386 V;
1114 4320 1203 4374 euml
1256 4320 1291 4373 28
1309 4336 1433 4375 sacrans
