3192 4959
311 467 376 530 366
655 464 682 518 S.
710 463 865 518 Aurelii
895 465 1113 533 Augustini

307 659 487 735 uetuerunt,
512 662 569 722 aut
590 659 799 742 negotiosam,
825 659 910 723 sicut
931 659 974 737 hi,
995 659 1141 741 quicum
1162 658 1458 742 philosopharentur

307 768 412 829 tamen
438 765 713 830 administratione
735 765 782 829 rei
805 765 951 848 publicae
970 765 1180 848 regendisque
1197 765 1293 829 rebus
1313 765 1456 829 humenis

308 872 547 954 occupatissimi
584 871 740 950 luerunt„
761 874 818 935 ant
854 890 890 935 ex
926 875 1060 952 utroque
1095 891 1208 956 genere
1241 875 1457 954 temperatam,

307 979 393 1044 sicut
424 979 467 1053 hi,
502 980 557 1061 qui
589 979 705 1061 partim
734 978 859 1042 erudito
889 979 952 1042 otio
983 978 1099 1060 partim
1128 979 1308 1043 necessario
1332 979 1457 1062 negotio

308 1086 494 1150 alternantia
522 1085 608 1148 uitae
637 1104 714 1148 suae
742 1089 887 1167 tempora
914 1085 1107 1150 tribuerunt:
1136 1089 1266 1168 propter
1292 1087 1349 1151 has
1374 1085 1491 1150 dille-⁵

306 1193 426 1257 rentias
458 1195 566 1275 potest
597 1191 694 1255 etiam
721 1191 875 1274 triplicari
903 1211 1054 1256 numerus
1082 1193 1144 1257 iste
1173 1197 1332 1256 sectarum
1362 1197 1393 1256 et
1421 1191 1456 1255 ad

309 1299 462 1363 ducentas
487 1299 650 1382 octoginta
674 1302 744 1363 octo
769 1298 910 1379 perduci.

351 1405 439 1468 Haec
468 1404 506 1468 de
535 1404 684 1468 Varronis
712 1404 804 1478 libro,
835 1409 988 1487 quantum
1019 1406 1119 1487 potui,
1147 1405 1287 1469 breuiter
1315 1424 1351 1469 so
1380 1405 1455 1470 dilu-

308 1511 378 1576 cide
405 1512 509 1595 posui,
538 1512 711 1576 sententies
741 1511 810 1576 eius
833 1513 913 1576 meis
942 1513 1100 1595 explicans
1124 1512 1242 1578 uerbis.
1273 1510 1342 1589 Quo
1366 1511 1454 1576 modo

307 1622 414 1683 autem
437 1619 585 1683 refutatis
610 1619 723 1682 ceteris
746 1636 843 1682 unam
867 1619 974 1700 eligat,
1000 1635 1093 1701 quam
1112 1620 1186 1682 uult
1204 1637 1275 1684 esse
1294 1619 1456 1683 Academi·
1473 1639 1494 1676 ro

307 1745 417 1790 corum
444 1729 590 1789 ueterum
620 1727 715 1808 (quos
739 1745 757 1788 a
779 1725 911 1790 Platone
934 1725 1100 1790 institutos
1124 1744 1227 1807 usque
1252 1725 1291 1789 ad
1316 1726 1456 1790 Polemo-

307 1850 390 1909 nem,
415 1831 470 1912 qui
494 1831 532 1895 ah
556 1832 612 1895 illo
638 1835 769 1912 quartus
795 1831 863 1895 eius
889 1831 1031 1895 scholam
1050 1831 1164 1909 tenuit,
1190 1851 1271 1914 quae
1290 1831 1457 1896 Academia

308 1937 393 2002 dicta
417 1941 475 2011 est,
499 1937 651 2001 hahuisse
676 1941 762 2001 certa
780 1936 930 2021 dogmata
948 1937 1021 2002 uult
1039 1937 1139 2002 uideri
1161 1941 1193 2002 et
1211 1938 1250 2003 ob
1271 1938 1332 2003 hoc
1351 1938 1456 2002 distin-

309 2044 380 2128 guit
406 2043 445 2106 ab
473 2042 673 2106 Academicis
701 2043 805 2118 nouis,
835 2043 951 2124 quibus
979 2042 1099 2107 incerte
1127 2047 1202 2106 sunt
1230 2045 1346 2120 omnia,
1377 2043 1456 2124 quod

306 2149 528 2231 philosophiae
552 2169 652 2232 genus
682 2149 720 2214 ab
744 2149 887 2213 Arcesila
911 2149 1017 2232 coepit
1040 2167 1227 2214 successore
1250 2149 1456 2234 Polemonis),
1472 2171 1494 2210 s

308 2274 438 2337 eamque
471 2259 602 2334 sectam,
634 2256 666 2320 id
695 2259 744 2320 est
771 2260 915 2319 ueterum
948 2255 1223 2328 Academicorum,
1252 2254 1340 2320 sicut
1373 2255 1456 2319 dubi-

307 2363 427 2426 tatione
458 2362 505 2426 ita
537 2363 621 2427 omni
654 2382 757 2428 errore
790 2381 894 2426 carere
933 2363 1111 2440 arbitretur,
1148 2363 1281 2446 longum
1320 2365 1371 2426 est
1405 2381 1457 2444 per

308 2470 412 2533 omnia
440 2468 668 2546 demonstrare;
698 2489 754 2534 nec
783 2474 889 2533 tauron
919 2469 1004 2533 omni
1034 2489 1067 2532 er
1097 2473 1186 2552 parte
1209 2488 1260 2533 res
1286 2469 1455 2533 omittenda

308 2578 367 2639 est.
390 2575 549 2639 Remouet
575 2594 649 2659 ergo
673 2576 761 2658 prius
786 2575 858 2639 illae
883 2595 992 2640 omnes
1017 2573 1220 2652 differentias,
1247 2593 1327 2656 quae
1352 2593 1454 2637 nume·

305 2701 375 2745 rum
408 2681 663 2763 multiplicauere
697 2685 866 2758 sectarum,
901 2702 978 2764 quas
1012 2681 1082 2745 ideo
1116 2681 1325 2745 remouendas
1356 2683 1491 2762 putata

307 2787 468 2869 quianon
496 2788 527 2850 in
557 2788 603 2852 eis
632 2791 682 2852 est
709 2787 780 2853 finis
810 2789 894 2852 honi.
924 2789 1035 2871 Neque
1065 2787 1148 2852 eninr
1174 2787 1337 2852 existimat
1361 2789 1453 2852 ullam

305 2893 526 2974 philosophiae
542 2899 662 2959 sectam
678 2913 748 2959 osse
763 2894 939 2968 dicendam,
956 2914 1035 2978 quae
1052 2914 1112 2960 non
1129 2913 1164 2958 eo
1181 2895 1313 2958 disteta
1333 2895 1455 2958 ceteris.

306 2999 391 3081 quod
424 2999 567 3064 diuersos
599 3001 714 3065 haheat
746 3001 823 3066 fines
861 3002 1015 3066 honorum
1050 3005 1082 3066 et
1117 3002 1285 3067 malorum.
1325 3000 1455 3080 Quando

307 3105 435 3186 quidem
464 3107 551 3169 nulle
575 3111 625 3172 est
647 3107 769 3171 homini
793 3127 890 3173 causa
917 3109 1172 3192 philosophandi,
1197 3108 1258 3172 nisi
1283 3111 1321 3172 ut
1344 3109 1454 3171 heatus

305 3211 361 3287 sit3
391 3211 475 3293 quod
504 3216 610 3277 antem
637 3215 767 3278 beatum
795 3214 883 3290 fecit,
912 3215 981 3296 ipse
1006 3218 1056 3279 eet
1078 3215 1149 3279 finis
1177 3215 1265 3290 boni3
1295 3216 1385 3279 nulla
1409 3219 1454 3278 est
1471 3231 1492 3272 a

304 3317 404 3401 igitur
427 3337 524 3383 causa
547 3320 804 3403 philosophandi,
828 3321 889 3387 nisi
909 3321 979 3386 finis
999 3321 1087 3386 boni:
1114 3341 1207 3402 quarn
1229 3322 1354 3387 obrem
1377 3341 1453 3403 quae

304 3425 428 3487 nullum
455 3424 529 3500 hopi
557 3426 651 3490 linem
679 3429 830 3503 sectatur,
855 3428 941 3492 nulle
965 3427 1185 3510 philosophiae
1211 3431 1298 3492 secta
1322 3427 1453 3494 dicenda

305 3533 364 3594 est.
393 3529 474 3595 Cum
507 3551 580 3616 ergo
610 3534 771 3616 quaeritur
798 3534 837 3597 de
866 3534 976 3598 sociali
1006 3535 1083 3611 uite,
1117 3537 1224 3598 utrum
1248 3536 1292 3598 sit
1320 3535 1453 3600 tenenda

305 3637 450 3718 sapienti,
478 3640 516 3703 ut
543 3658 704 3704 summum
732 3640 861 3716 honum,
890 3661 952 3723 quo
982 3641 1019 3705 fit
1040 3642 1135 3705 homo
1159 3641 1284 3718 heatus
1308 3641 1354 3706 ita
1378 3641 1454 3705 uelit

306 3745 338 3806 et
366 3749 454 3808 curet
482 3745 575 3809 amici
599 3746 660 3823 sui,
690 3766 782 3828 quem
808 3747 999 3812 admodum
1024 3767 1128 3825 suurn,
1154 3766 1190 3810 an
1216 3767 1292 3811 snae
1316 3752 1452 3812 tantum·
1467 3763 1490 3804 so

304 3848 399 3914 modo
431 3849 639 3914 beatitudinis
673 3871 770 3916 cause
798 3852 895 3916 faciet
923 3851 1077 3933 quidquid
1105 3851 1195 3916 lacit:
1231 3871 1290 3916 non
1321 3852 1360 3916 de
1386 3855 1451 3934 ipso

340 4074 549 4144 dtriplecarip
604 4078 637 4129 12
656 4077 755 4130 scolam
774 4093 814 4146 ep
878 4077 1033 4131 academice
1052 4095 1070 4130 α-
1126 4080 1158 4132 15
1178 4079 1293 4132 arcesila
1308 4097 1339 4148 p,
1360 4081 1451 4134 arohe-

304 4189 356 4242 sila
374 4191 531 4260 acepse-
551 4191 736 4259 archeeilaop
806 4193 840 4246 20
850 4157 1024 4246 ''mouendas
1041 4210 1059 4262 p
1123 4195 1154 4246 21
1175 4193 1288 4264 illamp
1358 4197 1393 4250 22
1413 4195 1450 4248 di·

304 4277 726 4349 stet9¹;distutabeq²ppo
802 4281 836 4333 23
857 4297 945 4350 quop
1023 4281 1057 4334 29
1077 4281 1190 4351 uellity
1272 4282 1450 4354 30et1ure

303 4367 336 4420 31
356 4366 474 4437 society
546 4368 674 4436 quicquid
692 4369 812 4438 suciatp
886 4369 953 4424 tacit
971 4387 1022 4424 om.
1040 4369 1069 4439 9¹
