3192 4959
348 449 398 503 Da
427 448 602 503 ciuitate
630 448 691 502 dei
719 449 785 502 lib.
813 449 1005 520 XXILcap.
1032 451 1077 507 29.
1227 455 1297 520 659

140 663 223 727 qnae
242 643 351 708 futura
370 646 421 708 est
439 636 537 708 distet
555 645 634 709 haec
647 645 724 722 uita,
739 664 800 709 non
815 645 1097 728 qualiumcumque
1116 646 1291 724 hominum,

142 769 255 816 nerum
275 751 370 816 etiam
390 751 445 832 qui
462 752 634 835 praecipua
656 752 708 817 bio
733 752 902 816 sanctitate
927 758 1002 818 sunt
1023 753 1173 836 praediti:
1198 753 1291 819 Cum

140 876 284 934 essem,
313 857 427 940 inquit,
456 859 668 941 paruulus,
697 859 816 941 quasi
843 862 1044 940 paruulus
1073 860 1292 942 sapiebam,

143 963 264 1044 quasi
300 964 499 1046 paruulus
541 963 749 1046 loquebar,
792 964 910 1046 qnasi
951 965 1149 1048 paruulus
1189 965 1295 1050 cogi·

109 1071 294 1146 etabam3
331 1089 417 1135 cum
454 1074 587 1134 autem
620 1070 759 1137 iactus
793 1090 879 1136 sum
911 1072 983 1146 uir,
1017 1073 1217 1137 euacuaui
1249 1093 1293 1137 ea

143 1197 243 1259 quae
276 1177 444 1260 paruuli
477 1180 601 1242 erant.
631 1177 826 1242 Videmus
854 1197 957 1243 nuno
984 1199 1054 1260 per
1082 1180 1294 1261 speculum

142 1285 182 1349 in
207 1286 450 1369 aenigmate,
475 1287 573 1350 tuno
606 1289 739 1350 autem
771 1284 879 1350 facie
911 1285 957 1350 ad
989 1286 1146 1352 faciem.
1180 1285 1293 1350 Nunc

141 1391 229 1456 ecio
269 1410 313 1455 en
348 1394 474 1474 parte,
512 1394 610 1455 tunc
646 1393 780 1456 antem
823 1410 1064 1476 cognoscam
1104 1394 1216 1457 sicut
1256 1395 1295 1456 et

144 1498 338 1581 cognitus
372 1516 466 1562 sum.
502 1496 536 1563 si
566 1516 639 1581 ergo
669 1497 700 1561 in
730 1498 788 1562 hac
816 1498 895 1570 uita,
924 1499 979 1561 ubi
1008 1498 1172 1563 hominum
1203 1498 1293 1564 mira·

98 1605 258 1669 nobilium
286 1603 453 1686 prophetia
479 1603 525 1668 ita
554 1604 750 1687 conparanda
778 1607 829 1669 est
857 1604 904 1668 illi
932 1604 1029 1680 uitae,
1053 1604 1145 1687 quasi
1167 1604 1294 1686 paruuli

143 1711 183 1775 ad
210 1712 372 1788 iuuenem,
397 1710 480 1776 uidit
507 1712 612 1775 tamen
635 1710 807 1774 Helisaeus
836 1710 1045 1794 accipientem
1072 1728 1205 1775 munera
1231 1729 1294 1774 ser·

144 1838 223 1882 uum
251 1837 356 1894 auum,
380 1817 436 1880 ubi
464 1816 533 1898 ipse
561 1835 622 1881 non
650 1820 729 1882 erat:
758 1817 843 1881 itane
872 1836 944 1882 cum
972 1816 1096 1881 uenerit
1118 1816 1203 1899 quod
1226 1835 1294 1898 per·

142 1924 262 1989 fectum
288 1927 348 2000 est,
374 1942 431 1988 nec
458 1924 521 1988 ianr
550 1941 665 2005 corpus
694 1923 899 2005 corruptibile
927 1923 1115 2007 adgrauabit
1145 1924 1293 2001 animam,

144 2031 200 2096 sed
220 2031 460 2111 incorruptibile
479 2030 559 2094 nihil
578 2029 728 2113 inpediet,
747 2030 796 2093 illi
816 2031 917 2095 sancti
937 2032 977 2095 ad
996 2049 1042 2106 ea,
1057 2050 1138 2114 quae
1156 2030 1295 2095 uidenda

97 2157 124 2196 ιο
144 2141 230 2218 suut,
260 2137 362 2203 oculis
395 2137 563 2220 corporeis,
593 2137 709 2219 quibus
742 2137 913 2202 Helisaeus
946 2137 1059 2201 absens
1091 2136 1131 2200 ad
1163 2155 1293 2200 seruum

144 2263 240 2310 suum
274 2242 446 2308 uidendum
478 2261 539 2307 uon
578 2241 723 2325 indiguit,
757 2242 967 2326 indigebunt?
1001 2243 1081 2307 Nam
1119 2241 1293 2307 secundum

142 2353 332 2434 interpretes
364 2349 569 2432 septuaginta
600 2349 664 2413 istu
696 2353 772 2413 sunt
804 2350 844 2413 ad
869 2349 960 2414 (lieni
982 2349 1081 2413 uerba
1103 2350 1291 2431 prophetae:

143 2456 282 2522 Nonne
306 2475 373 2520 cor
396 2475 524 2520 meum
547 2455 599 2519 iit
627 2459 770 2533 tecum,
796 2457 954 2538 quando
978 2474 1205 2520 conuersus
1230 2462 1293 2521 ost

144 2564 208 2628 uir
232 2563 277 2627 de
302 2581 420 2627 curru
444 2581 515 2626 suo
540 2563 577 2626 in
603 2561 761 2628 obuiam
785 2562 866 2627 tibi
890 2567 929 2627 et
952 2562 1155 2644 accepisti
1179 2581 1293 2644 pecu·

93 2689 124 2728 ao
145 2669 272 2734 niam?
300 2673 333 2734 et
360 2673 478 2743 cetera;
509 2669 594 2733 sicut
622 2671 727 2732 autem
758 2687 794 2732 ex
821 2668 966 2733 Hebraeo
994 2669 1220 2750 interpretatus
1243 2671 1294 2732 ost

142 2775 308 2859 presbyter
325 2776 554 2859 Hieronymus:
574 2773 711 2839 Nonne
736 2793 963 2856 cormeum,
986 2775 1100 2858 inquit,
1124 2776 1162 2840 in
1186 2793 1292 2857 prae-

144 2882 252 2948 senti
291 2886 387 2959 erat,
421 2881 578 2963 quando
616 2900 812 2946 retrorsus
850 2887 913 2946 est
945 2883 1059 2947 homo
1093 2882 1138 2946 de
1172 2900 1290 2946 curru

144 3009 216 3055 suo
240 2990 278 3052 in
302 3007 514 3054 occursum
538 2988 623 3052 tui?
648 2987 748 3052 Corde
769 3006 827 3052 suo
848 3008 922 3073 ergo
942 3008 976 3053 se
997 2989 1075 3052 dixit
1092 2989 1153 3053 hoc
1171 2988 1292 3053 uidisse

143 3096 306 3180 propheta,
331 3095 439 3160 adiuto
460 3095 587 3177 quidem
610 3095 800 3160 mirabiliter
823 3097 911 3160 nullo
936 3096 1101 3161 dubitante
1126 3095 1291 3160 diuinitus.

90 3223 121 3264 aa
144 3202 205 3268 Sed
230 3206 347 3285 quanto
367 3201 506 3283 amplius
525 3205 603 3266 tuno
624 3220 732 3267 omnes
753 3203 963 3268 munereiisto
984 3203 1199 3280 abundabunt,
1218 3221 1291 3266 cum

142 3310 230 3374 Deus
256 3309 315 3373 erit
338 3308 441 3374 omnia
464 3308 496 3372 in
521 3308 682 3372 omnibus!
708 3309 880 3373 Habebunt
898 3313 1004 3373 tamen
1024 3310 1120 3374 otiam
1139 3309 1188 3373 illi
1208 3308 1292 3373 oculi
1330 3396 1332 3399 Υ

141 3414 285 3497 corporei
314 3415 454 3480 officium
484 3434 578 3480 suum
609 3419 641 3480 et
668 3416 699 3478 in
728 3416 798 3480 loco
824 3435 883 3480 suo
907 3420 1009 3493 eruut,
1033 3420 1203 3497 uteturque
1225 3415 1291 3479 illis

138 3522 275 3604 spiritus
308 3540 365 3605 per
397 3521 540 3603 spiritale
573 3540 697 3604 corpus.
730 3521 841 3603 Neque
874 3523 957 3586 enim
986 3525 1018 3586 et
1044 3522 1099 3587 ille
1127 3521 1290 3604 propheta,

232 3749 248 3800 2
266 3747 303 3802 su.
325 3748 355 3801 11
376 3764 416 3817 sq.
473 3748 505 3802 rs
524 3747 591 3817 neg.
610 3747 675 3812 1111,
695 3751 719 3816 5,
739 3749 773 3802 ae
829 3749 864 3803 ao
885 3750 909 3805 1.
929 3747 989 3803 cor.
1011 3718 1053 3811 15,
1073 3747 1107 3800 aa

177 3873 195 3926 3
212 3888 268 3940 sqq.
287 3871 415 3941 paruolus
432 3887 450 3940 p
517 3872 532 3924 7
553 3871 650 3925 faciem
670 3891 683 3942 p
702 3872 802 3928 Domb.
870 3874 886 3925 9
905 3874 965 3925 nita
982 3870 1060 3925 labili
1079 3873 1178 3925 ommno
1197 3869 1291 3938 ubi,p

137 3962 176 4018 10
196 3961 238 4014 illi
256 3962 331 4014 uitae
352 3963 428 4028 estp
476 3961 507 4014 17
527 3959 600 4014 Lxx
618 3961 781 4030 interpretas
798 3978 843 4030 pp
864 4041 869 4053 Ι
892 3963 924 4015 18
944 3976 989 4014 cor
1007 3961 1107 4029 meniu]
1127 3960 1172 4013 bic
1190 3959 1292 4049 desinit

133 4085 201 4142 cod.
218 4101 238 4154 9
291 4085 325 4138 iit
342 4089 433 4139 tecum
449 4101 492 4139 ao
505 4085 618 4150 Domb.,·
636 4086 690 4139 iuit
707 4088 795 4138 tecum
816 4064 918 4151 o;'fuit
934 4089 1033 4148 tecum,
1051 4084 1084 4137 iu
1100 4099 1186 4152 marp.
1206 4083 1248 4149 iit,
1264 4100 1291 4150 e,-

136 4176 168 4229 in
191 4173 328 4245 praesenti
348 4178 443 4243 eratp
497 4190 643 4228 conuersus
661 4189 747 4242 usque
765 4173 805 4227 ad
823 4173 931 4243 qnando
946 4175 963 4230 l.
980 4177 1020 4227 22
1038 4189 1089 4227 om.
1109 4189 1123 4227 c
1165 4173 1197 4226 19
1212 4187 1292 4226 cnrrn

134 4279 190 4318 sno
211 4262 227 4316 b
234 4279 297 4331 po5
315 4279 364 4316 suo
383 4279 521 4332 omuga
543 4262 638 4316 Dorub.
689 4263 720 4316 21
741 4263 770 4315 iu
789 4263 944 4331 praesentia
958 4280 981 4331 p
1030 4263 1065 4316 23
1083 4261 1136 4314 tibi
1149 4277 1171 4330 p
1226 4277 1291 4330 ergo

133 4367 219 4418 sorra;
238 4367 323 4407 omo
377 4353 412 4406 26
432 4352 515 4405 etiam
534 4368 585 4406 orn.
606 4369 625 4404 a
678 4352 712 4405 27
733 4352 878 4421 corporeb
932 4351 967 4405 28
986 4349 1139 4420 peronab

1202 4455 1254 4508 42*
