3192 4959
344 441 395 494 De
423 440 597 494 ciuitate
626 439 686 492 dei
715 438 780 491 lib.
808 437 864 491 XX.
894 454 969 507 cap.
999 437 1041 489 21.
1070 437 1113 489 22.
1242 439 1307 501 485

157 639 216 701 1111
245 638 415 709 tormenta3
449 634 511 698 nisi
538 634 630 710 forte,
660 633 735 716 quia
761 639 959 697 mortuorum
988 635 1079 696 erunt
1107 651 1245 715 corpora,
1274 631 1306 694 id

158 745 207 807 est
230 761 349 818 eorum,
374 742 428 823 qui
450 741 483 804 in
506 741 678 806 secundam
701 744 838 804 mortem
857 738 980 815 cedent,
1000 739 1073 816 ideo¹
1091 759 1151 803 non
1172 739 1306 804 absurde

157 849 253 913 etiarn
292 849 444 912 cadauera
480 847 544 912 diei
580 849 723 930 possunt.
760 845 851 910 Unde
886 849 935 910 est
967 849 999 910 et
1029 844 1121 923 illud,
1154 845 1239 926 quod
1267 845 1305 908 ab

157 957 269 1020 eodem
292 956 444 1039 propbeta
469 953 589 1018 dictum
612 953 676 1017 iam
696 952 919 1035 supraposui:
943 952 1055 1016 Terra
1079 970 1166 1016 uero
1190 951 1306 1033 inpio·

126 1082 236 1126 rrum
261 1061 378 1126 cadet.
404 1059 483 1139 Quis
507 1063 698 1124 autemnon
722 1059 832 1124 uideat
855 1079 873 1122 a
895 1059 1035 1124 cadendo
1060 1077 1129 1122 esse
1148 1058 1307 1141 appellata

157 1168 332 1232 cadauera?
355 1166 528 1231 Virorum
556 1169 665 1230 autem
691 1185 747 1249 pro
773 1165 982 1246 seposuisse
1010 1165 1083 1229 illos
1107 1165 1305 1246 interpretes,

156 1273 241 1355 quod
270 1275 320 1337 est
346 1273 541 1350 ‘hominum',
568 1272 772 1336 manifestum
802 1275 861 1336 est.
889 1271 999 1354 Neque
1031 1271 1113 1334 enirn
1138 1270 1305 1350 quisquam

155 1380 300 1444 dicturus
332 1383 383 1444 est
417 1379 695 1462 praeuaricatrices
734 1377 868 1442 feminas
900 1380 931 1441 irr
964 1377 1019 1442 illo
1054 1377 1212 1461 supplicio
1245 1395 1304 1439 non

155 1487 294 1560 futuras3
324 1485 379 1549 sed
407 1503 443 1548 ex
470 1484 602 1566 potiore,
632 1485 817 1567 praesertim
847 1484 885 1548 de
909 1503 970 1565 quo
994 1483 1112 1547 femina
1139 1484 1223 1547 facta
1246 1485 1305 1558 est,

118 1610 141 1648 ιο
159 1597 294 1674 uterque
313 1611 405 1656 serus
425 1590 589 1673 accipitur.
608 1591 738 1669 Verum,
758 1591 844 1672 quod
863 1591 987 1655 adrem
1006 1590 1139 1654 maxime
1158 1589 1304 1672 pertinet,

156 1717 229 1761 cum
254 1701 285 1762 et
309 1698 339 1761 in
363 1698 454 1762 bonis
479 1697 609 1761 dicitnr:
635 1697 770 1761 Veniet
793 1697 913 1761 omnis
938 1715 1033 1769 earo,
1064 1696 1138 1778 qrria
1161 1715 1196 1759 err
1221 1695 1304 1760 omni

155 1823 269 1887 genere
306 1805 469 1868 hominurn
508 1805 645 1887 populus
682 1804 737 1868 1111
775 1803 936 1868 constabit
968 1805 1042 1888 (non
1076 1803 1158 1866 eninr
1197 1819 1305 1866 omnes

155 1911 300 1974 homines
328 1911 373 1974 ibi
401 1915 502 1989 erunt,
536 1910 660 1993 quando
687 1911 718 1974 in
748 1911 857 1992 poenis
887 1912 994 1993 plures
1023 1907 1138 1994 erunt),
1173 1945 1215 1956 -
1239 1907 1304 1984 sed,

154 2021 193 2080 ut
216 2016 319 2081 dicere
341 2035 517 2097 coeperam,
542 2035 614 2081 cunr
638 2020 670 2080 et
692 2017 724 2080 irr
747 2017 840 2081 bonis
860 2035 930 2082 1110
950 2017 1144 2081 1110111111
1164 2015 1305 2078 membra

114 2135 137 2173 ¹⁵
155 2123 209 2186 uel
232 2123 386 2187 cadauera
408 2122 622 2187 nominantur:
646 2123 787 2206 profecto
812 2127 886 2206 post
909 2123 1170 2188 resurrectionem
1191 2121 1304 2198 carnis,

154 2229 247 2293 cuius
275 2229 355 2294 fides
382 2229 432 2292 his
459 2249 565 2293 rerum
593 2229 758 2293 uocabulis
788 2231 914 2295 omnino
942 2229 1096 2304 firmetur,
1125 2229 1216 2297 illud.
1241 2246 1304 2308 quo

154 2336 228 2400 boni
258 2340 290 2400 et
316 2336 392 2399 mali
420 2336 487 2400 suis
515 2335 630 2400 finibus
660 2335 856 2413 dirimentur,
884 2337 1027 2400 futurum
1056 2355 1126 2400 esse
1149 2334 1303 2399 iudicium

154 2440 342 2505 declaratur.

606 2633 744 2700 CAPUT
768 2635 870 2698 XXII.

111 2801 136 2840 20
155 2772 289 2852 Qualis
327 2774 455 2838 futura
493 2774 545 2837 sit
582 2776 752 2858 egressio
791 2777 1007 2840 sanctorum
1040 2775 1083 2838 ud
1121 2776 1302 2840 uidendae

551 2899 689 2963 poenas
713 2883 904 2946 malorum.

197 3021 261 3086 Sed
290 3041 352 3103 quo
380 3021 473 3087 modo
498 3021 699 3105 egredientur
724 3022 800 3087 boni
823 3022 861 3087 ad
884 3021 1037 3086 uiderrdas
1061 3041 1177 3107 poenas
1207 3024 1303 3089 malo·

151 3131 245 3191 rum?
268 3126 432 3210 Numquid
455 3129 594 3210 corporis
618 3132 707 3192 motu
731 3130 841 3194 beatas
861 3129 932 3193 illas
956 3129 1098 3193 relicturi
1117 3135 1192 3195 sunt
1211 3131 1302 3196 sedes

153 3239 186 3297 et
212 3233 252 3296 ad
281 3235 351 3297 loca
372 3234 517 3314 poenalia
543 3237 726 3317 perrecturi,
755 3235 969 3300 etmalorum
999 3239 1155 3301 tormenta
1180 3240 1303 3321 conspi-

106 3370 134 3408 11
153 3341 239 3405 ciant
265 3341 444 3423 praesentia
471 3341 645 3424 corporali?
677 3343 786 3418 Absit;
815 3342 872 3406 sed
899 3342 1099 3426 egredientur
1126 3364 1182 3426 per
1204 3347 1302 3410 scien-

151 3448 240 3514 tiam.
269 3447 340 3512 Hoc
368 3448 451 3512 enim
479 3448 576 3512 uerbo
605 3449 818 3532 significatum
847 3453 897 3513 ost
920 3469 974 3514 eos
999 3449 1053 3532 qui
1077 3451 1302 3516 cruciabuntur·

151 3559 238 3618 extra
273 3555 409 3619 futuros.
446 3554 578 3635 Propter
615 3555 699 3636 quod
736 3559 768 3619 et
801 3555 955 3621 Dominus
989 3577 1025 3621 ea
1056 3557 1126 3621 1001
1157 3559 1301 3623 tenebras

150 3660 320 3723 exteriores
344 3663 449 3734 uocet,
479 3661 594 3742 quibus
619 3662 793 3725 contrarius
823 3665 873 3725 est
896 3662 951 3726 ille
974 3663 1146 3746 ingressae,
1177 3665 1214 3729 de
1240 3685 1300 3748 quo

242 3853 277 3904 11
297 3851 345 3905 nrt.
366 3853 408 3918 11,
428 3853 462 3906 10

187 3975 316 4044 4poeuit
336 3993 378 4045 ρα
467 3977 701 4046 beppellandab
792 3979 988 4032 duiuorurrrb
1070 3979 1139 4033 9110
1159 3982 1264 4048 potiore
1279 3999 1300 4050 p

152 4064 187 4116 10
206 4064 335 4133 rrex'jrum,
355 4064 379 4117 ir
399 4082 478 4124 1111..
497 4083 515 4134 p
571 4066 603 4119 12
622 4065 669 4118 ille
689 4083 767 4134 epm
786 4067 838 4120 iste
859 4067 929 4121 ubo
947 4067 1045 4122 Domb.
1108 4071 1140 4122 15
1159 4069 1300 4122 nominen-

149 4156 231 4220 turp
288 4155 320 4205 16
341 4152 448 4222 quodq
510 4155 545 4207 a?
565 4154 777 4222 egrediunturp
840 4156 873 4208 23
894 4155 954 4208 illas
975 4155 1096 4208 relicturi
1115 4173 1149 4208 ur.
1170 4159 1189 4208 2
1206 4173 1300 4224 super·

148 4239 253 4307 serapio
272 4241 351 4294 redes
370 4258 383 4294 e
491 4245 554 4295 suut
572 4259 657 4309 usque
676 4243 715 4296 ad
733 4243 879 4311 perrecturi
900 4259 950 4296 our.
971 4259 983 4297 e
1090 4245 1123 4297 25
1144 4261 1254 4315 corpore
1272 4249 1298 4314 9¹

150 4329 188 4381 26
207 4328 257 4381 boc
277 4321 341 4398 er'go
361 4329 472 4382 uerbum
493 4331 508 4383 b
