3192 4959
682 429 900 483 Praefatio.
1331 434 1358 494 V

218 628 254 691 ab
281 625 346 689 illis
374 625 682 707 interpolationibus,
708 625 824 707 quibus
850 625 965 705 reliqui
988 625 1061 689 libri
1085 625 1136 690 bio
1162 625 1230 688 illio
1253 625 1358 690 uitiati

218 738 299 797 suni.
316 730 342 817 ¹)
374 734 410 797 Iu
438 733 518 797 libro
545 732 630 797 XVI.
660 732 780 813 ubique
808 732 873 796 fere
901 733 1011 797 eadem
1038 732 1134 796 habet
1162 737 1256 815 atque
1288 733 1357 798 ood.

217 839 416 916 Veronensis,
441 840 472 903 in
496 838 626 922 reliquis
649 839 739 903 libris
764 839 951 921 plerumque
975 858 1047 903 oum
1065 861 1092 920 p
1120 839 1288 923 conspirat,
1312 839 1358 902 ila

215 946 341 1026 quidem
364 950 402 1010 ui
424 947 456 1011 in
479 947 528 1010 bis
552 946 743 1010 lectionibus
767 945 1036 1027 adquiescendum
1061 946 1112 1011 sil.

260 1051 437 1116 Dolendnm
461 1055 511 1117 esi
534 1052 617 1135 quod
641 1052 809 1134 utriusque
833 1052 951 1117 oodiois
980 1071 1037 1135 ope
1065 1052 1096 1115 in
1126 1056 1263 1117 extrema
1285 1052 1359 1116 libri

213 1158 315 1225 XXII.
344 1161 432 1241 parte
460 1158 606 1223 destituti
630 1178 756 1235 sumus;
787 1158 856 1223 ood.
878 1179 899 1239 9
923 1159 1004 1222 enirn
1030 1158 1146 1223 desinit
1169 1157 1283 1222 ‘media
1306 1177 1358 1239 pa-

212 1266 287 1349 gina
310 1266 413 1345 uredip
437 1270 543 1330 uersu’
568 1269 605 1330 ul
627 1266 658 1328 in
683 1266 1086 1348 P1·aof.l.uol.p.XIIII.
1108 1265 1226 1339 monui,
1252 1265 1357 1327 uerbis

210 1392 314 1436 nonae
338 1394 389 1437 cor
412 1393 512 1437 meum
535 1392 565 1454 p.
592 1374 667 1450 659,
693 1374 749 1446 18;
775 1373 844 1437 cod.
863 1392 888 1453 p
911 1372 1019 1436 linitur
1041 1370 1148 1435 uerbis
1176 1370 1229 1434 orbi
1252 1369 1358 1434 nullius

211 1499 240 1561 p.
269 1480 343 1555 665,
370 1482 420 1544 15.

255 1586 483 1668 inscriptiones
521 1586 660 1667 capilum
697 1585 729 1649 in
767 1585 848 1649 libro
886 1585 952 1650 XV.
991 1604 1027 1649 ex
1052 1606 1097 1669 pq
1130 1586 1254 1649 tautum
1292 1585 1358 1667 peti

209 1694 372 1773 poterium
402 1712 421 1756 a
447 1692 528 1758 libro
560 1692 645 1755 XVl.
679 1695 805 1773 praesto
844 1695 911 1756 erat
947 1711 1044 1755 onnon
1082 1691 1293 1772 capitulorum
1326 1692 1357 1755 iu

210 1798 281 1865 cod.
305 1820 327 1880 9
351 1802 486 1875 exstans,
512 1818 649 1881 quocum
683 1799 805 1862 contuli
837 1798 974 1863 indicem
1007 1817 1101 1881 quern
1135 1798 1202 1862 cod.
1225 1797 1246 1876 s
1262 1799 1359 1863 babet

212 1904 305 1989 (Ood.
334 1907 433 1972 Paris.
461 1926 491 1969 n.
523 1907 641 1981 11637,
670 1905 727 1969 sol.
756 1904 812 1982 XI,
840 1905 937 1969 libros
966 1906 1133 1969 duodecim
1165 1905 1357 1987 posteriores

210 2013 387 2090 continens,
412 2033 429 2077 a
452 2014 619 2077 Duebnero
652 2012 759 2077 littera
782 2008 818 2073 F
838 2014 991 2098 notatus).
1026 2012 1107 2076 Cum
1138 2010 1236 2077 uerba
1265 2012 1357 2095 plane

210 2121 411 2185 consentiant
443 2139 515 2184 oum
547 2119 588 2184 iis
622 2139 700 2201 quae
731 2119 763 2182 in
793 2140 815 2201 9
841 2120 1000 2203 leguntur,
1033 2122 1165 2201 uterque
1197 2119 1289 2185 index
1321 2138 1357 2182 er

209 2226 323 2291 eodem
345 2226 432 2290 fonte
457 2225 640 2309 depromius
666 2244 737 2289 esse
760 2225 897 2291 uidetur.

253 2333 397 2399 Iudicem
416 2332 569 2407 looorum,
589 2332 752 2397 nominum
773 2336 805 2397 eb
823 2352 927 2397 rerum
944 2331 1124 2397 Guilelmus
1140 2334 1356 2418 WeInberger.

208 2447 370 2523 professor
393 2440 548 2524 gymnasii
571 2440 771 2525 IglauiensiS,
797 2441 945 2504 oonfeoii.

258 2633 277 2699 ¹)
297 2632 340 2685 De
360 2649 411 2685 uno
435 2631 495 2685 looo
520 2630 639 2685 dubitari
662 2632 758 2701 possm,
778 2648 843 2685 num
865 2632 928 2699 inp
946 2631 1029 2685 uerba
1052 2647 1100 2701 per
1118 2648 1146 2684 se
1166 2631 1322 2700 gratismrna
1342 2651 1358 2685 a

208 2726 362 2775 correctore
382 2721 476 2775 audita
495 2738 529 2774 an
548 2721 666 2789 genuina
685 2722 748 2773 sint.
768 2738 793 2790 p.
813 2722 874 2788 656,
891 2720 923 2773 12
942 2721 1040 2790 reliqui
1058 2721 1121 2774 libri
1139 2720 1254 2774 habeut:
1273 2720 1358 2777 Nunc

206 2812 267 2864 ium
286 2811 356 2880 quid
374 2812 465 2865 acturi
481 2812 539 2865 sini
555 2812 586 2863 in
601 2810 761 2878 corporibus
775 2810 972 2864 iuowrlalibao
987 2811 1076 2879 adque
1089 2810 1263 2878 spiritalibus
1276 2828 1356 2865 aano-

206 2901 231 2953 ri
241 2946 247 2956 .
259 2941 265 2953 .
278 2940 297 2969 .,
317 2906 452 2969 wantum
469 2900 608 2953 Dominus
627 2900 759 2968 dipnatur
778 2899 917 2952 adiuuare
934 2900 1116 2966 uideamus,
1136 2899 1195 2967 inp
1212 2916 1260 2968 pro
1279 2899 1355 2953 uide-

207 3005 290 3043 amus
309 2988 423 3057 legitur:
437 2988 486 3057 pie
505 2988 594 3057 adqaoe
612 2988 752 3041 lrnnrililer
766 2992 973 3056 pernoctamus.

252 3183 462 3247 Vindobonae
485 3202 527 3245 rn.
551 3182 652 3265 Aprili
679 3183 774 3246 1900.

961 3371 1000 3453 ll.
1028 3370 1248 3456 Hoffmann.
