3192 4959
302 411 364 473 122
646 409 672 463 S.
699 407 858 466 Aurelii
885 411 1102 480 Augustini

300 626 339 674 an
371 629 457 689 uero,
486 609 570 693 qnod
603 609 711 691 potius
741 609 790 671 est
818 606 1020 684 credendum,
1050 610 1175 689 praeter
1203 623 1311 670 carues
1340 606 1452 688 eliqua

301 717 448 782 alimenta
473 735 543 781 esse
566 715 738 798 potuerint,
768 731 848 795 quae
872 712 1019 778 omnibus
1044 711 1260 777 conuenirent.
1287 712 1450 777 Nouimus

301 823 384 887 enim
412 841 506 906 quam
534 821 637 886 multu
664 819 822 896 animalia,
851 819 969 901 quibus
996 838 1067 883 caro
1095 819 1188 884 cibus
1212 820 1273 897 est,
1299 816 1448 903 frugibus

299 930 464 1012 pomisque
497 931 668 993 uescautnr
701 930 733 990 et
770 926 905 991 maxime
937 925 997 991 fico
1030 925 1131 1008 adque
1163 925 1331 990 castaneis.
1363 923 1450 1004 curo

300 1054 374 1119 ergo
407 1035 534 1113 mirum,
567 1034 595 1099 si
627 1034 677 1097 uir
707 1032 763 1097 ille
796 1032 922 1114 sapiens
956 1036 988 1096 st
1015 1033 1131 1111 iustus,
1166 1031 1263 1097 etiam
1291 1031 1449 1096 diuinitus
1477 1053 1488 1092 r

300 1139 481 1206 edmonitus
530 1140 607 1223 quid
653 1139 768 1222 cuique
810 1144 1007 1223 congrueret,
1049 1139 1117 1203 sine
1154 1139 1301 1204 carnibus
1338 1143 1448 1221 eptam

299 1247 414 1330 cuique
446 1247 553 1332 generi
587 1247 769 1312 alimoniam
802 1247 1002 1331 praeparauit
1034 1248 1066 1310 et
1093 1245 1255 1311 condidit?
1289 1245 1374 1326 Quid
1397 1249 1449 1308 est

299 1357 417 1432 autem,
442 1373 504 1436 quo
528 1355 617 1420 uesci
640 1373 702 1420 non
727 1358 855 1439 cogeret
877 1355 1000 1419 fames?
1023 1355 1080 1417 aut
1102 1352 1179 1434 quid
1201 1371 1263 1416 non
1287 1369 1386 1416 suane
1410 1369 1448 1415 ac

300 1460 427 1524 salubre
450 1461 552 1526 iacere
577 1465 687 1545 posset
710 1461 810 1538 Deus,
834 1461 889 1543 qui
912 1461 1019 1539 etam,
1043 1463 1080 1523 ut
1103 1459 1172 1524 sine
1196 1459 1266 1525 cibo
1289 1459 1447 1531 uiuerent,

300 1566 409 1630 diuina
431 1567 584 1632 facilitate
604 1567 743 1644 donaret,
768 1568 831 1632 nisi
849 1571 887 1632 ut
904 1569 1109 1650 pascerentur
1132 1567 1228 1630 etiam
1247 1566 1307 1630 hoc
1326 1565 1447 1648 inpleu·
1468 1591 1490 1627 ro

301 1672 357 1736 das
389 1673 508 1757 figurae
540 1675 620 1738 tanti
654 1675 798 1758 mysterii
828 1674 1030 1739 conueniret?
1062 1672 1133 1738 Nou
1162 1676 1268 1737 autem
1296 1672 1335 1736 ad
1359 1691 1446 1754 prae·

298 1779 494 1862 figurandam
529 1781 695 1845 ecclesiam
725 1781 883 1864 pertinere
910 1784 977 1844 tam
1005 1779 1197 1862 multiplicia
1223 1798 1328 1842 rerum
1356 1777 1448 1860 sigua

301 1888 473 1968 gestarum,
507 1887 567 1952 uisi
595 1887 701 1952 fuerit.
719 1887 948 1960 contentiosus,
980 1905 1073 1950 nemo
1096 1885 1293 1969 permittitur
1316 1884 1446 1967 opinari.

299 1991 366 2056 Iarrr
406 1993 488 2057 enim
525 1997 635 2078 gentes
673 1993 718 2057 ita
756 1993 923 2057 ecclesiam
958 1992 1170 2074 repleuerunt,
1208 1991 1382 2073 mundique
1414 1995 1447 2056 et

298 2096 453 2176 inmundi,
486 2097 584 2164 donec
617 2105 739 2164 certum
768 2098 916 2164 ueniatur
942 2097 981 2161 ad
1008 2097 1113 2175 finem,
1141 2097 1186 2162 ita
1213 2099 1282 2161 eius
1313 2096 1446 2161 unitatis
1465 2119 1491 2163 ιι

301 2203 434 2285 quadarn
461 2206 635 2292 conpagine
659 2205 869 2282 continentur,
892 2208 989 2270 uter
1015 2203 1076 2268 boc
1099 2223 1162 2269 uno
1185 2202 1446 2268 manifestissimo

301 2311 398 2375 etiam
434 2311 472 2376 de
512 2312 635 2390 ceteris,
674 2331 754 2394 quae
791 2311 958 2376 obscurius
997 2311 1159 2394 aliquanto
1192 2310 1278 2375 dicta
1309 2313 1386 2375 sunt
1414 2313 1447 2373 et

301 2415 462 2482 difficilius
496 2419 625 2502 agnosci
660 2422 790 2501 queunt,
823 2418 969 2483 dubitare
996 2418 1045 2483 fas
1074 2436 1136 2482 uon
1164 2417 1216 2483 sit.
1251 2415 1338 2495 Quae
1372 2434 1444 2480 cnm

300 2524 346 2588 ita
369 2524 442 2604 sint,
467 2526 513 2591 sic
536 2545 593 2592 nec
617 2526 751 2592 inaniter
773 2526 838 2590 ista
860 2543 930 2590 esse
951 2525 1129 2608 conscripta
1145 2528 1258 2607 putare
1277 2524 1447 2606 quisquam

299 2632 351 2693 uel
380 2630 477 2698 durus
506 2631 645 2708 audebit,
674 2651 730 2698 nec
758 2632 839 2697 nihil
866 2631 1045 2717 siguificare
1072 2651 1147 2696 cum
1175 2629 1364 2715 gustarint,
1388 2648 1490 2694 neers

300 2738 368 2801 sola
400 2738 485 2802 dicta
517 2759 587 2804 esse
620 2739 834 2823 significatiua
864 2757 925 2802 non
957 2740 1050 2814 facta,
1082 2755 1141 2802 nec
1167 2737 1269 2801 aliena
1301 2754 1373 2800 esse
1406 2735 1445 2799 ab

299 2844 434 2908 ecclesia
453 2845 659 2928 significanda
677 2845 882 2929 probabiliter
900 2843 963 2909 dici
980 2848 1102 2927 potest3
1122 2844 1179 2908 sed
1196 2844 1300 2926 magis
1319 2841 1445 2907 creden·

300 2949 374 3013 dum
403 2955 452 3016 est
481 2953 512 3016 et
540 2953 696 3034 sapienter
720 2971 789 3017 esse
817 2953 987 3016 memoriae
1014 2952 1194 3033 litterisque
1220 2950 1380 3026 mandata
1413 2953 1445 3014 et

299 3059 390 3137 gestu
418 3076 498 3134 esse,
527 3060 559 3121 et
587 3057 764 3142 significare
792 3057 924 3141 aliquid,
953 3061 985 3122 et
1010 3058 1118 3141 ipsum
1146 3055 1267 3138 aliquid
1294 3055 1334 3121 ad
1356 3075 1445 3138 prse-

298 3159 493 3242 figurandam
518 3161 683 3228 ecclesiam
706 3164 871 3245 pertinere.
894 3165 961 3227 Iam
981 3182 1082 3245 usque
1106 3162 1251 3227 adhunc
1274 3161 1445 3227 articulum
1464 3187 1490 3228 rs
1575 3190 1576 3241 l

298 3267 470 3348 perductus
501 3267 583 3334 liber
613 3271 675 3334 iste
708 3270 903 3334 claudendus
931 3273 990 3347 est,
1019 3274 1056 3334 ut
1083 3270 1246 3335 ambarum
1274 3268 1445 3334 ciuitatum
1575 3270 1576 3279 ’

298 3391 421 3453 cursus,
450 3378 589 3440 terrenae
613 3376 736 3442 scilicet
763 3377 937 3442 secundum
964 3377 1122 3441 bominem
1147 3374 1288 3440 uiuentis
1316 3379 1348 3439 et
1376 3393 1444 3439 cae-

296 3481 388 3546 lestis
417 3482 592 3547 secundum
619 3483 735 3559 Deum,
764 3487 840 3567 post
867 3483 1025 3548 diluuium
1053 3486 1087 3548 st
1113 3483 1260 3564 deinceps
1287 3482 1319 3546 in
1347 3482 1443 3546 rebus

298 3586 566 3670 consequentibus
589 3588 777 3670 requiratur.

334 3727 350 3779 2
369 3730 517 3797 potuerunt
539 3728 748 3800 Vubeprpu
761 3739 785 3798 p·
851 3730 866 3781 7
886 3728 1038 3783 recondidit
1056 3744 1072 3783 o
1138 3729 1155 3782 8
1175 3745 1227 3798 quo
1251 3727 1353 3794 Vb²o‚·
1371 3727 1444 3798 quod

299 3815 516 3889 ιιιιορνρα)Ι
581 3817 750 3888 aclautV¹
796 3819 1005 3874 10nisiom.e
1051 3818 1084 3873 18
1103 3817 1257 3872 dubitaris
1303 3818 1336 3872 19
1355 3817 1395 3871 sic
1413 3818 1444 3885 b,-

299 3905 322 3957 si
339 3906 398 3960 rell.
416 3923 447 3974 o;
465 3907 510 3976 [ei]
530 3907 663 3962 Drlbnero
683 3913 794 3962 audere
807 3907 907 3962 Domb.
962 3907 1115 3976 conscripta
1134 3923 1223 3961 essen
1276 3909 1402 3977 reputare
1420 3907 1447 3958 V

298 3993 614 4052 transcensisque
716 3997 750 4050 26
770 3995 909 4050 amborum
931 3996 966 4047 V¹
1074 3995 1210 4050 Auunci
1227 3993 1441 4063 cucusum:

299 4080 444 4136 CONTRA
470 4083 1183 4157 PAGANOSlLIBER·XV·EXP.11NCIP·L1B.
1210 4083 1291 4138 XVI·
1321 4082 1347 4136 V
1373 4080 1442 4137 L1B.

298 4171 369 4226 xvi.
387 4173 553 4226 Procedente
572 4189 673 4227 canone
692 4173 871 4242 capitulorum
890 4174 987 4242 quibus
1007 4173 1071 4244 quid
1091 4173 1191 4244 singuli
1209 4173 1272 4227 libri
1285 4173 1443 4227 contineant

299 4260 441 4314 iudicatur.
450 4261 551 4330 Incipit
560 4263 653 4330 itaque
665 4279 749 4315 canon
759 4261 831 4314 libri.
841 4261 913 4315 XVl.
923 4263 949 4330 η·
958 4261 1060 4332 Incipit
1068 4263 1162 4330 iisque
1173 4262 1264 4317 Canon
1274 4261 1339 4315 libri
1347 4259 1442 4330 xvir

763 4375 969 4382 ——.—-
