3192 4959
324 461 374 514 De
402 459 579 512 ciuitate
607 457 669 512 dei
697 457 762 511 lib.
790 457 876 511 XXII.
906 474 980 526 cap.
1012 458 1052 512 ll.
1083 457 1123 509 12.
1236 460 1301 522 619

148 652 239 718 dico
278 650 406 725 uobis,
445 648 626 732 capillus
664 649 819 730 capitis
856 651 990 714 uestri
1028 668 1101 714 non
1134 651 1300 732 peribit,

147 763 256 824 utrum
281 761 404 822 statura
427 761 460 821 et
481 756 577 820 robur
601 755 745 838 aequalia
763 756 871 820 futura
889 756 955 820 sint
974 757 1120 822 omnibns
1141 775 1178 821 au
1198 757 1300 822 diuer-

148 886 203 930 sae
236 884 401 949 corporum
433 864 638 946 quantitates,
663 861 698 926 Si
723 863 806 928 enim
832 864 1010 946 aequalitas
1035 865 1095 928 erit
1123 881 1301 946 corporum,

147 973 232 1037 unde
260 972 423 1036 habebunt
451 970 536 1052 qnod
560 971 696 1036 hicnon
720 971 901 1036 habuerunt
923 971 954 1034 in
979 972 1063 1035 mole
1088 971 1228 1053 corporis
1252 971 1299 1035 illi

117 1079 297 1155 salentini,
331 1079 359 1143 si
390 1081 560 1160 resurgent
592 1082 624 1141 et
653 1077 737 1161 ipsi?
770 1078 837 1142 Aut
865 1078 892 1143 si
921 1097 982 1142 uon
1014 1083 1191 1162 resurgent,
1226 1078 1301 1160 qnia

147 1205 206 1251 nec
238 1185 304 1250 nati
332 1190 418 1258 sunt,
451 1185 508 1249 sed
541 1184 643 1257 effusi,
677 1185 809 1249 eandem
839 1184 1057 1267 quaestionem
1092 1185 1129 1249 de
1156 1186 1300 1268 paruulis

146 1293 286 1369 uersant,
325 1290 406 1354 unde
442 1290 510 1354 illis
543 1309 689 1355 mensura
727 1289 878 1372 corporis,
916 1309 1010 1373 quam
1043 1311 1126 1356 nuno
1160 1291 1300 1356 defuisse

147 1398 306 1474 uidemus,
335 1397 475 1473 accedat,
500 1416 573 1461 cum
596 1398 629 1461 in
654 1398 714 1461 lrac
737 1400 840 1462 aetate
864 1398 1054 1464 moriuntur.
1082 1399 1192 1481 Neque
1216 1401 1299 1463 enim

147 1504 267 1568 dicturi
294 1523 407 1569 sumus
436 1523 490 1569 ecs
518 1523 578 1569 non
602 1508 847 1582 resurrecturos,
877 1505 932 1586 qui
959 1525 1020 1570 non
1044 1506 1148 1570 solum
1173 1525 1301 1589 genara-

105 1639 129 1675 s·
145 1612 256 1687 tionis,
280 1630 393 1674 nerum
416 1611 512 1676 etiam
536 1611 782 1694 regenerationis
808 1629 939 1694 capaces
960 1615 1042 1678 sunt.
1067 1613 1187 1677 Deinde
1207 1613 1300 1677 inter·-

146 1722 271 1803 rogant,
305 1739 399 1801 quem
426 1719 557 1782 modum
585 1719 657 1802 ipsa
685 1719 860 1799 aequalitas
888 1719 1037 1784 habitura
1065 1721 1116 1784 sit.
1150 1719 1183 1784 si
1216 1719 1299 1784 enim

147 1832 214 1890 tam
238 1828 346 1909 magni
369 1829 401 1890 et
423 1830 489 1889 tam
513 1825 602 1909 longi
626 1829 720 1889 erunt
743 1845 863 1902 omnes,
889 1845 984 1907 quam
1007 1828 1137 1891 fuerunt
1156 1828 1301 1909 quicum-

147 1951 210 2014 que
233 1931 285 1995 hic
308 1931 438 1996 fuerunt
461 1932 589 1995 maximi
614 1931 715 2014 adque
738 1933 930 2016 longissimi.
954 1951 1015 1997 non
1041 1935 1145 1998 solum
1170 1933 1208 1998 de
1231 1953 1300 2016 par-

146 2039 245 2118 uulis,
279 2039 337 2102 sed
369 2039 407 2102 de
435 2038 579 2121 plurimis
609 2041 774 2119 quaerunt,
805 2039 888 2102 uude
916 2039 980 2102 illis
1010 2058 1212 2104 accessurum
1246 2040 1299 2117 sit,

104 2171 129 2209 a
148 2145 232 2227 quod
262 2145 314 2210 hic
345 2145 456 2222 deluit,
489 2145 517 2210 si
544 2145 605 2209 hoe
633 2145 768 2228 quisque
796 2145 953 2228 recipiat,
972 2144 1057 2228 quod
1084 2147 1135 2211 hio
1169 2146 1297 2221 habuit;

148 2254 175 2316 si
199 2256 318 2330 autem,
343 2252 427 2335 quod
452 2253 496 2316 ait
520 2253 697 2333 apostolus,
724 2270 911 2317 occursuros
931 2271 987 2316 nos
1008 2271 1115 2316 omnes
1139 2253 1177 2316 in
1202 2272 1300 2316 men-

148 2378 280 2423 suram
304 2360 458 2423 aetatis
488 2358 765 2441 plenitudinis
791 2357 955 2438 Christi,
985 2365 1017 2422 et
1040 2359 1121 2423 illud
1146 2358 1298 2424 alterum:

148 2465 257 2545 Quos
286 2466 618 2549 praedestinauit
641 2467 869 2530 conformes
894 2466 1088 2550 imaginis
1112 2466 1199 2531 filii
1224 2466 1299 2543 sui,

147 2573 195 2636 sic
218 2572 468 2654 intellegendum
498 2576 558 2651 est,
590 2575 628 2636 ut
655 2576 778 2636 statura
808 2577 840 2636 et
869 2572 983 2637 modus
1012 2573 1151 2654 corporis
1181 2571 1298 2637 Christi

101 2705 128 2742 so
148 2679 302 2759 omnium,
333 2680 445 2761 quiin
476 2699 572 2764 regno
601 2681 670 2744 eius
700 2683 800 2759 erunt,
829 2681 1039 2744 humanorum
1065 2699 1232 2764 corporum
1257 2681 1302 2744 sit

146 2787 290 2851 iuturus:
315 2787 439 2851 ‘Multis
463 2787 532 2861 erit,
556 2788 715 2869 inquiunt,
741 2787 783 2851 de
804 2787 1021 2871 magnitudine
1047 2792 1078 2850 et
1100 2786 1299 2870 longitudine

146 2893 289 2976 corporis
318 2893 561 2969 detrahendum3
596 2899 628 2957 et
656 2895 710 2957 ubi
738 2895 802 2958 ianr
832 2895 907 2958 erit:
938 2895 1117 2976 capillus
1148 2895 1299 2977 cepitis

147 3001 282 3064 uestri
314 3019 388 3064 nou
421 3001 586 3083 peribit,
621 3002 648 3064 si
682 3001 720 3064 de
750 3002 821 3083 ipsa
854 3001 993 3084 corporis
1028 3001 1205 3083 quant'tate
1232 3004 1297 3064 tam

146 3106 287 3171 multum
314 3107 465 3188 peribit?'
494 3105 648 3185 Quamuis
672 3113 705 3172 et
728 3109 765 3171 de
788 3107 869 3190 ipsis
900 3107 1024 3189 capillis
1048 3107 1152 3190 possit
1173 3108 1299 3190 inquiri,

101 3239 127 3278 ss
146 3217 255 3277 utrmn
280 3213 389 3277 redeat
412 3214 566 3296 quidquid
589 3215 795 3279 tondentibus
820 3214 946 3280 decidit.
967 3213 1058 3292 Quod
1078 3215 1105 3278 si
1124 3214 1297 3278 rediturum

146 3328 207 3397 est,
236 3320 308 3402 quis
338 3339 399 3385 non
429 3321 593 3385 exhorreat
616 3322 704 3385 illam
728 3321 987 3385 deformitatem?
1016 3321 1097 3385 Nam
1122 3321 1182 3386 hoc
1206 3327 1238 3385 et
1262 3321 1299 3383 do

145 3427 309 3511 unguibus
337 3426 465 3491 uidetur
492 3431 670 3495 necessario
699 3432 895 3504 secuturum,
926 3432 963 3492 ut
991 3428 1100 3493 redeat
1127 3431 1193 3493 tam
1217 3428 1298 3491 mul-

145 3541 217 3599 tum
242 3535 327 3616 quod
351 3535 493 3615 corporis
517 3539 664 3599 curatura
688 3534 842 3600 desecuit.
862 3536 904 3599 nt
928 3536 982 3599 ubi
1004 3536 1062 3599 erit
1082 3536 1189 3613 decus,
1215 3533 1299 3617 quod

240 3760 272 3814 16
291 3759 362 3828 Eph.
381 3761 407 3827 4,
428 3760 460 3814 13
519 3759 551 3813 18
570 3760 646 3813 Rom.
666 3761 691 3827 8,
711 3761 745 3813 29

183 3882 346 3953 2roborp²
408 3885 585 3953 3corporum
604 3884 690 3937 crito
753 3885 815 3937 oet
836 3885 868 3938 13
889 3884 1007 3954 paruulis
1024 3883 1054 3954 9¹
1117 3883 1261 3937 occcidet
1277 3899 1298 3951 p

149 3973 181 4026 12
202 3978 231 4026 et
250 3973 341 4042 iamp
413 3974 575 4042 quicumque
594 3973 638 4025 nic
658 3972 871 4026 sueruntorn.c
923 3974 955 4026 14
975 3972 1051 4026 illib
1110 3975 1141 4026 15
1161 3973 1184 4025 ei
1203 3989 1298 4040 super·
1392 4039 1395 4044 Ι

146 4063 251 4130 serapte
270 4078 305 4114 m.
325 4065 345 4114 2
364 4062 411 4116 ibi.
430 4079 444 4115 e
499 4062 614 4132 recipiat
633 4060 710 4130 bpp¹
729 4061 844 4127 Domb.,·
862 4061 976 4130 recipiet
991 4077 1059 4129 aep
1071 4059 1149 4133 p²uv
1189 4063 1220 4114 13
1236 4078 1298 4115 con·

147 4150 248 4203 formes
269 4151 458 4219 anappum·
476 4150 626 4204 conformes
646 4151 703 4204 fieri
723 4170 736 4220 ρ
755 4151 854 4206 Domd.
967 4153 999 4204 19
1020 4149 1121 4205 Christi
1147 4152 1300 4221 corporisu

146 4267 181 4320 22
201 4264 401 4320 detrahendum
420 4267 540 4336 corporis
560 4267 658 4320 Donat.
719 4233 866 4336 capilldsp
920 4267 956 4319 26
975 4265 1145 4335 felicitates,
1165 4267 1196 4319 in
1214 4283 1299 4334 mar-p.

147 4353 359 4416 deformitatem,
375 4371 397 4423 p
