3192 4959
246 460 277 523 Π
707 453 922 507 Praefatio.

291 650 335 715 Ut
358 650 535 732 erenrplum
558 668 686 731 ponam:
710 647 911 731 Augustinus
935 666 1007 711 cum
1027 646 1156 728 scripsit
1173 647 1214 721 ΙΙ,
1236 649 1310 722 520,
1331 650 1388 711 25:

245 757 341 821 India
359 757 457 819 mittit
475 792 518 803 -
536 755 687 819 memoria
707 757 790 819 certe
810 753 937 818 tenebat
955 753 1173 836 Vergilianum
1192 753 1273 817 illnd
1291 752 1388 817 Ircdiu

245 864 340 927 britti-t
372 886 429 939 -;
464 864 491 927 si
521 862 585 927 iam
619 863 820 927 adnotaretur
852 860 955 946 ‘Verg
992 859 1069 925 Gen.
1097 860 1122 938 Ι,
1152 863 1215 936 57²,
1244 860 1276 923 id
1304 859 1389 924 haud

246 969 340 1033 dubie
369 969 414 1034 sic
442 968 690 1052 intellegeretur,
718 971 884 1049 tamquam
912 966 1092 1051 Vergiliano
1119 966 1189 1030 loco
1218 966 1255 1029 de
1280 966 1389 1031 cadem

245 1094 287 1153 re,
313 1094 356 1139 sc.
383 1076 421 1139 de
444 1075 546 1158 patria
569 1075 726 1157 magnetis
751 1078 783 1138 et
807 1074 982 1138 adamantis
1001 1076 1157 1156 ageretur,
1176 1092 1237 1137 non
1257 1093 1331 1137 uero
1352 1073 1389 1135 de

245 1186 403 1265 prouentu
428 1182 539 1245 eboris.
564 1180 719 1245 Similiter
737 1180 871 1245 iudicari
890 1181 1028 1257 deberet,
1049 1180 1077 1243 si
1095 1180 1135 1243 ad
1153 1180 1251 1244 uerba
1268 1181 1293 1256 I,
1316 1182 1388 1255 147,

248 1290 303 1352 12τ
327 1288 396 1351 belli
414 1288 532 1352 Parraici
549 1287 876 1371 sacrandi—coascclm·
894 1287 1150 1369 adscripsissem:
1172 1286 1236 1352 Cic.
1257 1287 1295 1349 ad
1314 1286 1388 1349 sam.

245 1396 283 1473 X,
309 1397 362 1469 20,
388 1396 418 1472 3,
444 1394 528 1477 quod
555 1395 627 1459 inde
655 1397 790 1460 fortasse
818 1394 889 1458 belli
916 1394 1067 1477 confictor
1093 1394 1228 1475 petitum
1258 1397 1317 1458 est.
1340 1392 1390 1457 Ad

245 1504 343 1567 uerba
365 1503 406 1576 ΙΙ,
432 1504 485 1578 54,
511 1504 544 1566 6;
568 1504 636 1566 siae
659 1502 784 1565 ardoris
806 1502 991 1567 inlecebroso
1013 1500 1390 1581 31091119..,0109111919-

246 1612 297 1671 tar
326 1610 453 1691 prcorio¹
475 1609 611 1672 romolus
641 1610 750 1671 craorr's
781 1609 984 1673 notissimum
1022 1608 1114 1671 illnm
1150 1607 1256 1672 locum
1294 1606 1388 1689 Verg.

246 1718 321 1779 Aen.
347 1716 431 1794 VHI,
455 1716 518 1779 405
549 1716 725 1780 adscribere
753 1735 813 1781 uon
842 1716 945 1798 magis
968 1714 1180 1779 necessarium
1205 1716 1271 1777 erat
1294 1731 1388 1794 quarn

247 1841 381 1886 errorem
415 1822 569 1907 corrigere
602 1822 773 1905 Augustini
805 1823 846 1897 ll,
884 1823 960 1899 293,
995 1824 1034 1886 13
1067 1822 1165 1885 uerba
1196 1818 1329 1903 Vergilii
1361 1822 1390 1880 ct

245 1930 350 2008 turpia
378 1927 476 1992 Codri
499 1928 537 1993 ad
561 1928 803 1993 Atheniensium
826 1947 933 2012 regem
959 1928 1095 1993 Codrum
1121 1926 1294 1990 referentis.

292 2034 408 2099 Censor
435 2034 490 2097 ille
518 2034 691 2110 Parisinus,
721 2035 774 2117 qui
803 2037 840 2097 ut
867 2054 963 2117 supra
991 2034 1178 2117 significari,
1203 2032 1241 2095 de
1268 2030 1387 2095 ratione

247 2141 356 2205 critica
388 2160 405 2203 a
437 2160 487 2204 me
521 2141 689 2205 obseruata
721 2142 813 2205 aliter
844 2140 1049 2205 statuendum
1084 2160 1153 2203 esse
1192 2139 1314 2203 censuit
1345 2140 1386 2217 (r.

245 2248 362 2311 ‘Revne
386 2246 531 2329 critique‘
552 2248 648 2323 1900,
668 2267 698 2311 n.
719 2246 762 2331 9),
786 2247 897 2311 laudat
920 2247 1048 2330 quidem
1068 2246 1151 2328 quod
1169 2246 1228 2309 hac
1252 2243 1387 2308 editione

244 2354 396 2417 lectiones
421 2357 563 2417 ueterum
588 2354 715 2418 illorum
739 2355 886 2419 codicum
903 2353 1157 2439 Lugudunensis,
1179 2349 1388 2424 Corbeiensis,

245 2460 434 2525 Veronensis
449 2463 511 2525 iam
525 2462 705 2543 propositae
726 2462 801 2537 sint,
818 2462 873 2526 sed
893 2480 966 2526 cum
980 2462 1012 2525 in
1026 2460 1223 2524 Praefatione
1244 2460 1388 2534 stemma,

247 2566 333 2648 quali
363 2568 515 2631 librorum
547 2567 687 2631 familiae
720 2568 870 2632 delineari
902 2569 1015 2644 solent,
1048 2586 1108 2631 non
1141 2564 1301 2648 reperiret,
1337 2582 1388 2626 me

247 2674 443 2755 cognationis
459 2674 604 2737 codicum
618 2676 771 2738 rationem
787 2675 913 2739 omnino
933 2695 993 2739 non
1013 2673 1163 2737 habuisse
1180 2670 1389 2736 insimulauit

247 2778 365 2844 Scribit
397 2780 493 2843 enim:
528 2780 581 2844 (Μ.
607 2780 646 2845 Η,
671 2800 709 2844 ne
733 2784 810 2845 s’est
838 2800 894 2863 pas
922 2782 1107 2863 prc'occupe,
1136 2778 1332 2852 semble-til,
1358 2777 1387 2840 d’
1436 2789 1439 2795 ·

247 2886 360 2950 etablir
384 2888 431 2951 les
460 2888 609 2951 relations
639 2887 676 2950 de
701 2890 829 2969 parente
853 2888 906 2969 qui
930 2890 1069 2970 peuvent
1091 2887 1205 2949 existar
1233 2888 1317 2948 entre
1341 2884 1388 2947 les

250 2994 429 3077 vingt-neus
453 2994 643 3057 manuscrits
673 2994 710 3057 de
740 3014 795 3058 son
825 2995 954 3059 edition.
982 2995 1009 3057 ll
1035 3014 1052 3057 a
1075 2992 1207 3075 procede
1235 2991 1389 3054 differem·

246 3104 342 3164 ment.
357 3100 384 3163 ll
399 3099 542 3182 apprecie
558 3098 679 3181 chaque
699 3100 871 3164 manuscrit
886 3120 942 3182 par
956 3100 1173 3182 comparaison
1193 3118 1253 3161 aux
1271 3101 1387 3172 autres,

247 3226 369 3271 comme
398 3206 475 3271 dans
503 3228 545 3271 un
574 3226 725 3271 concours
750 3227 787 3270 cn
814 3207 916 3271 classe
940 3207 995 3272 des
1019 3209 1126 3290 copies
1150 3207 1188 3271 de
1213 3205 1388 3270 candidate.

246 3314 290 3376 La
313 3313 398 3396 regie
422 3313 594 3395 principale
619 3318 667 3378 est
692 3314 769 3377 celle
794 3314 887 3377 dela
915 3314 1021 3377 lectior
1044 3312 1212 3397 difficilior.
1241 3312 1298 3377 Tel
1321 3314 1389 3375 mot

245 3439 323 3494 rare,
351 3419 427 3483 telle
456 3420 669 3483 construction
700 3420 827 3484 insolite
856 3423 907 3484 est
933 3420 965 3483 la
992 3421 1094 3484 bonne
1122 3420 1222 3507 leg-on,
1253 3438 1313 3499 que
1340 3418 1387 3481 les

247 3529 351 3590 autres
384 3525 573 3589 manuscrits
607 3529 661 3589 ont
693 3526 810 3590 alterae
842 3546 921 3608 pour
942 3546 964 3608 p
987 3527 1162 3591 substituer
1184 3525 1387 3606 l’erpression

246 3633 364 3697 banale.
390 3630 422 3696 θ’
447 3634 496 3695 est
524 3631 605 3694 ainsi
632 3651 692 3714 que
721 3634 750 3697 le
775 3632 952 3698 manuscrit
975 3633 1013 3697 de
1037 3634 1121 3716 Lyon
1148 3635 1210 3697 607
1236 3653 1262 3719 a
1276 3634 1306 3696 le
1330 3650 1387 3713 pas

247 3758 301 3803 sur
322 3740 353 3801 le
378 3738 551 3802 manuscrit
574 3738 611 3801 de
631 3738 753 3803 Corbis.
779 3740 823 3803 La
846 3740 955 3803 fareur
978 3740 1126 3805 accorde'e
1151 3760 1190 3804 au
1214 3738 1389 3802 manuscrit

247 3846 284 3908 dc
299 3844 427 3908 Padoue
447 3845 494 3907 n’a
512 3864 569 3927 pas
590 3845 710 3909 d'antrc
730 3846 833 3910 motis.
852 3846 897 3909 M.
917 3846 958 3912 H.
979 3847 1041 3911 cite
1060 3867 1102 3910 un
1122 3847 1239 3910 certain
1258 3845 1387 3910 nombre

247 3952 414 4039 delegans
438 3970 497 4033 que
522 3970 555 4014 ce
579 3952 754 4015 manuscrit
777 3953 827 4015 est
851 3954 920 4015 seul
939 3956 957 4015 a
975 3955 1136 4034 presenter
1159 3955 1191 4016 et
1209 3953 1297 4016 illes
1317 3970 1388 4015 con-

247 4057 348 4123 sidere
377 4076 498 4120 comme
527 4057 759 4139 authentiques.
785 4059 814 4122 ll
838 4059 934 4124 serait
961 4059 1136 4141 oependant
1162 4060 1302 4141 possible
1327 4078 1388 4141 que

246 4166 492 4246 quelques-unes
507 4164 626 4227 d'cntre
641 4164 717 4229 elles
737 4164 863 4228 fussent
881 4165 935 4228 des
952 4166 1139 4230 corrections
1155 4166 1387 4231 d’humaniste'.

246 4272 333 4335 Haec
358 4270 565 4336 confidentius
591 4290 684 4351 quarn
708 4272 816 4335 uerius
837 4271 921 4335 dicta
940 4272 985 4334 ita
1005 4276 1087 4336 certe
1106 4278 1285 4354 comparata
1303 4281 1387 4340 sunt.

246 4380 292 4455 ut,
321 4377 348 4440 si
380 4378 595 4457 probarentur,
625 4396 716 4442 omno
748 4378 793 4441 rei
828 4378 954 4442 criticae
986 4378 1178 4443 factitandae
1211 4384 1388 4444 auerterent
