3192 4959
317 487 382 550 372
669 485 695 540 S.
722 483 879 538 Aurelii
907 483 1120 552 Augustini

317 681 401 744 enim
425 678 659 756 1111111111,
684 677 770 760 quod
792 677 908 752 uirtus,
933 677 1081 760 quoniam
1105 695 1165 741 non
1184 675 1383 752 omniorum,
1408 675 1461 740 sed

316 787 443 869 sapiens
475 785 544 849 uita
576 785 680 850 uirtus
712 788 780 860 est:
815 787 848 848 et
878 785 983 848 tamon
1022 783 1264 866 qualiscumque
1296 783 1365 848 uita
1396 783 1461 848 sine

314 892 380 956 ulla
403 892 524 956 uirtute
547 893 655 973 potest
678 909 762 967 esse3
787 889 890 954 uirtus
914 909 989 954 uero
1014 889 1081 953 siue
1105 889 1172 952 ulla
1190 888 1258 952 uita
1276 906 1337 952 non
1355 891 1463 969 potest

314 1017 393 1063 esse.
420 997 491 1061 Hoc
519 1001 551 1062 et
578 997 617 1060 dc
644 996 796 1062 memoria
824 995 955 1060 dixerim
984 994 1086 1078 adque
1113 994 1244 1072 ratione,
1274 998 1307 1059 et
1335 993 1462 1077 siquid

312 1105 376 1170 tale
404 1104 492 1168 aliud
519 1105 623 1168 estin
646 1102 781 1170 homine.
811 1101 893 1168 Sunt
917 1103 1001 1166 enim
1024 1102 1103 1167 hacc
1126 1105 1159 1166 et
1181 1105 1252 1166 ante
1276 1101 1460 1178 doctrinam,
1488 1127 1499 1166 1

313 1213 381 1278 sine
404 1212 455 1276 his
478 1214 586 1276 autem
609 1230 671 1275 non
695 1212 802 1292 potest
827 1229 896 1274 esse
920 1209 986 1272 ulla
1010 1208 1161 1286 doctrina,
1186 1227 1222 1272 ac
1245 1228 1303 1291 per
1323 1209 1386 1273 hoc
1404 1228 1460 1274 nec

311 1317 427 1395 uirtus,
455 1335 535 1399 quae
563 1318 675 1398 utique
703 1317 846 1382 discitur.
875 1317 961 1380 Bene
992 1319 1099 1380 autem
1127 1334 1260 1392 currere,
1291 1315 1459 1398 pulchrum

310 1442 382 1488 esse
414 1442 554 1504 corpore,
586 1422 709 1487 uiribus
742 1422 924 1506 ingentibus
957 1423 1137 1505 praeualere
1171 1425 1203 1485 et
1231 1424 1337 1487 celem
1363 1421 1458 1487 huius

309 1530 396 1594 modi
427 1530 505 1594 talia
536 1532 622 1607 suut,
655 1532 692 1592 ut
723 1531 756 1592 et
785 1528 890 1592 uirtus
924 1528 991 1592 sine
1020 1528 1069 1592 his
1098 1546 1168 1593 esse
1197 1529 1300 1612 possit
1328 1531 1360 1594 11
1389 1530 1458 1612 ipsa

309 1637 377 1702 sine
399 1636 534 1711 uirtute;
559 1635 640 1700 bonu
662 1638 739 1699 sunt
759 1637 876 1712 tamen,
901 1637 934 1698 11
961 1633 1137 1698 secuudum
1164 1633 1245 1699 istos
1269 1633 1364 1700 etiam
1389 1634 1458 1718 ipsa
1475 1661 1495 1698 c

308 1747 439 1826 propter
461 1762 495 1806 se
518 1744 621 1825 ipsam
640 1741 747 1825 diligit
764 1741 880 1819 uirtus,
905 1742 1069 1824 utiturque
1087 1741 1153 1806 illis
1173 1741 1349 1820 otiantur,
1374 1743 1457 1807 sicut

307 1848 460 1914 uirtutem
484 1848 585 1913 decet.

351 1955 442 2019 Hanc
473 1955 575 2020 uitem
607 1955 734 2020 beatam
762 1955 860 2019 ctiam
888 1953 1039 2020 socialem
1067 1954 1234 2038 perhibent
1261 1975 1343 2034 esse,
1377 1975 1453 2038 quae

305 2063 478 2126 amicorum
503 2062 585 2126 hone
607 2066 734 2143 propter
757 2081 792 2126 se
816 2061 887 2144 ipsa
910 2060 1023 2144 diligat
1047 2062 1131 2126 sicut
1150 2082 1209 2128 sua
1232 2063 1342 2144 eisque
1364 2082 1452 2146 prop-

303 2173 353 2234 ter
388 2167 477 2251 ipsos
514 2168 574 2233 hoc
611 2169 693 2233 uelit
726 2167 810 2251 qnod
843 2167 919 2244 eibi;
953 2167 1022 2232 sius
1059 2167 1091 2232 iu
1130 2169 1223 2233 domo
1264 2170 1339 2249 sint,
1372 2171 1489 2234 siculo

302 2275 418 2342 coniux
450 2279 483 2340 11
513 2275 606 2342 liberi
639 2279 671 2339 et
703 2277 896 2358 quicumque
924 2273 1102 2350 domestici,
1132 2275 1200 2340 siue
1229 2276 1259 2339 in
1284 2277 1366 2354 loco,
1399 2276 1450 2340 ubi

303 2381 418 2447 domus
442 2384 492 2446 est
515 2383 595 2459 eius,
624 2382 721 2446 sicuti
744 2385 794 2446 est
817 2381 904 2458 urbs,
929 2384 966 2445 ut
989 2383 1065 2446 sunt
1087 2380 1121 2446 hi
1150 2381 1204 2464 qui
1228 2381 1316 2446 ciues
1340 2401 1450 2447 1111111-
1560 2435 1561 2477 p

300 2492 366 2570 tur,
396 2489 465 2554 aine
493 2488 526 2552 in
554 2489 629 2553 orbe
658 2491 736 2566 toto,
769 2493 809 2552 ut
836 2491 910 2552 sunt
938 2494 1049 2572 gentes
1080 2507 1159 2571 quas
1183 2489 1213 2552 si
1237 2489 1374 2555 societas
1397 2489 1448 2553 hu·
1559 2519 1560 2561 r

301 2615 395 2660 mana
426 2595 601 2680 coniungit,
633 2595 702 2660 siue
735 2595 766 2659 in
797 2594 868 2678 ipso
901 2593 1028 2670 mundo,
1063 2595 1119 2678 qui
1151 2597 1300 2660 censetur
1328 2597 1447 2662 nomine
1558 2597 1559 2645 1

299 2700 381 2766 caeli
415 2705 448 2766 et
474 2705 587 2777 terrac,
620 2703 705 2767 sicut
733 2719 804 2767 esse
834 2700 946 2766 dicunt
972 2701 1060 2778 deos,
1091 2721 1170 2783 quos
1194 2701 1310 2766 uolunt
1334 2702 1446 2768 amicos
1462 2725 1483 2761 20

299 2827 373 2874 esse
401 2807 522 2874 homini
551 2809 696 2891 sepienti,
730 2827 810 2890 quos
840 2827 897 2873 nos
925 2806 1114 2872 familiarius
1147 2807 1276 2892 angelos
1305 2809 1445 2874 dicimus.
1555 2847 1556 2896 p

301 2915 349 2980 De
381 2915 535 2980 honorum
568 2918 675 2980 autem
707 2919 740 2980 et
768 2935 784 2978 1
813 2915 967 2981 contrario
996 2917 1152 2980 malorum
1184 2914 1303 2981 finibus
1336 2919 1445 3001 negant
1554 2924 1555 2978 l

300 3021 368 3086 11111
392 3020 485 3086 modo
511 3039 581 3084 esse
605 3021 814 3086 dubitandum
841 3027 873 3086 et
896 3023 976 3086 hanc
999 3022 1082 3086 inter
1104 3041 1138 3087 sc
1162 3025 1195 3086 et
1212 3041 1315 3088 nouos
1334 3023 1445 3090 Acade·
1552 3009 1554 3070 1

298 3126 400 3192 micos
434 3125 600 3192 adfirmant
631 3147 701 3192 csse
735 3127 929 3202 distantiam,
963 3146 1020 3192 nec
1053 3148 1162 3194 eorum
1194 3128 1329 3194 interest
1362 3129 1443 3214 quid-

300 3253 406 3316 quam,
436 3233 505 3297 siue
530 3233 648 3315 Cynico
677 3234 746 3298 siue
774 3234 835 3300 alio
865 3235 1010 3316 quolibet
1037 3235 1148 3302 habitu
1173 3241 1206 3300 ct
1228 3236 1321 3302 uictu
1344 3239 1375 3302 in
1398 3237 1442 3302 his
1457 3252 1479 3291 c

297 3338 426 3414 finibus,
455 3358 535 3420 quos
566 3359 658 3404 ueros
686 3343 809 3422 putant,
833 3342 968 3425 quisque
996 3339 1249 3425 philosophetur.
1278 3343 1440 3409 Bituitus

296 3463 389 3527 porro
416 3445 483 3510 illis
510 3447 598 3510 111111
625 3447 805 3530 generibus,
835 3448 949 3522 otioso,
980 3452 1111 3514 actuoso
1136 3453 1168 3514 et
1195 3451 1282 3532 quod
1306 3471 1342 3515 er
1364 3455 1440 3514 utro-

297 3571 359 3634 que
391 3553 591 3636 conpositum
630 3557 689 3632 est,
726 3553 786 3619 hoc
823 3555 953 3620 tertium
992 3555 1053 3620 sihi
1091 3557 1213 3640 placere
1250 3559 1438 3623 adseuerant

296 3658 383 3722 Haec
415 3660 554 3725 sensisse
582 3661 684 3744 adque
709 3661 855 3726 docuisse
879 3662 1086 3728 Academicos
1115 3665 1239 3728 ueteres
1269 3663 1437 3730 111111111-

297 3765 384 3842 serit,
408 3772 537 3832 auctore
560 3769 728 3844 Antiocho,
746 3768 899 3853 magistro
920 3768 1081 3834 Ciceronis
1105 3773 1137 3836 11
1160 3790 1230 3848 suo,
1251 3791 1346 3855 quem
1368 3789 1436 3836 sane
1452 3785 1472 3822 ³²

297 3871 406 3938 Cicero
430 3873 462 3936 in
486 3873 631 3956 pluribus
655 3874 755 3938 fuisse
780 3873 924 3940 Stoicum
944 3895 1036 3958 quam
1058 3880 1198 3942 ueterem
1217 3879 1435 3944 Academicum

385 4082 418 4134 31
439 4080 523 4134 Acad.
542 4099 582 4150 pr.
602 4082 638 4144 11,
656 4083 687 4136 21
709 4099 750 4153 sq.

331 4204 453 4258 duirtus
463 4247 560 4261 ......
572 4222 733 4260 11111111
786 4207 1001 4264 5alindtalco
1058 4211 1090 4264 ll
1110 4227 1138 4265 ee
1157 4213 1244 4282 ipsam
1263 4225 1432 4282 egpacfse

294 4292 439 4361 ipsacbp
457 4293 557 4350 Domh.
630 4294 866 4365 diligiturahpa
916 4297 950 4349 14
968 4297 1083 4366 ipsame
1155 4297 1249 4369 diligit
1257 4317 1279 4370 p
1334 4301 1364 4354 17
1378 4299 1430 4352 eins

295 4384 371 4434 esto
426 4382 459 4435 18
479 4386 538 4435 tcto
557 4383 656 4437 orbec
