3192 4959
334 458 398 521 282
678 456 704 509 S.
733 454 888 508 Aurelii
917 454 1133 524 Augustini

332 649 426 727 sium,
455 649 547 714 cuius
575 654 653 732 aput
679 650 760 713 alios
789 648 876 713 aliud
903 667 1016 713 nomen
1047 648 1237 725 inuenimus,
1265 650 1355 731 rapta
1376 646 1462 729 perhi-

332 756 424 819 betur
436 756 571 838 Europa,
592 760 624 819 et
641 755 714 818 inde
735 756 833 839 geniti
848 755 1119 832 Rhadamanthus,
1137 754 1298 836 Sarpedon
1318 759 1348 818 et
1360 753 1461 829 ldiuos,

332 880 411 943 quos
435 862 537 946 magis
561 881 597 926 ex
620 861 729 925 eadem
752 861 886 925 muliere
910 862 992 925 lilios
1015 862 1102 926 Iouis
1133 879 1203 925 esse
1226 860 1391 944 uulgatum
1412 864 1463 923 est.

332 967 393 1033 Sed
421 969 536 1033 talium
564 968 695 1034 deorum
723 970 862 1032 cultores
890 968 982 1045 illud,
1011 967 1095 1049 quod
1120 968 1157 1031 de
1185 986 1258 1049 rege
1283 966 1463 1033 Cretensium

331 1075 479 1152 diximus,
507 1075 678 1139 historicae
702 1076 841 1154 ueritati,
871 1076 931 1139 hoc
956 1079 1072 1152 autem,
1098 1074 1244 1157 quodue
1269 1075 1343 1138 Ioue
1365 1076 1493 1157 poetaes

331 1185 469 1258 cantant,
502 1183 626 1246 theatra
654 1185 854 1263 concrepant,
883 1182 994 1263 populi
1023 1181 1193 1259 celebrant,
1222 1181 1353 1245 uanitati
1379 1179 1464 1261 depu-

330 1290 400 1351 tant
431 1288 619 1367 fabularum,
651 1292 689 1351 ut
721 1292 809 1352 esset
835 1287 917 1352 unde
951 1288 1018 1352 ludi
1046 1289 1157 1352 fierent
1183 1286 1345 1370 placandis
1375 1286 1464 1349 numi·

330 1394 425 1459 uibus
450 1395 544 1458 etiam
569 1395 658 1459 falsis
683 1413 792 1458 eorum
812 1394 1008 1459 criminibus.
1029 1394 1088 1459 His
1108 1394 1306 1477 temporibus
1324 1394 1463 1457 Hercules

328 1501 362 1565 in
394 1500 484 1583 Syria
516 1502 620 1565 clarus
653 1501 841 1577 habebatur3
875 1501 930 1565 sed
959 1500 1106 1564 nimirum
1136 1501 1229 1578 alius,
1257 1519 1317 1564 non
1344 1499 1405 1572 ille,
1431 1498 1463 1561 de

330 1626 392 1689 quo
425 1626 527 1690 supra.
552 1608 653 1671 locuti
685 1626 808 1671 sumus
843 1606 1018 1673 Secretiore
1052 1608 1167 1690 quippe
1200 1606 1334 1670 historia
1367 1607 1496 1689 plureso

329 1714 429 1777 luisse
454 1713 602 1779 dicuntur
625 1719 657 1778 et
680 1714 786 1777 Liberi
809 1718 914 1796 patres
940 1718 972 1778 et
995 1714 1159 1779 Hercules.
1183 1714 1278 1777 Hunc
1302 1731 1374 1776 sane
1395 1712 1462 1775 Her·

329 1822 444 1897 culam,
479 1821 569 1885 cuius
601 1820 742 1903 iugentia
775 1820 943 1884 duodecim
973 1820 1058 1884 facta
1085 1822 1261 1897 numerant,
1289 1819 1369 1883 inter
1394 1835 1462 1899 quae

328 1926 442 1990 Antaei
464 1926 533 1991 Afri
555 1945 665 1990 necem
689 1946 749 1990 non
775 1928 1033 2005 commemorant,
1055 1925 1139 2008 quod
1159 1945 1196 1989 ea
1213 1944 1264 1989 res
1285 1926 1323 1989 ad
1341 1924 1461 1989 alterum

328 2032 498 2096 Herculem
522 2033 668 2115 pertinet,
693 2033 724 2095 in
745 2033 825 2097 Oeta
848 2036 955 2097 monte
975 2052 994 2097 a
1012 2052 1046 2097 se
1064 2033 1136 2114 ipso
1156 2032 1320 2097 incensum
1339 2031 1463 2115 produnt

328 2138 396 2203 suis
423 2140 551 2216 litteris,
580 2159 652 2203 cum
681 2159 719 2203 ea
746 2140 877 2218 uirtute,
907 2158 969 2221 qua
997 2140 1100 2203 multa
1127 2138 1307 2223 subegerat,
1331 2137 1463 2201 morbum
1478 2154 1498 2195 u

327 2249 442 2325 tamen,
467 2267 529 2330 quo
552 2247 734 2331 languebat,
763 2247 919 2312 sustinere
943 2266 1003 2311 non
1027 2249 1146 2329 posset.
1174 2245 1234 2309 lllo
1260 2249 1397 2327 tempore
1417 2240 1463 2304 uel

326 2373 379 2417 rex
402 2354 454 2417 uel
476 2353 584 2435 potius
607 2356 760 2435 tyrannus
784 2352 908 2416 Busiris
933 2353 1000 2417 suis
1025 2352 1073 2417 dis
1098 2370 1174 2416 suos
1198 2352 1341 2432 hospites
1364 2350 1464 2413 immo-

326 2460 423 2538 labat,
452 2478 546 2541 quem
575 2458 675 2522 lilium
704 2459 871 2540 perhibent
897 2458 997 2523 fuisse
1021 2457 1160 2541 Neptuni
1184 2478 1221 2523 er
1244 2461 1343 2523 matre
1365 2456 1462 2537 Libya,

269 2642 272 2647 ,
326 2566 392 2630 lilia
423 2566 556 2648 Epaphi.
580 2565 697 2629 Verum
730 2584 790 2629 non
826 2564 970 2629 credatur
1002 2566 1061 2628 hoc
1099 2568 1244 2647 stuprum
1278 2568 1463 2647 perpetrasse

326 2673 506 2755 Neptunus,
537 2691 576 2736 ue
605 2672 637 2735 di
665 2675 870 2750 accusentur·;
899 2673 956 2737 sed
984 2671 1087 2755 poetis
1116 2676 1149 2735 et
1175 2672 1308 2736 theatris
1334 2672 1394 2735 ista
1415 2668 1497 2731 tri-u

326 2781 472 2854 boantur,
505 2782 542 2843 ut
575 2778 618 2843 sit
650 2778 733 2843 unde
764 2779 936 2862 placentur.
964 2779 1161 2843 Erichthonii
1191 2779 1275 2862 regis
1307 2774 1464 2842 Athenien·

326 2888 420 2964 sium,
449 2885 541 2950 cuius
569 2885 755 2950 nouissimis
784 2886 872 2949 annis
902 2886 994 2950 Iesus
1022 2884 1112 2950 Naue
1140 2890 1286 2951 mortuus
1310 2884 1462 2967 reperitur,

325 2992 489 3056 Vulcanus
517 2994 550 3055 et
576 2990 720 3055 Minerua
748 2994 893 3073 parentes
922 2992 1023 3055 fuisse
1052 2992 1210 3057 dicuntur.
1241 2988 1463 3073 sedquoniam

325 3099 503 3162 Mineruam
521 3097 677 3181 uirginem
699 3098 820 3174 uolunt,
840 3098 871 3161 in
892 3099 1056 3163 amborum
1076 3100 1277 3163 contentione
1296 3098 1464 3161 Vulcanum

326 3206 521 3269 commotum
544 3203 695 3267 effudisse
718 3203 808 3267 aiunt
831 3224 938 3269 semen
959 3205 989 3268 in
1009 3209 1124 3269 terram
1144 3205 1246 3287 adque
1264 3204 1336 3269 inde
1354 3198 1464 3267 homini
1479 3216 1500 3257 a

326 3314 398 3375 nato
423 3309 462 3373 ob
487 3329 555 3374 eam
579 3328 710 3374 causam
732 3310 797 3374 tale
821 3310 956 3375 inditum
982 3331 1103 3377 nomen.
1126 3310 1246 3376 Graeca
1265 3312 1346 3375 euim
1364 3310 1466 3392 lingua

325 3413 386 3499 ἔρις
417 3420 587 3494 contentio,
613 3418 702 3501 χθὼν
730 3422 814 3481 terra
837 3420 896 3495 est,
926 3417 1100 3500 exquibus
1125 3418 1248 3483 duobus
1273 3416 1464 3501 conpositum

323 3523 515 3587 uocabulum
540 3528 589 3587 est
611 3523 847 3588 Erichthonius.
871 3523 1001 3601 Verum,
1021 3524 1105 3607 quod
1124 3524 1286 3589 latendum
1305 3527 1363 3601 est,
1381 3521 1464 3586 reial-

324 3628 396 3692 lunt
419 3631 452 3693 et
474 3648 492 3692 a
516 3630 583 3693 suis
607 3629 656 3692 dis
675 3629 834 3711 repellunt
851 3630 914 3697 ista
932 3610 1100 3708 doctiores,
1120 3632 1175 3713 qui
1193 3632 1274 3695 hanc
1293 3629 1462 3713 opinionem

341 3832 520 3940 ¹Eminusp
610 3872 758 3926 beantent
774 3890 793 3941 9
884 3873 917 3926 13
936 3874 1029 3927 anthei
1049 3890 1087 3942 ep
1159 3874 1252 3928 affrie
1324 3874 1358 3928 ad
1377 3869 1464 3929 om.c¹

326 3986 360 4039 14
374 4003 453 4056 quem
468 3987 496 4039 iu
512 4002 525 4039 e
575 3983 687 4055 odra913
701 3953 834 4058 oasim·
853 3992 913 4041 oete
924 4006 946 4057 p
986 3990 1018 4042 15
1037 3990 1124 4043 multa
1144 3990 1262 4061 chapp
1273 4010 1286 4061 p
1297 3997 1347 4059 cf
1358 3988 1466 4052 Domb.,·

323 4080 478 4129 monstras
569 4076 602 4129 16
621 4076 743 4146 possitp
851 4077 894 4131 uel
914 4094 1001 4147 ona.p
1093 4079 1125 4131 l‘l
1149 4078 1300 4132 busiriuse
1407 4094 1463 4131 suos

323 4165 413 4234 potius
432 4164 543 4233 hospe
617 4166 649 4218 19
669 4166 787 4235 paphih
875 4170 983 4235 trupum
1003 4167 1113 4237 (sicne
1185 4166 1467 4223 aleriensem

324 4255 341 4307 l.
361 4256 402 4307 28
419 4271 458 4323 cp
507 4255 541 4307 27
560 4254 649 4325 χθών]
669 4254 752 4307 athon
769 4271 855 4324 ppa;
874 4255 955 4309 ethon
970 4273 1008 4324 p,·
1026 4256 1110 4309 othon
1130 4273 1157 4323 e;
1175 4273 1205 4311 ce
1223 4258 1291 4311 thou
1310 4274 1343 4325 ας
1361 4256 1466 4329 mthou,

324 4346 366 4395 etc
386 4342 422 4412 (l)
442 4358 522 4405 eras„
540 4343 572 4394 in
590 4358 675 4411 marp.
696 4344 779 4406 icton,
800 4344 830 4411 b;
850 4347 878 4397 et
896 4342 1006 4413 χθώνυ
