3192 4959
332 455 397 517 640
677 450 703 503 S.
733 449 890 501 Aurelii
918 447 1136 516 Augustini

332 647 472 710 diuinam
506 646 639 730 gradam
673 643 823 710 confiteri.
856 643 952 708 Porro
986 642 1014 706 si
1046 641 1158 725 paucis
1187 641 1343 706 diuinitus
1373 642 1463 706 daton
1552 661 1553 736 p

331 757 382 818 est
413 771 507 817 uerae
538 751 762 835 philosophiae
794 753 903 815 contra
934 749 1079 813 miserias
1112 749 1207 812 huius
1237 749 1323 813 uitae
1353 749 1464 812 unicum
1552 749 1553 842 l

331 859 495 936 auxilium,
524 858 603 922 satis
632 861 665 920 et
692 858 765 921 hinc
794 859 925 940 apparel
952 856 1126 920 humanum
1155 873 1255 939 genus
1285 855 1324 918 ad
1347 854 1463 918 luendas
1552 845 1553 938 l

330 965 529 1030 miseriarum
551 983 670 1046 poenes
689 982 759 1028 esse
783 964 977 1027 damnatum.
999 961 1090 1026 Sicut
1107 965 1213 1026 autem
1233 959 1304 1036 hoc,
1328 965 1365 1025 ui
1382 961 1464 1025 feton

271 1104 274 1110 ,
329 1075 392 1148 tur,
421 1072 545 1135 nullum
574 1070 717 1134 diuinum
747 1071 851 1134 maius
876 1074 926 1134 esi
949 1069 1076 1137 donum.
1107 1069 1153 1132 sic
1178 1069 1305 1133 anullo
1332 1068 1389 1132 deo
1412 1067 1495 1130 darie

330 1178 519 1242 credendum
553 1182 603 1243 osi
638 1177 699 1240 nisi
738 1176 777 1241 ab
809 1177 876 1253 illo,
911 1195 972 1258 quo
1007 1179 1039 1240 ei
1069 1175 1131 1260 ipsi
1164 1175 1219 1259 qui
1250 1177 1371 1239 multos
1402 1175 1463 1238 deos

331 1285 441 1349 colunt
464 1285 589 1348 nullum
613 1283 724 1347 dicuni
748 1303 818 1348 esse
842 1284 1004 1347 maiorem.

764 1474 902 1540 CAPUT
924 1475 1042 1540 XXIII.

1552 949 1553 994 l

330 1619 384 1683 De
413 1619 486 1693 his,
516 1637 616 1700 quae
643 1622 808 1700 praeter
835 1618 911 1682 illa
934 1619 1047 1696 mala,
1077 1637 1175 1700 quae
1206 1619 1324 1684 bonis
1348 1618 1462 1682 malis·

332 1745 406 1808 quc
435 1725 661 1791 communie
689 1727 792 1802 suni,
823 1724 869 1788 ad
893 1725 1094 1789 iustorum
1124 1725 1303 1789 laborem
1329 1723 1462 1807 specia-
1477 1737 1495 1776 1⁰

733 1831 834 1896 litei·
858 1832 1076 1915 pertinenia

374 1975 503 2039 Praeter
524 1975 602 2038 haec
626 1981 733 2039 autem
760 1975 848 2039 mala
869 1974 965 2038 huius
990 1975 1077 2040 uitae
1099 1975 1192 2041 bonis
1215 1975 1369 2057 malisque
1391 1993 1458 2039 com·

329 2079 437 2146 munia
468 2081 587 2144 habent
618 2081 650 2144 in
684 2100 721 2146 ea
751 2081 830 2145 iusti
862 2081 958 2145 otiam
990 2081 1134 2164 proprios
1167 2081 1322 2164 quosdam
1353 2081 1460 2145 labores

329 2207 417 2260 suos,
446 2187 561 2270 quibus
590 2187 745 2252 aduersus
773 2187 855 2252 uitia
876 2187 1017 2252 militani
1039 2191 1072 2252 ei
1093 2189 1125 2252 in
1149 2189 1262 2253 lelium
1287 2186 1459 2271 proeliorum

328 2295 557 2359 tentationibus
585 2293 801 2377 periculisque
824 2297 1002 2359 uersentur.
1031 2293 1210 2377 Aliquando
1235 2295 1319 2359 enini
1343 2291 1493 2359 concita-1⁵

327 2401 405 2478 iius,
430 2401 597 2483 aliquando
621 2401 799 2478 remissius,
824 2421 884 2466 non
904 2405 1010 2465 tamen
1030 2401 1146 2466 desinit
1164 2420 1235 2465 caro
1257 2399 1458 2483 concupiscere

328 2509 481 2572 aduersus
515 2507 664 2590 spiritum
696 2510 728 2571 et
760 2507 893 2590 spiritus
927 2509 1080 2572 aduersus
1113 2526 1250 2586 carnem,
1282 2514 1320 2572 ut
1350 2525 1404 2570 non
1430 2523 1458 2567 ea

328 2634 409 2697 quae
432 2616 582 2679 uolumus
606 2615 772 2690 faciamus,
803 2633 928 2679 omnem
951 2617 1068 2679 malam
1093 2613 1380 2696 concupiscentiam
1401 2631 1455 2676 con-

328 2722 492 2796 sumendo,
517 2720 572 2785 sed
596 2721 792 2798 campobis,
818 2725 972 2803 quantum
997 2721 1153 2785 diuIniius
1172 2721 1274 2785 adiuti
1293 2735 1455 2802 possumus.

328 2847 389 2893 non
419 2829 448 2892 ci
477 2827 700 2892 consentiendo
730 2827 917 2904 subdamus,
946 2828 1069 2912 uigiliis
1093 2828 1254 2893 continuis
1278 2827 1490 2898 excubantes,²⁸

328 2955 365 2999 ne
395 2935 500 3017 opinio
528 2935 596 2999 neri
626 2935 740 2999 simiIIs
768 2935 868 3013 fullai,
897 2955 936 2999 ne
961 2935 1099 3017 decipiat
1122 2954 1225 3000 sermo
1250 2939 1405 3010 uersutus
1429 2949 1455 2994 nc

329 3061 362 3105 se
395 3042 541 3106 tenebrae
575 3041 711 3106 alicuius
745 3041 857 3108 erroris
892 3041 1064 3119 offundant,
1097 3061 1135 3106 no
1169 3041 1254 3123 quod
1283 3042 1395 3106 bonnm
1419 3048 1455 3100 ost

328 3148 448 3211 malum
472 3153 528 3212 aut
551 3148 636 3230 quod
659 3148 778 3212 malurn
808 3151 858 3214 esi
881 3148 997 3213 bonum
1023 3167 1093 3213 esso
1117 3147 1274 3224 credatur,
1303 3167 1340 3212 nc
1363 3146 1397 3210 ab
1418 3143 1454 3206 his

328 3272 409 3336 quae
437 3254 557 3338 agenda
585 3256 661 3318 suni
687 3258 793 3319 metus
821 3258 960 3334 reuocet,
992 3275 1030 3318 no
1052 3254 1084 3318 in
1109 3272 1145 3318 es
1169 3273 1250 3337 quae
1274 3253 1389 3338 agenda
1408 3267 1454 3313 non

328 3362 404 3424 sunt
432 3361 546 3444 cupido
574 3360 772 3444 praecipitor,
801 3380 839 3425 nc
869 3381 964 3444 super
986 3360 1180 3426 iracundiam
1209 3361 1260 3426 sol
1283 3359 1407 3432 occidat,
1427 3361 1485 3416 nes

329 3465 514 3530 inimicitiae
538 3471 712 3549 prouoccni
735 3467 774 3530 ad
796 3467 1038 3532 retributi0nem
1063 3467 1139 3532 mali
1161 3487 1218 3549 pro
1243 3469 1336 3544 malo,
1359 3483 1394 3528 ne
1415 3461 1454 3524 ab·

328 3573 455 3638 sorbeat
481 3573 649 3637 inhonesta
675 3574 729 3638 uel
751 3572 950 3638 inmoderata
973 3573 1115 3650 tristitia,
1145 3592 1183 3637 ne
1206 3568 1453 3655 inpertiendorum

326 3679 550 3743 beneficiorum
589 3680 713 3762 ingerat
748 3698 836 3745 mens
874 3681 998 3764 ingrata
1029 3685 1199 3762 torporem,
1238 3699 1277 3743 ne
1312 3671 1453 3743 maledicis

419 3905 452 3958 16
472 3903 531 3958 Gal.
551 3907 577 3966 5,
599 3905 631 3958 17

365 4031 377 4083 1
399 4028 519 4082 diuinam
537 4045 624 4096 usquc
643 4027 683 4080 od
699 4028 889 4097 philosophiae
909 4045 978 4083 corr.
996 4046 1031 4083 m.
1051 4029 1082 4082 in
1100 4044 1217 4099 marpp
1272 4029 1288 4083 3
1303 4031 1330 4082 ei
1339 4025 1364 4090 ip
1376 4023 1450 4088 linco

327 4145 497 4201 6creditum
513 4161 532 4213 p
596 4109 756 4248 I‘colinte
820 4145 852 4197 12
871 4144 939 4198 hoec
958 4161 1008 4199 om.
1030 4161 1048 4197 a
1112 4145 1144 4198 13
1164 4143 1296 4198 habentia
1313 4141 1346 4207 (i)
1363 4137 1448 4204 e¹;h⁸·

326 4260 417 4316 banda
434 4244 448 4312 I
463 4257 502 4324 ιζ·
525 4259 653 4323 habenda
671 4247 686 4311 I
694 4263 696 4327 j
718 4259 867 4327 adscriptis
889 4260 921 4313 in
943 4260 1067 4330 marciae
1085 4260 1113 4313 in
1133 4275 1165 4314 cs
1187 4259 1242 4324 ilai,
1262 4257 1287 4313 0³
1353 4255 1382 4309 20
1398 4249 1446 4304 snb·

327 4348 414 4402 dimus
431 4362 449 4415 p
