3192 4959
317 421 382 484 456
666 418 692 469 S.
720 415 876 468 Aurelii
905 415 1119 484 Augustini

315 613 433 695 quippe
469 613 559 684 istae.
598 631 675 693 ques
713 612 852 696 appellat
886 611 958 693 Gog
991 615 1023 676 11
1055 611 1182 695 nagog,
1216 629 1277 675 non
1312 610 1359 673 sic
1391 615 1460 673 sunt

315 719 525 801 accipiendae,
561 723 723 800 tamquam
761 719 826 782 sint
857 718 955 800 aliqui
987 718 1019 782 in
1051 718 1157 800 alique
1186 720 1277 799 purte
1311 721 1459 780 terrarum

315 825 439 890 barbari
477 825 652 900 constituti,
691 824 759 887 siue
793 843 874 906 quos
907 823 1034 906 quidam
1068 821 1271 905 suspicantur
1304 821 1402 888 Getas
1433 825 1462 884 et

314 931 514 1014 Massagetas
550 934 680 1014 propter
715 930 839 993 litteras
876 930 988 994 horum
1026 929 1189 994 nominum
1226 927 1357 1010 primas,
1397 927 1461 991 sine

315 1037 439 1119 aliquos
471 1036 551 1102 alios
584 1037 777 1121 alienigenas
807 1038 839 1101 et
867 1055 884 1098 a
911 1036 1053 1100 Romano
1081 1036 1150 1099 iure
1178 1034 1351 1099 seiunctos.
1385 1035 1461 1098 Toto
1488 1057 1498 1092 ⁵

314 1163 449 1224 namque
479 1143 552 1208 orbe
581 1147 735 1207 terrarum
760 1142 930 1226 significati
957 1146 1032 1206 siunt
1054 1142 1110 1206 isti
1134 1161 1215 1218 esse,
1245 1161 1317 1206 cum
1345 1142 1461 1206 dictum

315 1252 365 1313 est
396 1248 582 1313 nationes
608 1267 707 1330 quae
731 1249 886 1312 suntin
912 1249 1295 1332 quattuorangulis
1321 1253 1461 1324 terrae,

314 1374 431 1438 easque
455 1355 593 1420 subiecit
616 1375 687 1420 esse
713 1355 797 1439 Gog
821 1360 860 1420 et
882 1355 1036 1440 Magog.
1067 1355 1209 1436 Quorum
1233 1356 1460 1436 interpretatio·

313 1481 385 1526 nem
408 1463 571 1526 nominum
596 1483 666 1528 esse
686 1463 898 1545 comperimus
919 1461 991 1546 Gog
1009 1465 1141 1536 tectum,
1166 1463 1285 1546 Magog
1305 1462 1343 1526 de
1363 1465 1459 1530 tecta:

313 1571 477 1651 tamquam
505 1568 618 1634 domus
648 1573 680 1633 et
707 1569 776 1651 ipse
806 1569 860 1652 qui
887 1568 1031 1652 procedit
1054 1567 1092 1632 de
1117 1567 1220 1632 domo.
1246 1566 1366 1632 Gentes
1390 1587 1495 1650 ergon

313 1680 398 1749 sunt,
431 1675 463 1739 in
496 1675 613 1757 quibus
645 1675 808 1740 diabolum
840 1676 932 1739 uelut
959 1676 990 1739 in
1020 1675 1135 1758 abysso
1164 1675 1312 1757 superius
1342 1674 1458 1738 intelle-

312 1781 466 1865 gebamus
490 1782 660 1858 inclusum,
686 1786 717 1846 et
740 1783 809 1864 ipse
829 1782 867 1846 de
886 1782 951 1848 illis
972 1782 1109 1864 quodam
1128 1782 1222 1847 modo
1243 1801 1313 1846 sese
1334 1781 1457 1846 efferens

313 1891 345 1951 et
371 1887 561 1971 procedens;
597 1893 633 1951 ut
660 1887 735 1952 illae
764 1889 828 1952 sint
856 1892 988 1966 tectum,
1012 1889 1082 1972 ipse
1106 1888 1144 1952 de
1168 1890 1264 1952 tecto.
1299 1887 1334 1952 Si
1358 1893 1455 1952 autem

310 1997 481 2077 utrumque
513 1995 687 2058 referamus
720 1994 759 2058 ad
793 1999 914 2078 gentes,
947 2015 1008 2060 non
1038 2015 1137 2060 uuum
1165 1995 1279 2058 horum
1309 1995 1349 2058 ad
1380 1995 1455 2069 illas,

311 2100 447 2165 alterum
470 2100 510 2165 ad
534 2100 713 2166 diabolum:
739 2104 771 2166 et
793 2103 916 2166 tectum
939 2101 1027 2185 ipsae
1051 2105 1136 2178 sunt,
1162 2103 1237 2184 quia
1258 2100 1290 2165 in
1317 2101 1362 2165 eis
1382 2119 1455 2164 nunc
1471 2122 1491 2162 1

311 2205 486 2270 includitur
513 2210 546 2271 et
572 2207 709 2288 quodam
737 2208 833 2272 modo
856 2207 977 2290 tegitur
998 2208 1148 2272 inimicus
1173 2208 1340 2290 antiquum
1370 2212 1401 2271 et
1421 2207 1454 2270 de
1554 2281 1555 2284 Ἴ

310 2315 395 2379 11111
420 2313 508 2395 ipsae
534 2316 635 2392 eruut,
661 2313 785 2396 quando
810 2314 842 2378 iu
871 2320 1015 2398 apertum
1045 2316 1153 2380 odium
1177 2315 1215 2379 de
1239 2319 1350 2398 operto
1373 2333 1453 2396 erup·

311 2423 400 2483 turae
430 2421 514 2483 sunt.
545 2418 638 2499 Quod
660 2439 736 2484 uero
761 2421 821 2484 ait:
845 2421 900 2485 st.
922 2421 1223 2486 adscenderunt
1247 2441 1368 2504 supra
1390 2425 1453 2484 ter·

310 2545 376 2589 rae
400 2526 668 2590 latitudinem
697 2530 735 2590 et
759 2527 977 2591 cinxerunt
1004 2531 1140 2593 castra
1163 2532 1395 2593 sanctorum
1419 2531 1453 2591 et

310 2631 507 2695 dilectam
534 2631 768 2697 ciuitatem:
798 2651 859 2696 non
883 2633 995 2716 utique
1020 2633 1058 2698 ad
1082 2653 1180 2698 1111111
1203 2635 1311 2699 locum
1335 2635 1452 2698 uenisse
1467 2657 1489 2694 11

310 2738 363 2802 uel
387 2739 513 2802 uenturi
538 2757 608 2802 esse
633 2739 804 2821 significati
828 2743 913 2818 sunt,
939 2741 1029 2822 qnasi
1053 2760 1115 2806 nno
1140 2741 1247 2818 aliquo
1265 2743 1336 2806 loco
1356 2741 1453 2804 sutura
1553 2721 1554 2762 ³

310 2845 374 2907 sint
407 2848 510 2907 castra
543 2850 724 2910 sanctornm
758 2847 790 2909 et
823 2845 940 2910 dilecta
969 2846 1094 2924 ciuitas,
1128 2865 1200 2911 cum
1229 2849 1308 2912 haec
1336 2866 1391 2911 non
1415 2845 1453 2908 sit

308 2950 371 3014 nisi
395 2949 514 3014 Christi
548 2951 684 3015 ecclesia
711 2955 779 3017 toto
809 2955 962 3016 terrarum
994 2953 1068 3017 orbe
1096 2954 1227 3030 diffusa3
1262 2973 1298 3018 ac
1325 2973 1378 3037 per
1398 2952 1453 3014 hoe

309 3056 503 3139 ubicumque
536 3061 612 3122 tuuc
645 3058 713 3136 erit,
749 3078 829 3141 quae
862 3059 893 3123 in
923 3059 1069 3123 omnibus
1098 3061 1247 3144 gentibus
1278 3061 1345 3136 erit,
1377 3053 1453 3139 quod
1552 3101 1553 3144 q

310 3161 524 3245 significatum
558 3167 607 3227 est
638 3165 765 3228 nomine
802 3165 981 3230 latitudinis
1015 3169 1125 3243 terrae,
1159 3167 1203 3231 ibi
1237 3169 1329 3232 erunt
1360 3167 1489 3228 castrare
1552 3149 1553 3221 l

311 3271 503 3343 sanctorum,
532 3267 576 3332 ibi
607 3269 667 3333 erit
695 3271 812 3334 dilecta
839 3271 907 3336 Deo
933 3272 1047 3336 ciuitas
1073 3273 1152 3350 eius,
1180 3273 1225 3338 ibi
1250 3274 1298 3337 ab⁴
1314 3271 1451 3338 omnibus

309 3373 448 3438 inimicis
473 3375 551 3450 suis,
577 3377 651 3456 quia
673 3381 706 3440 11
723 3377 785 3459 ipsi
805 3378 837 3441 11
857 3379 1005 3443 omnibus
1025 3398 1097 3444 curn
1117 3379 1173 3443 illa
1193 3380 1340 3462 gentibus
1360 3378 1452 3442 erunt.
1551 3463 1552 3468 ἵ

309 3481 541 3562 persecutionis
565 3481 653 3547 illius
677 3483 864 3548 inmanitate
889 3485 1045 3570 cingetur,
1074 3486 1134 3551 hoc
1159 3491 1218 3562 est,
1244 3486 1275 3550 in
1300 3483 1451 3569 angustias
1551 3481 1552 3494 1

308 3585 524 3651 tribulationis
563 3587 717 3652 ertubitur
755 3590 922 3674 urgebitur
960 3591 1182 3666 concludetur3
1221 3610 1279 3656 nee
1315 3589 1449 3655 1111111111

310 3710 400 3754 suam
426 3692 559 3768 deseret,
584 3713 664 3775 quae
689 3695 846 3760 uocabulo
871 3699 920 3760 est
944 3698 1101 3780 appellata
1125 3701 1312 3763 castrorum.
1467 3719 1488 3762 n

351 3865 364 3918 1
387 3881 453 3933 quas
473 3883 525 3920 111.
544 3865 566 3920 e¹
619 3869 635 3920 3
655 3869 808 3934 constituti,
828 3868 837 3921 i
861 3885 940 3924 eraso
960 3877 992 3923 ut
1010 3871 1123 3926 uidetur
1138 3887 1187 3941 19
1236 3873 1252 3926 4
1272 3872 1452 3938 massagetusc
1550 3845 1551 3896 d

311 3954 454 4022 {reliquas
475 3955 577 4008 aliasb
643 3955 853 4010 9detectumb
920 3959 1089 4028 reignire
1149 3961 1324 4030 11111111
1377 3959 1408 4010 12
1427 3959 1451 4008 et

310 4040 379 4110 ipse]
400 4041 484 4095 sedb
544 4043 609 4096 seb
657 4046 690 4097 13
711 4044 885 4099 detectumb
935 4049 1451 4118 1411111111.1·11.1111]11111ή11111,ρ
1549 4091 1550 4096 ,

314 4129 540 4184 161111111111)
596 4133 629 4185 18
648 4151 808 4204 supruu95
826 4136 1016 4204 superbepu
1080 4139 1112 4190 21
1134 4137 1329 4206 aliquounuv
1396 4132 1450 4185 loco
1549 4139 1550 4196 1

312 4233 364 4271 om.
379 4236 400 4286 p
455 4221 490 4272 23
510 4221 574 4273 orbe
593 4222 760 4274 terrarumb
825 4225 858 4276 27
880 4225 1009 4293 gentibus
1029 4241 1088 4279 curn
1107 4225 1189 4279 illan
1252 4225 1285 4278 29
1305 4220 1450 4292 urguebitur
1549 4219 1550 4248 1

312 4323 369 4374 ep,·
388 4307 564 4376 urgediturp
618 4311 653 4363 30
673 4309 780 4364 deseret
800 4328 874 4365 suam
895 4329 908 4366 e
