3192 4959
346 456 398 510 De
426 458 599 512 ciuitate
628 458 689 513 dei
716 459 781 513 lib.
810 458 895 513 XVII.
924 476 999 529 cap.
1027 458 1051 514 8.
1082 460 1106 513 9.
1230 462 1293 523 235

144 653 344 716 monstrante
378 651 483 732 coepit
510 653 640 735 agnosci
668 672 687 716 a
714 653 892 734 discipulis,
926 652 981 737 qui
1011 672 1083 717 eum
1107 654 1297 724 nonsolnm

145 759 350 841 magistrum,
374 776 486 821 uerum
510 758 605 821 etiam
631 758 802 821 Dominum
827 759 1078 841 appellauerunt.

190 865 261 929 Nec
285 864 324 929 ob
348 864 435 929 alind
459 865 587 928 uiuente
611 864 713 929 adhue
736 869 825 947 patre
845 885 902 929 suo
921 865 1027 930 Dauid
1045 884 1175 949 regnare
1194 866 1300 947 eoepit

146 971 316 1048 Salomon,¹
347 971 432 1053 quod
463 972 544 1035 nulli
575 990 687 1055 regum
720 972 848 1036 illorum
881 974 1025 1057 contigit.
1063 972 1125 1037 nisi
1157 976 1195 1036 ut
1226 972 1298 1036 hinc

114 1096 276 1160 equoque
308 1078 387 1141 satis
420 1077 544 1142 eluceat
574 1096 636 1141 non
670 1096 740 1142 esse
773 1077 890 1160 ipsum,
922 1098 1014 1160 quem
1044 1079 1209 1162 prophetia
1236 1079 1299 1143 ista

145 1184 340 1269 praesignat,
373 1203 453 1264 qnae
486 1184 524 1248 ad
557 1185 626 1249 eiua
657 1188 779 1265 patrem
812 1186 955 1269 loquitur
978 1186 1099 1251 dicens:
1139 1188 1184 1250 at
1216 1187 1297 1263 erit,

146 1310 232 1356 cum
255 1291 396 1372 repleti
420 1291 563 1355 fuerint
586 1290 666 1355 dies
692 1291 758 1367 tui,
783 1295 820 1355 et
840 1292 1001 1358 dormies
1023 1312 1103 1357 cum
1123 1294 1297 1375 patribus

146 1399 239 1475 tuis,
275 1402 311 1463 et
343 1398 544 1461 suscitabo
578 1418 702 1463 semen
736 1404 841 1463 tuum
875 1402 1035 1481 postte,
1069 1400 1131 1480 qui
1161 1400 1234 1463 erit
1256 1400 1298 1463 de

145 1508 283 1569 uentre
315 1508 392 1581 tuo,
426 1508 463 1568 ct
494 1504 725 1587 praeparabo
758 1524 913 1588 regnum
946 1505 1065 1570 illius.
1100 1506 1169 1585 Quo
1203 1506 1296 1569 modo

104 1634 128 1673 ro
147 1630 224 1695 ergo
243 1616 374 1693 propter
386 1610 419 1674 id
434 1610 518 1690 qued
532 1611 690 1693 sequitur:
709 1610 780 1676 Hie
796 1611 1020 1677 aedificabit
1034 1612 1124 1676 mihi
1139 1611 1299 1686 domum,

146 1720 209 1782 iste
234 1717 387 1783 Salomon
414 1718 581 1799 putabitur
603 1719 821 1801 prophetatus,
846 1722 877 1783 et
900 1738 960 1782 non
985 1720 1092 1800 potius
1116 1724 1244 1802 propter
1267 1719 1299 1783 id

147 1825 232 1907 qnod
258 1826 437 1907 praecedit:
458 1825 548 1891 Cum
572 1826 710 1909 repleti
734 1826 877 1891 luerint
902 1826 980 1890 dies
1005 1826 1061 1890 tui
1081 1832 1117 1890 et
1137 1826 1298 1891 dormies

147 1951 232 1996 cnm
265 1932 441 2013 patribus
478 1932 568 2009 tuis,
605 1933 802 1998 suscitabo
837 1950 960 1996 semen
994 1938 1099 1997 tuum
1131 1936 1220 2015 post
1253 1940 1299 2007 te,

147 2041 232 2104 alins
255 2038 409 2121 pacificus
431 2038 630 2123 intellegitur
653 2059 723 2104 esse
746 2040 934 2121 promissus,
960 2040 1014 2121 qni
1033 2058 1093 2103 non
1113 2044 1194 2117 ante,
1215 2038 1300 2103 sieut

105 2164 130 2203 ns
147 2148 222 2219 iste,
255 2145 313 2209 sed
341 2148 415 2228 post
440 2150 575 2209 mortem
598 2146 703 2211 Dauid
730 2146 970 2229 praenuntiatus
999 2150 1048 2210 est
1076 2146 1299 2210 suscitandus?

148 2252 337 2331 Quamlibet
372 2252 455 2315 enim
491 2252 587 2335 longo
624 2252 812 2334 interposito
847 2255 989 2334 tempore
1025 2253 1115 2317 lesus
1155 2252 1299 2317 Christus

147 2359 286 2434 ueniret,
319 2360 430 2440 procul
457 2358 553 2422 dubio
582 2363 655 2442 post
682 2362 816 2423 mortem
845 2358 928 2441 regis
957 2358 1072 2434 Dauid,
1102 2358 1153 2423 cui
1182 2358 1227 2424 sio
1252 2362 1302 2421 est

147 2465 341 2547 promissus,
368 2484 439 2528 enm
463 2465 571 2529 uenire
595 2466 769 2548 oportebat,
795 2465 849 2547 qui
874 2464 1054 2531 aedificaret
1073 2464 1201 2529 domum
1222 2465 1300 2539 Deo,

148 2591 211 2637 non
240 2571 281 2634 de
307 2570 406 2655 lignis
434 2575 466 2635 et
492 2570 664 2653 lapidibus,
694 2571 750 2635 sed
774 2572 812 2635 de
836 2570 1028 2645 hominibus,
1058 2570 1183 2654 qualem
1207 2570 1300 2634 illum

105 2677 320 2743 naedificare
352 2677 538 2760 gaudemus.
566 2678 652 2743 Huic
682 2678 767 2741 enim
794 2678 905 2743 domui
933 2678 1009 2743 dicit
1037 2679 1212 2759 apostolus,
1242 2678 1301 2741 hoc

148 2788 199 2849 est
233 2783 384 2848 fidelibus
418 2783 550 2848 Christi:
585 2785 779 2866 Templum
814 2786 909 2849 enim
938 2785 1007 2849 Dei
1036 2788 1206 2849 sanctum
1232 2790 1300 2860 est,

149 2891 252 2974 quod
278 2892 374 2955 estis
398 2911 475 2956 uos.

597 3084 732 3150 CAPUT
761 3084 864 3151 VIIII.

150 3224 270 3303 Quam
301 3224 442 3288 similis
470 3225 507 3288 in
530 3225 674 3307 psalmo
706 3226 966 3309 octogensimo
992 3228 1124 3289 octauo
1150 3227 1201 3289 sit
1224 3245 1301 3307 pro-

105 3356 132 3395 as
149 3332 287 3414 phatie
311 3331 354 3395 de
374 3329 528 3396 Christo
548 3332 617 3408 his,
638 3332 786 3414 quaein
806 3352 1003 3415 regnorum
1023 3332 1134 3396 libris
1153 3332 1300 3397 Nathan

447 3438 699 3520 prophetante
722 3439 1009 3520 promittuntur.

195 3580 333 3661 Propter
361 3578 446 3661 quod
475 3579 565 3644 etin
593 3580 716 3661 psalmo
742 3581 958 3663 octogensimo
985 3584 1109 3659 octauo,
1139 3582 1229 3646 cuius
1254 3586 1303 3647 est

153 3685 286 3751 titulus:
316 3686 546 3750 Intellectus
580 3686 657 3767 ipsi
691 3687 836 3751 Aethon
869 3688 1084 3753 Israelitee.
1114 3708 1302 3753 commemo-

152 3797 265 3857 rantur
291 3794 520 3877 promissiones
549 3794 608 3858 Dei
632 3794 733 3858 sactae
761 3794 828 3879 regi
854 3795 970 3871 Dauid,
1001 3800 1032 3859 et
1055 3796 1138 3873 istie,
1168 3796 1301 3878 quaein

244 4048 277 4101 21
300 4050 325 4101 1.
345 4046 406 4104 Cor.
425 4050 451 4113 3,
472 4048 504 4103 17

188 4189 337 4243 lillornrn
356 4204 485 4259 regumn
548 4191 740 4248 hiemante
804 4193 836 4247 10
856 4192 1011 4247 aadihcarnit
1028 4210 1046 4263 p
1110 4196 1142 4248 17
1163 4196 1268 4248 uenerit
1284 4212 1302 4265 p

154 4278 189 4333 18
209 4280 307 4347 quiec
384 4279 548 4333 tenattem
567 4281 607 4349 sp
682 4282 716 4335 26
735 4284 950 4351 premunturfp
1027 4284 1060 4337 27
1081 4284 1265 4353 octuagesimo
1282 4302 1302 4353 p

154 4370 184 4419 et
203 4370 301 4421 octauo
322 4368 392 4421 abc
445 4367 479 4420 28
499 4368 608 4421 aetham
630 4369 662 4431 f¹
735 4370 851 4423 ezraitae
872 4369 898 4439 ρ1
