3192 4959
341 451 392 504 De
422 451 594 506 ciuitate
622 452 683 506 dei
710 453 775 506 lib.
803 452 861 506 XV.
889 469 964 523 cap.
994 453 1036 505 16.
1066 453 1108 505 17.
1264 453 1306 516 95

159 647 367 711 uerecundiae
396 646 545 730 quiddam
574 647 718 711 naturale
741 647 845 729 adque
868 645 1038 722 laudabile,
1063 649 1110 722 ut,
1134 645 1188 710 cui
1211 644 1306 709 debet

159 771 250 818 cansa
281 754 527 838 propinquitatis
560 753 769 818 reuerendum
802 753 963 826 honorem,
997 752 1035 816 ab
1069 771 1106 816 ea
1134 753 1304 827 contineat,

158 861 302 942 quamuis
337 861 574 945 generatricem,
607 865 713 925 tamen
744 860 921 935 libidinem,
955 858 994 922 de
1027 879 1090 942 qua
1117 859 1303 925 erubescere

156 966 301 1030 uidemus
327 969 360 1030 et
381 967 484 1048 ipsam
508 966 696 1049 pudicitiam
721 967 932 1050 coniugalem.

127 1094 139 1132 a
198 1071 368 1156 copulatio
405 1073 505 1156 igitur
539 1073 635 1138 maris
673 1076 705 1138 et
736 1074 884 1150 feminae,
923 1076 1076 1155 quantum
1108 1071 1231 1136 adtinet
1262 1071 1302 1136 ad

154 1197 250 1260 genus
288 1180 482 1256 mortalium,
525 1181 683 1263 quoddam
721 1180 939 1246 seminarium
964 1183 1014 1244 est
1050 1178 1205 1254 ciuitatis;
1244 1179 1301 1244 sed

153 1289 275 1349 terrena
299 1285 414 1350 ciuitas
435 1287 636 1370 generatione
655 1286 888 1365 tantummodo,
908 1285 1056 1350 caelestis
1076 1289 1183 1350 autem
1204 1285 1299 1350 etiam

151 1397 387 1474 regeneratione
429 1411 508 1475 opus
549 1393 655 1472 habet,
698 1399 735 1458 nt
775 1412 887 1458 noram
925 1391 1136 1475 generationis
1173 1392 1297 1457 euadat.

152 1499 262 1564 Utrum
289 1503 397 1564 autem
417 1499 546 1582 aliquod
570 1501 675 1577 luerit,
695 1500 747 1564 uel
772 1501 890 1574 siluit,
911 1499 1003 1581 quale
1021 1498 1119 1563 fuerit
1136 1500 1298 1580 corporale

112 1627 133 1664 a
150 1606 249 1688 adque
288 1606 416 1670 nisibile
453 1607 700 1690 regenerationis
738 1607 866 1692 signum
904 1609 976 1671 ante
1010 1605 1180 1684 diluuium,
1213 1606 1299 1670 sicut

148 1713 292 1778 Abrabae
317 1714 515 1778 circumcisio
539 1717 652 1798 postea
675 1720 724 1780 est
747 1715 911 1796 imperata,
936 1733 1026 1778 sacra
1049 1713 1183 1778 historia
1200 1716 1295 1778 tacet.

149 1819 352 1885 Sacrificasse
374 1824 479 1885 tamen
498 1821 565 1886 Deo
586 1823 681 1886 etiam
705 1821 778 1886 illos
803 1822 1046 1904 antiquissimos
1069 1821 1215 1886 homines
1234 1839 1295 1885 non

147 1932 241 2002 taeet3
280 1928 365 2011 quod
398 1933 431 1992 et
462 1929 493 1992 in
527 1927 651 1994 duobus
683 1930 793 2010 primis
827 1929 977 1993 tratribus
1011 1928 1135 2006 claruit,
1167 1931 1199 1992 et
1226 1927 1294 1998 Noc

146 2037 216 2115 post
250 2035 423 2110 diluuium,
456 2055 528 2100 cum
562 2035 600 2100 de
632 2055 704 2100 area
735 2035 854 2101 fuisset
884 2055 1042 2119 egressus,
1076 2035 1197 2099 hostias
1225 2033 1294 2098 Deo

109 2141 264 2223 elegitur
294 2141 489 2208 immolasse.
522 2143 569 2206 De
602 2162 664 2225 qua
695 2161 728 2207 re
760 2143 791 2206 in
821 2141 1082 2225 praecedentibus
1111 2141 1201 2206 libris
1228 2141 1291 2205 iam

145 2245 291 2324 diximus
320 2266 382 2312 non
411 2249 450 2312 ob
479 2249 566 2313 aliud
594 2248 763 2314 daemones
788 2249 976 2335 adrogantes
1005 2248 1068 2313 sibi
1091 2246 1291 2312 diuinitatem
1399 2255 1404 2262 “

144 2353 282 2436 deosque
307 2373 341 2418 se
361 2355 445 2420 credi
465 2356 627 2438 cupientes
648 2356 710 2420 sibi
729 2359 875 2438 expetere
894 2355 1083 2421 sacrificium
1104 2359 1136 2420 et
1155 2353 1291 2438 gaudere

143 2459 236 2525 huius
265 2461 352 2526 modi
381 2461 561 2540 honoribus,
590 2463 651 2527 nisi
676 2463 749 2545 quia
772 2482 883 2528 uerum
908 2462 1098 2528 sacrificium
1123 2481 1198 2526 uero
1221 2460 1289 2524 Deo

142 2565 247 2631 deberi
271 2567 387 2633 sciunt.

102 2795 126 2833 u
584 2759 721 2827 CAPUT
743 2761 846 2828 XVII.

140 2899 189 2964 De
228 2900 388 2966 duobus
427 2921 468 2967 ex
501 2921 576 2968 uno
611 2905 797 2988 genitore
830 2904 1061 2986 procreatis
1093 2901 1285 2984 patribus

501 3009 629 3092 adque
652 3011 923 3092 principibus.

179 3125 261 3212 Cum
292 3168 366 3232 ergo
397 3153 481 3214 esset
508 3151 610 3215 Adam
638 3153 808 3236 utriusque
837 3154 960 3236 generis
988 3156 1088 3237 pater,
1117 3151 1150 3215 id
1178 3154 1228 3215 est
1251 3154 1284 3214 et

137 3253 224 3319 cuius
250 3256 348 3320 series
373 3257 412 3320 ad
435 3260 601 3334 terrenam,
622 3261 655 3323 et
673 3259 763 3324 cuius
784 3260 881 3324 series
901 3260 940 3323 ad
960 3261 1128 3324 caelestem
1147 3251 1284 3341 pertinet

98 3371 120 3410 ²⁵
137 3359 309 3442 ciuitatem,
334 3363 440 3452 occiso
462 3365 544 3429 Abel
563 3365 664 3447 adque
682 3366 713 3430 in
735 3367 803 3431 eius
823 3366 1042 3431 interfectione
1062 3365 1280 3431 commendato

135 3466 270 3532 mirabili
290 3474 485 3535 sacramento
505 3471 581 3536 facti
601 3476 676 3536 sunt
696 3473 757 3538 duo
777 3476 883 3556 patres
903 3474 1102 3556 singulorum
1118 3491 1279 3557 generum.

135 3570 208 3638 Cain
233 3578 266 3638 et
290 3573 379 3653 Seth,
408 3577 439 3640 in
465 3597 599 3660 quorum
622 3579 708 3656 liliis,
738 3599 818 3662 quos
843 3581 1082 3644 commemorari
1104 3580 1279 3662 oportebat,

134 3677 264 3746 duarum
294 3681 429 3746 istaurm
467 3684 634 3750 ciuitatum
672 3686 703 3749 in
737 3706 850 3770 genera
882 3687 1064 3751 mortalium
1098 3687 1277 3750 euidentius

133 3785 246 3852 indicia
269 3788 388 3854 clarere
412 3796 591 3873 coeperunt.
617 3792 693 3858 Cain
718 3793 834 3876 quippe
858 3793 968 3878 genuit
991 3794 1110 3869 Enoch.
1134 3795 1165 3858 in
1185 3794 1277 3858 cuius

94 3895 254 3958 eonomine
274 3895 418 3960 condidit
436 3897 610 3971 ciuitatem,
627 3903 780 3964 terrenam
797 3901 1007 3978 sollicetum
1023 3901 1276 3984 peregrinantem

219 4087 250 4139 14
270 4069 339 4142 cel.
358 4087 383 4151 s,
403 4089 438 4142 ao

165 4239 284 4324 lutiae
301 4241 479 4334 marpsete
543 4256 730 4336 quidelicete
785 4265 1036 4340 2uerecnudnmp
1105 4272 1273 4325 continuate

130 4345 145 4396 7
164 4349 240 4404 etiarn
259 4369 311 4406 om.
336 4352 389 4406 Va
462 4356 478 4408 9
498 4356 521 4408 si
539 4355 621 4421 fuerit
640 4359 719 4428 quale
738 4357 822 4430 fuerit
846 4359 870 4412 V
926 4361 959 4413 21
982 4361 1092 4414 duorum
1111 4361 1235 4430 patribus
1250 4379 1272 4429 p
