3192 4959
324 458 376 511 De
405 458 580 513 ciuitate
607 457 669 512 dei
695 458 760 512 lib.
784 458 855 515 XVI.
881 476 956 529 cap.
980 461 1022 515 35.
1046 462 1089 515 36.
1213 465 1275 529 189

129 652 257 730 diceret,
287 656 410 717 taceret
441 671 583 726 uxorem:
617 656 683 717 erat
714 653 798 717 enim
827 654 856 718 ei
883 654 1059 737 propinqua
1086 658 1118 718 et
1146 659 1275 737 patemo

129 764 157 823 et
179 763 324 825 materno
349 759 516 843 sanguine,
542 759 597 823 sed
621 760 715 824 etiam
739 760 810 844 ipsa
833 760 871 824 ab
896 760 1018 839 alienis,
1044 762 1170 845 cognito
1192 762 1276 845 quod

129 886 204 930 uror
231 868 331 943 esset,
359 865 476 930 mansit
503 866 633 931 intacta.
663 864 730 931 Neo
753 866 825 931 ideo
849 869 954 931 tamen
978 868 1077 932 istum
1101 870 1182 952 patri
1207 868 1275 932 eius

127 973 282 1055 praeferre
316 972 479 1051 debemus,
512 973 587 1055 quia
617 970 679 1037 iste
708 971 828 1037 nullam
856 973 1005 1037 feminam
1035 978 1159 1057 praeter
1181 994 1276 1039 unam

105 1079 296 1163 scoringam
322 1082 465 1144 nouerat.
489 1079 587 1142 Erant
614 1080 698 1143 enim
721 1079 834 1161 prooul
858 1079 952 1145 dubio
976 1084 1124 1163 paternae
1149 1081 1221 1145 fidei
1245 1085 1277 1146 et

129 1186 345 1251 oboedientiae
369 1187 482 1250 merita
504 1186 638 1268 potiora,
662 1186 694 1250 in
718 1189 855 1259 tantum,
878 1190 916 1251 ut
934 1191 1062 1271 propter
1079 1187 1171 1251 illum
1193 1186 1277 1251 dieat

129 1295 211 1359 Deus
237 1294 314 1358 huia
337 1313 372 1357 se
396 1294 498 1357 faeere
521 1294 604 1359 bona
628 1313 709 1376 quae
732 1294 820 1359 facit.
843 1294 1131 1372 Benedicentur,
1162 1294 1275 1377 iuquit,

127 1402 160 1464 in
184 1401 330 1465 semine
355 1403 419 1464 tuo
444 1418 570 1464 omnes
592 1404 727 1485 gentes
746 1402 882 1479 terrae,
902 1419 965 1483 pro
988 1418 1027 1465 eo
1048 1402 1146 1483 quod
1167 1402 1274 1467 obau-

129 1507 226 1571 diuit
249 1506 436 1571 Abraham
459 1510 569 1589 pater
590 1510 680 1571 tuus
703 1526 834 1571 uorem
858 1526 974 1571 meam
999 1509 1035 1571 et
1058 1508 1276 1574 custodiuit

92 1616 332 1697 upraeoepta
372 1632 452 1677 mea
493 1617 529 1677 et
569 1613 743 1677 mandata
778 1632 857 1678 mea
896 1618 932 1677 et
968 1614 1274 1681 iustificationes

128 1740 224 1785 meas
257 1723 294 1785 et
315 1720 490 1805 legitima
512 1740 607 1798 mea;
639 1725 671 1785 et
694 1720 755 1785 alio
778 1740 890 1785 rursus
916 1723 1057 1786 oraculo:
1082 1722 1157 1805 Ego
1183 1742 1274 1799 sum,

128 1827 240 1909 inquit,
274 1827 375 1892 Deus
403 1827 588 1891 Abraham
616 1828 738 1908 patris
767 1828 834 1904 tui,
865 1828 942 1892 noli
971 1828 1119 1905 timero;
1149 1832 1274 1893 teoum

129 1935 221 1999 enim
249 1952 331 1997 aum
356 1937 394 1997 et
415 1932 592 1998 benedixi
616 1939 652 1997 te
676 1939 712 1998 et
734 1933 1002 2016 multiplicabo
1028 1954 1151 2000 semen
1171 1938 1274 1999 tuum

128 2044 283 2123 propter
313 2040 500 2105 Abraham
532 2043 674 2123 patrem
707 2044 827 2119 tuum3
862 2044 898 2104 ut
925 2040 1150 2125 intellegamus
1180 2060 1273 2123 quam

91 2163 114 2203 1⁵
130 2151 213 2211 caste
236 2146 397 2210 Abraham
419 2146 539 2224 lecerit,
563 2147 648 2228 quod
671 2147 854 2211 hominibus
878 2147 1036 2231 inpudicis
1061 2151 1093 2211 et
1115 2147 1275 2229 nequitiae

130 2272 202 2317 suae
241 2252 280 2317 de
317 2253 483 2336 seripturis
521 2254 640 2318 sanetis
672 2254 848 2337 patrocinia
879 2253 1113 2336 requirentibus
1146 2254 1276 2318 uidetur

130 2359 243 2424 lenisse
265 2358 410 2437 libidine3
435 2360 546 2425 deinde
569 2362 606 2423 ut
630 2360 725 2424 etiam
750 2360 810 2425 hoc
835 2362 1028 2437 nouerimus,
1050 2379 1110 2424 uon
1130 2378 1166 2423 ex
1185 2360 1276 2425 bonis

131 2465 266 2551 singulis
302 2467 386 2531 iuter
421 2486 456 2531 se
493 2467 637 2531 homines
675 2485 855 2548 conparare,
895 2467 951 2531 sed
987 2467 1019 2530 in
1051 2485 1114 2530 uno
1149 2486 1275 2549 quoque

130 2573 366 2637 consideremus
395 2574 554 2639 uniuersa.
583 2574 666 2638 Fieri
696 2575 779 2638 enim
807 2577 922 2655 potest,
951 2576 989 2638 ut
1015 2574 1131 2637 habeat
1158 2573 1277 2654 aliquid

91 2678 159 2742 ain
192 2681 262 2744 uita
294 2684 327 2744 et
358 2680 499 2745 moribus
528 2681 696 2763 quispiam,
726 2699 787 2763 quo
818 2684 947 2763 superat
976 2680 1084 2749 alium,
1110 2678 1207 2761 idque
1236 2679 1278 2743 sit

129 2787 223 2871 longe
249 2787 485 2870 praestabilius,
518 2806 613 2869 quam
642 2790 692 2850 est
718 2786 809 2863 illud,
840 2786 921 2849 undo
950 2786 989 2849 ab
1013 2786 1075 2849 alio
1101 2790 1277 2869 superatur.

130 2893 174 2955 Ao
202 2912 258 2975 per
283 2893 346 2957 hoo
374 2910 449 2957 sano
478 2912 618 2974 ueroque
646 2892 775 2971 iudicio,
806 2911 879 2956 oum
908 2892 1101 2957 continentia
1129 2891 1277 2975 coniugio

130 2998 331 3081 praeferatur,
359 3000 472 3064 melior
498 3003 548 3064 est
574 3002 680 3063 tamen
710 2999 803 3064 homo
833 2998 937 3064 fidelis
968 3000 1157 3083 coniugatus
1183 3017 1276 3081 quam

131 3108 293 3171 continens
333 3105 480 3170 infidelis.
523 3106 584 3171 Sed
620 3105 756 3170 infidelis
797 3105 892 3171 homo
931 3124 991 3169 non
1029 3106 1133 3170 solum
1171 3105 1276 3168 miuus

92 3230 115 3271 a
130 3212 318 3294 laudandus,
337 3232 448 3278 uerum
467 3213 563 3276 etiam
583 3212 717 3277 maxime
737 3212 943 3277 detestandus
959 3216 1018 3277 est.
1035 3211 1276 3276 Constituamus

133 3320 241 3382 ambos
267 3319 384 3394 bonos3
413 3320 509 3383 etiam
537 3319 584 3383 sie
612 3319 752 3401 profecto
780 3320 895 3383 melior
919 3322 968 3383 est
991 3319 1180 3401 coniugatus
1204 3316 1277 3380 fide-

130 3426 273 3491 lissimus
311 3429 344 3490 et
380 3426 679 3491 oboedientissimus
717 3426 783 3489 Deo
823 3445 917 3508 quam
951 3426 1115 3489 continens
1148 3424 1277 3489 minoris

131 3530 206 3595 fidei
244 3532 438 3613 minorisque
481 3532 706 3598 oboedientiae.
750 3532 782 3597 Si
824 3551 901 3597 uero
938 3534 1026 3615 paria
1064 3532 1127 3596 sint
1164 3535 1276 3605 cetera,

132 3638 341 3702 continentem
366 3638 536 3723 coniugato
560 3640 716 3721 praeferre
741 3640 813 3721 quis
839 3640 1000 3723 ambigat?

225 3864 238 3915 7
258 3864 324 3919 Gen.
344 3865 389 3927 26,
408 3864 442 3916 24

171 4005 184 4058 l
209 4005 242 4073 ei]
261 4008 320 4059 ete
392 4009 420 4059 et
438 4008 551 4073 paterno
570 4020 632 4061 msa.
645 4010 759 4073 praeter
778 4004 809 4069 b;
828 4008 856 4057 et
874 4021 924 4061 om.
945 4005 986 4058 bo
1041 4006 1056 4057 2
1077 4006 1231 4076 sanguinei,
1250 4022 1276 4058 m

135 4110 218 4160 erue,
238 4094 263 4147 V
331 4096 428 4148 alienis
451 4094 604 4162 Vabepp
616 4113 633 4145 α
643 4100 665 4159 f
681 4093 795 4157 Domb.,·
816 4093 977 4160 alienigenis
998 4111 1036 4163 po
1119 4094 1230 4162 cognita
1249 4093 1277 4145 b²

135 4184 152 4236 3
173 4186 244 4236 esset
260 4201 360 4251 uxorp
432 4200 498 4236 uror
517 4183 609 4236 eluso
672 4185 690 4235 4
708 4199 789 4235 unam
808 4199 868 4251 sup.
890 4182 938 4235 lia.
963 4182 988 4237 V
1050 4184 1066 4236 6
1087 4182 1152 4234 deus
1173 4182 1278 4235 dicate

137 4273 170 4324 15
186 4277 288 4325 castae
360 4271 517 4324 omnibuse
572 4272 604 4324 17
623 4270 766 4324 libidinem
785 4288 824 4338 ep
880 4271 913 4324 23
935 4274 976 4323 est
995 4286 1079 4341 oanp
1142 4270 1175 4323 25
1196 4268 1276 4337 dege·

137 4358 248 4414 arandus
270 4360 306 4415 V¹
360 4362 395 4413 29
412 4360 548 4429 praeferre
564 4376 623 4429 pp5
641 4360 770 4429 praeferri
793 4360 830 4413 V²
842 4376 859 4413 a
870 4358 934 4426 b²e;
952 4358 1071 4429 prolerre
1096 4358 1130 4412 V¹
