3192 4959
299 462 362 526 178
640 457 666 511 S.
694 454 850 510 Aurelii
877 453 1093 525 Augustini

296 656 467 731 Abraham,
506 654 580 736 quia
617 652 734 718 donum
767 651 929 736 gignendi,
963 651 1045 734 quod
1083 671 1101 716 a
1136 652 1271 717 Domino
1309 653 1440 736 aceepit.

298 762 395 826 otiam
417 764 491 844 post
513 760 637 824 obitum
660 758 779 823 mansit
802 758 918 823 uxoris.
941 759 1005 824 Sed
1027 761 1191 843 propterea
1215 758 1294 823 mihi
1317 758 1443 823 uidetur

296 868 363 945 illa,
383 886 478 949 quam
498 866 601 931 soouti
620 884 743 944 sumus,
762 864 859 929 huius
879 864 1075 947 quaestionis
1095 864 1212 929 solutio
1232 864 1441 947 praeferenda,

299 973 373 1056 quia
396 972 595 1037 contenarius
619 971 748 1054 quidem
773 989 878 1045 senex,
902 972 959 1036 sed
982 972 1135 1055 temporis
1159 972 1270 1053 nostri,
1295 972 1332 1036 de
1356 970 1443 1037 nulia

287 1082 406 1162 ‘potest
426 1079 543 1143 femina
567 1078 709 1162 pignera
738 1095 798 1141 uon
824 1080 910 1155 tuno,
935 1077 1059 1160 quaudo
1084 1078 1186 1143 adhue
1210 1078 1332 1143 tamdiu
1355 1079 1443 1143 uiue·
1472 1098 1483 1139 e

297 1186 384 1264 baut,
417 1188 454 1251 ut
486 1188 612 1251 eentum
643 1185 715 1249 suni
743 1183 884 1248 noudum
913 1184 1052 1249 faeereut
1079 1184 1239 1249 hominem
1267 1184 1443 1268 decrepitae

299 1293 482 1357 senectutis.

708 1482 845 1549 CAPUT
868 1484 1032 1549 XXVIIII.

299 1628 351 1693 De
383 1627 509 1691 tribus
542 1623 636 1690 uiris
669 1624 730 1689 uel
763 1624 922 1708 augelis,
958 1624 1157 1707 inquibus
1191 1625 1234 1689 ad
1267 1644 1444 1707 quercum

351 1733 517 1797 Mambre
542 1730 765 1814 apparuisse
788 1730 957 1795 Abrahae
981 1730 1164 1795 Dominus
1189 1730 1389 1797 indicatur.
1463 1756 1485 1795 ιο

343 1875 425 1939 Item
444 1874 533 1937 Deus
552 1872 699 1956 apparuit
716 1872 860 1936 Abrahae
884 1872 923 1935 ad
948 1890 1098 1954 quercum
1122 1872 1262 1937 Mambre
1287 1873 1318 1936 in
1342 1872 1445 1937 tribus

300 1982 388 2059 uiris,
427 1999 505 2063 quos
542 1979 752 2043 dubitandum
788 1998 850 2042 uon
888 1980 937 2043 ost
974 1980 1104 2061 angelos
1141 1978 1254 2055 fuisse3
1298 1980 1446 2063 quamuis

299 2086 429 2172 quidam
463 2086 644 2150 existiment
674 2103 771 2149 unum
805 2086 837 2149 iu
866 2084 912 2149 eis
940 2084 1040 2149 fuisse
1068 2084 1242 2149 Dominum
1271 2084 1446 2163 Christum,

300 2194 483 2259 adserentes
502 2212 576 2256 eum
595 2192 691 2256 etiam
709 2194 783 2255 ante
801 2191 1021 2256 indumentum
1038 2192 1139 2257 caruis
1155 2191 1255 2256 fuisse
1271 2191 1446 2257 uisibilem.

300 2302 359 2365 Est
382 2299 508 2381 quidem
533 2296 658 2361 dininas
676 2296 846 2378 potestatis
865 2299 899 2362 et
915 2297 1099 2375 inuisibihs,
1118 2298 1326 2382 incorporalis
1344 2298 1447 2379 inmu3
1465 2322 1488 2363 ιι

300 2407 472 2487 tabilisque
500 2407 640 2480 naturae,
669 2403 735 2467 sine
763 2403 831 2467 ulla
859 2403 910 2467 sui
936 2404 1112 2468 mutatIoue
1136 2404 1233 2469 etiarn
1257 2406 1448 2469 mortalibus

302 2512 506 2596 adspectibus
536 2528 697 2593 apparere,
724 2528 784 2573 uon
812 2509 928 2591 perid
956 2510 1040 2591 quod
1069 2512 1129 2586 est,
1159 2511 1215 2574 sed
1242 2528 1299 2593 per
1326 2510 1449 2593 aliquid
1567 2540 1568 2551 ¹

302 2620 387 2702 quod
414 2618 477 2683 sibi
503 2616 668 2683 subditum
697 2618 759 2689 est;
790 2615 867 2697 quid
896 2617 1002 2679 autem
1026 2616 1074 2679 illi
1102 2616 1266 2681 subditum
1291 2636 1352 2681 uon
1378 2620 1449 2681 est?

301 2726 421 2790 Verum
448 2728 554 2788 tamen
584 2723 612 2786 si
638 2726 806 2803 propteroa
833 2721 1019 2786 confirmant
1046 2724 1157 2787 horum
1186 2724 1283 2787 trium
1307 2724 1450 2805 aliquem

301 2834 401 2897 fuisse
430 2831 603 2907 Christum,
634 2829 718 2909 quia,
747 2848 820 2893 eorm
849 2831 913 2894 tres
940 2830 1088 2907 uidisset,
1117 2830 1155 2894 ad
1185 2830 1356 2895 Dominum
1388 2832 1451 2895 siu·
1468 2856 1492 2895 so
1566 2814 1567 2867 i

302 2939 455 3023 gulariter
483 2940 533 3001 est
559 2936 688 2999 loeutus
716 2936 774 3011 (sio
803 2934 886 2999 euim
915 2936 1069 3019 scriptum
1099 2939 1162 3001 est:
1190 2937 1236 3001 Et
1260 2955 1346 3001 ecoe
1371 2942 1452 3001 tres

303 3044 377 3109 uiri
416 3043 570 3107 stabunt
606 3060 718 3124 super
755 3062 847 3121 eum,
891 3045 926 3107 et
962 3043 1096 3107 uidens
1134 3044 1377 3125 procucurrit
1415 3044 1453 3108 iu

304 3151 452 3215 obuiam
492 3148 573 3213 illis
611 3149 654 3212 ab
694 3149 793 3212 ostio
828 3148 1066 3213 tabernaculi
1100 3149 1168 3227 sui,
1202 3153 1239 3213 et
1271 3150 1453 3215 adorauit

305 3275 419 3339 super
442 3260 576 3320 terram
602 3258 639 3318 et
661 3254 772 3319 dixit:
796 3255 962 3332 Domino,
987 3256 1020 3319 si
1038 3256 1164 3320 inueni
1184 3256 1343 3341 gratiam
1365 3263 1454 3323 aute

303 3368 351 3441 te,
389 3364 421 3427 et
457 3360 587 3447 oetera):
620 3380 701 3443 quur
733 3382 793 3427 non
828 3364 859 3427 et
890 3361 970 3426 illud
1004 3362 1184 3440 oduarium,
1219 3362 1299 3429 duos
1333 3382 1371 3427 ar
1406 3365 1453 3429 eis
1471 3387 1495 3429 a

303 3467 440 3548 uenisse,
474 3472 511 3531 ut
543 3467 724 3533 Sodomitae
757 3468 946 3547 delerentur,
979 3487 1053 3533 oum
1085 3468 1187 3534 adhue
1219 3470 1381 3535 Abraham
1414 3470 1455 3533 ad
1564 3472 1565 3489 1

303 3596 402 3639 uuum
426 3575 618 3657 loqueretur,
643 3574 815 3639 Dominum
835 3574 999 3656 appellans
1019 3578 1051 3639 et
1067 3575 1274 3651 intercedens,
1294 3596 1333 3641 ue
1354 3577 1455 3641 simul

303 3683 426 3746 iustum
460 3700 533 3745 oum
564 3681 649 3763 inpio
683 3682 714 3745 in
749 3680 896 3746 Sodomis
930 3682 1095 3764 perderet?
1122 3682 1201 3747 Illos
1233 3688 1341 3747 autem
1371 3684 1454 3753 duos
1563 3758 1564 3771 χ

394 3872 427 3926 21
448 3870 515 3927 Gen.
537 3872 578 3934 18,
600 3872 612 3923 l
634 3888 692 3940 sqq.

342 3998 355 4050 1
377 3994 507 4065 gignendi
526 3994 660 4049 douurno
715 3998 732 4049 2
751 3995 800 4050 sed
819 3996 856 4063 e¹;
875 3997 898 4050 si
917 3994 942 4050 e²
1002 3997 1034 4051 10
1053 3996 1177 4050 Abrahae
1196 4012 1247 4052 om.
1262 4011 1284 4065 p
1358 3996 1454 4067 indie]

304 4084 496 4139 manifestatur
510 4100 531 4151 p
588 4085 621 4137 14
640 4085 721 4138 etiarn
741 4086 849 4138 eumV
905 4088 937 4140 15
957 4089 985 4139 et
1003 4084 1120 4140 risibilis
1144 4084 1170 4137 V
1239 4084 1456 4141 incommutbu

306 4174 340 4227 17
363 4189 418 4226 nou
442 4188 492 4226 om.
517 4171 543 4224 V
630 4175 663 4226 21
688 4173 726 4227 Et
744 4190 795 4227 om.
811 4192 832 4243 p
924 4176 958 4228 22
980 4176 1114 4245 procurrit
1132 4174 1187 4243 b¹p
1295 4174 1323 4227 iu
1344 4174 1455 4229 obuiam

309 4261 716 4329 Vobepppuf;inom.o
759 4263 902 4317 23hostio
928 4263 974 4317 Ve
1014 4263 1345 4333 250t12ue;etiamo
1408 4264 1456 4318 ad·

305 4350 417 4401 uertant
440 4348 474 4401 V¹
547 4365 578 4402 er
597 4350 636 4403 eis
654 4367 705 4407 om.
725 4350 750 4405 εἱ
804 4352 838 4405 27
858 4368 938 4405 uuam
961 4351 995 4405 V¹
