3192 4959
251 445 316 508 646
605 442 631 495 S.
660 442 817 496 Aurelii
845 441 1063 512 Augustini

253 637 409 702 erroribus
437 640 470 702 et
496 637 693 702 falsitatibus
727 635 933 702 defendendis
966 655 1061 719 quam
1091 656 1206 720 magna
1234 637 1404 702 claruerint

251 743 379 827 ingenia
413 743 676 826 philosophorum
708 742 810 825 adque
844 743 1086 824 haereticorum,
1125 745 1197 826 quis
1236 745 1402 810 aestimare

253 849 415 914 sufficiat?
446 849 623 932 Loquimur
654 849 735 914 enirn
770 867 854 913 nuuc
887 848 925 914 de
953 853 1065 914 natura
1091 849 1207 914 mentis
1236 850 1402 927 humanae,

253 975 316 1039 qua
337 955 400 1020 ista
423 955 492 1019 uita
513 955 657 1020 mortalis
681 957 820 1032 ornatur,
845 974 906 1019 non
930 955 1050 1020 deddc
1070 955 1171 1038 adque
1191 957 1305 1020 itinere
1325 957 1402 1020 ueri-

252 1061 339 1138 tatis,
372 1081 435 1144 qua
466 1061 523 1125 illa
554 1061 731 1126 inmortalis
768 1060 956 1143 adquiritur.
993 1061 1100 1127 Huius
1133 1065 1240 1128 tantae
1274 1067 1402 1127 naturae
1430 1085 1444 1122 s

253 1167 398 1234 conditor
420 1188 493 1233 cum
518 1168 562 1232 eit
584 1168 696 1249 utique
719 1168 808 1233 Deus
836 1187 932 1233 uerus
957 1173 990 1232 et
1013 1187 1170 1246 summus,
1194 1169 1266 1251 ipso
1291 1175 1403 1234 cuncta

252 1294 333 1358 quae
356 1275 433 1338 iecit
460 1273 700 1338 administrante
724 1277 757 1338 et
779 1293 936 1339 summam
966 1277 1158 1356 potestatem
1182 1293 1403 1358 summamque

253 1381 390 1445 habente
413 1380 572 1445 iustitiam
601 1399 775 1462 numquam
798 1381 940 1462 prolecto
964 1381 995 1444 in
1020 1381 1077 1445 bas
1101 1381 1247 1446 miserias
1271 1382 1404 1446 decidis·

254 1491 303 1552 set
327 1487 429 1569 adque
453 1505 490 1550 ex
513 1485 563 1550 his
586 1489 712 1567 praeter
734 1505 789 1551 eos
814 1487 899 1551 solos
924 1487 978 1569 qui
1007 1487 1228 1552 liberabuntur
1249 1488 1282 1550 in
1307 1495 1404 1553 aeter·

253 1612 310 1658 nas
334 1595 420 1658 esset
442 1592 537 1670 itura,
561 1593 622 1656 nisi
646 1593 741 1657 nimis
766 1593 883 1677 grande
906 1599 1073 1676 peccatum
1092 1594 1124 1658 in
1143 1594 1271 1658 bomine
1290 1595 1401 1677 primo,
1420 1615 1445 1654 m

253 1700 293 1764 de
317 1719 378 1782 quo
402 1699 499 1764 ceteri
522 1699 622 1763 exorti
645 1702 730 1776 sunt,
754 1699 991 1783 praecessisset.

298 1807 365 1870 lam
402 1824 477 1870 uero
506 1805 537 1868 in
564 1805 636 1887 ipso
665 1823 805 1887 corpore,
838 1806 985 1897 quamuis
1013 1806 1105 1871 nobis
1136 1807 1180 1870 sit
1203 1825 1276 1871 cum
1300 1807 1401 1872 beluis

253 1911 447 1977 mortalitate
480 1929 647 1977 commune
680 1911 855 1995 multisque
889 1931 997 1977 eanum
1028 1911 1205 1994 reperiatur
1235 1911 1401 1990 infirmius,

255 2022 371 2101 quanta
393 2017 453 2082 Dei
472 2016 608 2094 bonitas,
627 2022 744 2100 quanta
762 2018 962 2100 prouidentia
981 2019 1062 2082 tanti
1082 2017 1239 2083 Creatoris
1259 2022 1400 2101 apparet!

253 2123 366 2189 Nonne
389 2124 435 2188 ita
457 2127 533 2188 eunt
555 2123 587 2186 in
612 2143 649 2188 eo
672 2124 744 2188 loca
766 2142 920 2188 sensuum
949 2129 982 2188 et
1005 2127 1110 2189 cetere
1132 2124 1275 2188 membra
1298 2124 1401 2207 dispo·
1418 2145 1442 2186 a

255 2232 318 2296 sita
349 2229 535 2312 speciesque
563 2230 634 2311 ipsa
661 2247 697 2294 ac
724 2229 828 2313 ligura
856 2233 888 2293 et
916 2233 1039 2295 statura
1067 2229 1167 2294 totius
1195 2231 1336 2312 corporis
1359 2231 1401 2294 ita

255 2335 445 2415 modificata,
477 2340 515 2400 ut
545 2336 586 2399 ad
618 2335 830 2400 ministerium
869 2336 990 2400 animae
1023 2336 1186 2402 rationalis
1220 2355 1254 2402 se
1287 2336 1401 2401 indicet

253 2444 397 2508 facturn?
429 2442 500 2506 Non
533 2442 616 2506 enim
643 2445 682 2505 ut
708 2441 857 2516 animalia
883 2441 1015 2507 rationis
1045 2442 1185 2525 expertia
1210 2461 1311 2524 prona
1333 2461 1400 2508 esse

255 2549 401 2614 uidemus
428 2549 460 2612 in
484 2554 610 2624 terram
637 2548 685 2613 ita
708 2555 832 2613 creatus
858 2555 907 2613 est
930 2549 1041 2623 homo;
1073 2549 1128 2614 sed
1152 2552 1257 2614 erecta
1280 2549 1313 2614 in
1337 2567 1401 2614 cae

254 2656 323 2720 lum
351 2657 490 2739 corporis
517 2655 620 2721 forma
646 2655 796 2721 admonet
825 2677 898 2721 eum
922 2675 1003 2739 quae
1027 2675 1154 2721 sursum
1184 2663 1261 2720 sunt
1284 2674 1399 2737 sapere.
1416 2679 1441 2719 s·

254 2762 351 2827 Porro
375 2763 456 2826 mira
478 2761 650 2838 mobilitas,
674 2781 755 2844 quae
777 2763 905 2847 linguae
929 2781 965 2827 ac
989 2763 1135 2828 manibus
1160 2761 1323 2826 adtributa
1346 2765 1401 2831 est,

256 2868 295 2932 ad
327 2868 520 2950 loquendum
553 2876 585 2932 et
617 2869 819 2933 scribendum
853 2873 927 2952 apta
955 2869 1058 2952 adque
1087 2868 1279 2934 conueniens
1307 2867 1400 2932 etad

256 2992 350 3057 opera
372 2974 488 3038 artium
508 2973 716 3055 plurimarum
736 2973 978 3057 officiorumque
998 2973 1183 3057 conplenda,
1202 2993 1306 3038 noune
1326 2974 1401 3038 satis

257 3080 406 3156 ostendit,
431 3079 518 3161 quali
541 3080 662 3144 animae
685 3084 722 3144 ut
744 3081 881 3146 seruiret
903 3081 966 3144 tale
991 3081 1032 3144 sit
1056 3098 1171 3162 corpus
1196 3079 1400 3146 adiunctum?

255 3204 448 3269 quamquam
481 3189 513 3248 et
544 3185 694 3251 detractis
727 3187 974 3252 necessitatibus
1007 3186 1157 3268 operandi
1188 3187 1235 3250 ita
1263 3187 1441 3252 omniums

255 3291 394 3374 partium
425 3291 632 3374 congruentia
662 3310 832 3358 numerosa
863 3293 906 3357 sit
935 3297 967 3357 et
994 3291 1126 3374 pulchra
1153 3292 1217 3358 sibi
1244 3293 1400 3375 parilitate

256 3397 453 3480 respondeat,
481 3402 518 3462 ut
540 3399 665 3462 nescias
688 3404 797 3462 utrum
820 3399 852 3463 in
878 3418 914 3464 eo
942 3399 1105 3464 condendo
1130 3399 1230 3463 maior
1253 3399 1299 3464 sit
1320 3398 1400 3462 utili·

256 3503 333 3568 tatis
365 3504 476 3569 habita
505 3505 586 3568 ratio
618 3524 712 3586 quam
747 3505 879 3571 decoris.
914 3505 1006 3572 Certe
1039 3507 1122 3570 eninr
1154 3505 1235 3570 nibil
1264 3509 1399 3571 creatum

256 3608 404 3675 uidemus
433 3610 465 3674 in
496 3629 626 3693 corpore
653 3611 807 3676 utilitatis
836 3629 941 3684 causa,
972 3611 1057 3693 quod
1084 3630 1144 3675 non
1171 3611 1288 3675 habeat
1311 3611 1401 3676 etiam

258 3715 380 3781 decoris
410 3716 529 3781 locum.
562 3717 640 3781 Plus
673 3721 780 3781 autem
814 3716 906 3781 nobis
939 3716 971 3780 id
1000 3718 1174 3800 appareret,
1204 3716 1232 3781 si
1256 3733 1400 3781 numeros
1416 3741 1440 3784 a

256 3841 486 3900 mensurarum,
511 3822 626 3906 quibus
654 3822 737 3887 inter
759 3841 794 3888 se
818 3826 932 3888 cuncta
955 3841 1070 3888 conexa
1094 3827 1169 3887 sunt
1193 3827 1225 3888 et
1248 3825 1400 3906 coaptata,

257 3947 440 4004 nossemus3
465 3947 545 4010 quos
569 3929 662 3994 forsit
648 3933 700 3994 tan
721 3928 775 3993 dat
761 3933 795 3993 ta
815 3948 909 4013 opera
927 3929 959 3994 in
980 3929 1040 4006 bis,
1061 3947 1140 4011 quae
1162 3929 1236 3994 loris
1257 3929 1399 4000 eminent

294 4117 543 4188 2eereticorumg
596 4118 691 4172 4uita
709 4117 802 4188 istap
856 4117 1043 4173 8hsbentec
1107 4119 1137 4173 ll
1159 4135 1212 4189 quo
1232 4136 1267 4174 m.
1287 4121 1399 4172 2eeeo

259 4250 365 4303 comp
454 4233 590 4287 exhonie
681 4236 714 4288 lb
736 4199 845 4305 nouup
935 4235 969 4290 18
988 4234 1143 4305 expertiag
1232 4236 1268 4290 25
1287 4235 1326 4302 et]
1346 4233 1401 4300 sig

258 4349 294 4404 28
313 4348 479 4419 abitlaratio,
498 4348 605 4402 beros.
608 4367 650 4418 ,9
721 4348 845 4403 uidemus
865 4353 983 4404 creatum
1003 4351 1102 4406 Dorab
