3192 4959
354 443 403 494 De
433 442 606 494 ciuitate
635 441 697 494 dei
724 441 790 494 lib.
819 441 904 497 XXII.
935 459 1008 510 cap.
1039 441 1081 496 20.
1225 445 1289 509 633

138 638 277 702 bumana
295 638 444 721 primitus
464 637 576 719 coepit.
594 636 644 701 Ab
663 636 718 701 illo
739 637 856 720 quippe
876 637 975 702 altero
994 643 1157 719 tamquam
1176 643 1289 702 mutuo

138 747 245 809 sumta
273 743 453 825 deputanda
479 747 544 818 est;
574 761 653 825 quae
682 743 768 807 sicut
796 763 850 807 aes
878 743 1016 807 alienum
1047 744 1075 807 ei
1099 744 1289 808 redhibenda

137 855 198 925 est,
227 850 310 914 arada
339 853 446 914 sumta
473 853 530 914 est
559 849 623 916 Sua
653 869 726 913 uero
754 849 815 926 illi,
846 869 939 932 quem
962 851 1062 914 fames
1088 851 1288 932 exinanierat,

137 958 176 1021 ab
202 976 250 1022 eo.
274 957 327 1040 qui
347 959 455 1040 potest
478 957 574 1020 etiam
599 956 743 1019 exhalata
765 973 925 1032 reuocare,
948 955 1107 1021 reddetur.
1133 954 1288 1034 Quamuis

109 1063 201 1127 setsi
229 1063 375 1128 omnibus
401 1064 540 1144 perisset
567 1061 670 1126 modis
699 1080 754 1126 nec
784 1062 850 1126 ulla
878 1063 947 1126 eius
975 1065 1123 1128 materies
1151 1064 1183 1127 iu
1213 1063 1288 1128 ullis

136 1174 266 1235 naturae
290 1169 419 1235 latebris
443 1170 659 1244 remansisset,
679 1170 762 1233 unde
781 1170 890 1246 uellet,
915 1189 982 1234 eam
1003 1174 1163 1253 repararet
1182 1168 1288 1233 Omni-

135 1281 259 1359 potens.
294 1275 356 1342 Sed
387 1281 516 1360 propter
548 1277 738 1341 sententiam
773 1277 934 1357 Veritatis,
973 1297 1035 1359 qua
1067 1277 1188 1340 dictum
1221 1280 1287 1341 eat:

137 1384 327 1467 Capillus
352 1383 504 1466 capitis
527 1383 658 1449 uestri
683 1403 756 1448 nou
781 1384 949 1465 peribit,
975 1383 1147 1448 absurdum
1168 1388 1226 1460 est,
1251 1387 1288 1448 ut

135 1495 297 1572 putemus,
326 1510 399 1554 cum
424 1491 559 1572 capillus
583 1490 720 1555 bominis
744 1492 846 1575 perire
870 1510 931 1555 non
954 1491 1068 1573 possit,
1092 1494 1198 1556 tantas
1223 1509 1289 1555 car·

91 1617 117 1657 10
134 1615 190 1661 nes
214 1597 298 1660 fame
323 1595 472 1678 depastas
497 1597 600 1679 adque
624 1603 808 1663 consumtas
832 1598 934 1680 perire
958 1597 1112 1680 potuisse.

181 1700 304 1781 Quibus
329 1703 476 1768 omnibus
500 1708 683 1787 pronastro
703 1704 834 1770 modulo
855 1704 1063 1769 consideratis
1084 1705 1186 1787 adque
1205 1709 1287 1768 trac·

134 1809 213 1874 tatis
244 1811 322 1875 baec
356 1830 481 1875 summa
513 1809 688 1881 conficitur,
721 1815 758 1876 ut
789 1812 822 1875 in
851 1811 1081 1876 resurrectione
1119 1811 1220 1876 carnis
1253 1811 1284 1874 in

134 1921 298 1980 aeternum
336 1936 389 1980 eas
422 1936 587 1982 mensuras
620 1917 735 1982 habeat
769 1937 935 2000 corporum
968 1917 1167 2001 magnitude,
1206 1935 1285 1999 quas

133 2022 273 2087 habebat
303 2021 511 2104 perficiendae
544 2024 614 2088 siue
649 2017 809 2106 perfectae
843 2025 998 2106 cuiusque
1031 2024 1133 2088 indita
1164 2023 1287 2106 corpori

89 2151 115 2192 ιι
132 2128 215 2193 ratio
237 2129 428 2207 iuuentutis,
451 2130 484 2194 in
507 2131 719 2196 membrorum
745 2151 870 2214 quoque
895 2131 1037 2196 omnium
1057 2131 1194 2195 modulis
1215 2151 1288 2195 con·

133 2253 213 2320 gruo
252 2235 364 2300 decore
401 2239 537 2302 seruato.
577 2235 667 2316 Quod
706 2239 802 2302 decus
840 2242 877 2302 ut
913 2241 1068 2314 seruetur,
1107 2238 1133 2302 si
1167 2237 1285 2319 aliquid

133 2342 276 2407 demtum
317 2341 412 2408 luerit
446 2343 605 2406 indecenti
644 2344 739 2408 alicui
776 2345 947 2428 granditati
985 2343 1017 2409 in
1053 2347 1143 2426 parta
1180 2344 1287 2425 aliqua

133 2448 337 2525 constitutae,
362 2449 447 2530 quod
469 2467 526 2531 per
548 2451 651 2513 totum
677 2455 854 2534 spargatur,
884 2456 921 2515 ut
942 2471 1043 2534 neque
1067 2451 1099 2515 id
1122 2454 1231 2532 pereat
1254 2454 1287 2514 at

133 2556 341 2639 congruentia
367 2555 505 2639 partium
534 2556 653 2638 ubique
681 2559 843 2621 teneatur:
871 2577 931 2622 non
963 2563 1012 2622 est
1040 2557 1223 2634 absurdum,
1248 2557 1286 2620 ut

87 2683 114 2721 ao
132 2662 255 2746 aliquid
290 2663 363 2726 inde
396 2663 493 2726 etiam
531 2667 671 2728 staturae
705 2664 845 2746 corporis
876 2663 949 2728 addi
981 2684 1076 2747 posse
1109 2663 1284 2739 credamus,

132 2787 208 2832 cum
232 2769 380 2834 omnibus
403 2769 559 2851 partibus,
583 2774 621 2835 ut
644 2770 787 2835 decorem
809 2771 1000 2846 custodiant,
1019 2771 1051 2834 id
1072 2770 1285 2847 distribuitur,

132 2875 220 2958 quod
248 2875 276 2939 si
305 2877 475 2940 enormiter
501 2878 534 2941 in
561 2898 625 2942 una
653 2882 747 2951 esset,
777 2879 888 2961 utique
918 2898 979 2942 ιιοιι
1004 2878 1137 2943 deceret.
1167 2877 1233 2941 Aut
1257 2875 1285 2939 si

132 2981 335 3046 contenditur
365 2983 396 3046 in
431 3003 467 3048 ea
505 3003 661 3066 quemque
694 2989 817 3049 statura
855 2984 994 3068 corporis
1031 2987 1284 3049 resurrecturum

132 3107 214 3161 esse,
243 3087 276 3152 in
304 3108 366 3171 qua
395 3090 565 3155 defunctus
595 3094 654 3167 est,
684 3109 745 3155 uon
769 3093 956 3175 pugnaciter
979 3091 1194 3156 resistendum
1218 3095 1284 3162 est;

83 3217 113 3257 aa
130 3199 258 3259 tantum
286 3195 371 3260 absit
398 3197 500 3260 omnis
530 3197 726 3276 deformitas,
755 3199 858 3262 omnis
887 3198 1063 3276 infirmitas,
1093 3197 1194 3263 omnis
1222 3199 1284 3258 tar-

132 3303 216 3366 ditas
240 3302 406 3384 omnisque
430 3303 601 3385 corruptio,
635 3307 667 3367 et
700 3305 728 3368 si
760 3305 837 3386 quid
870 3305 957 3369 aliud
986 3305 1065 3369 illud
1098 3323 1159 3369 noa
1193 3303 1286 3366 decet

130 3427 274 3492 regnum,
287 3409 320 3472 in
335 3428 398 3491 quo
412 3410 650 3475 resurrectionis
667 3413 699 3474 et
712 3411 936 3492 promissionis
951 3411 1008 3476 filii
1024 3412 1172 3495 aequales
1193 3415 1285 3476 erunt

131 3515 254 3600 angelis
278 3515 348 3585 Dei.
373 3515 486 3580 sinon
512 3535 650 3599 corpore,
674 3535 735 3581 nou
760 3522 873 3590 aetate,
899 3521 982 3582 certe
1006 3519 1170 3583 felicitate.

168 3725 181 3777 1
201 3724 252 3777 illa
328 3724 514 3778 2redibenda
532 3725 611 3796 e9¹p
691 3727 891 3797 armipotens
911 3727 993 3780 etiam
1013 3727 1130 3780 exaltare
1150 3743 1247 3780 uocare
1267 3727 1284 3781 b

132 3814 238 3907 arelate
256 3830 295 3882 ep
366 3813 523 3884 redditurp
615 3816 712 3870 aab
791 3817 913 3872 nolanae
934 3816 1039 3870 sinullis
1054 3833 1073 3885 9
1144 3817 1171 3868 iu
1191 3817 1283 3870 illieb

131 3898 529 4008 tinde‚enmarpu11,dee
602 3940 634 3992 12
653 3944 684 3992 ut
703 3956 791 4009 emp
848 3943 880 3994 14
899 3941 981 4010 profi
974 3939 1099 4008 rendep
1156 3941 1188 3994 18
1209 3940 1280 4010 quod

131 4054 304 4124 deptotump
341 4055 372 4107 21
394 4053 422 4107 id
441 4071 524 4124 onap
560 4055 594 4108 22
615 4054 732 4111 deceret
750 4055 818 4125 Aut]
838 4055 947 4109 decerta
966 4059 997 4108 ut
1013 4073 1031 4125 9
1066 4055 1282 4121 aeconomus

129 4160 163 4198 m.
183 4142 328 4197 2corr.b
381 4143 417 4196 25
435 4146 523 4197 omnis
544 4141 703 4196 deformitas
722 4160 774 4200 om.
794 4145 832 4197 b
866 4145 899 4197 27
919 4143 992 4198 filiae
1012 4144 1139 4213 qualesy
