3192 4959
418 426 470 479 De
499 426 675 480 ciuitate
704 425 766 478 dei
793 424 858 478 lib.
881 425 953 480 XXI.
982 441 1057 494 cap.
1081 427 1105 479 5.
1271 426 1335 490 523

180 619 268 704 ignis
295 620 389 685 uelut
414 621 446 684 in
475 640 557 702 aqrru
579 621 741 698 fluescere,
772 620 972 702 eundemque
1000 621 1118 684 laceret
1141 638 1223 700 aqua
1245 619 1337 683 uelut
1374 669 1382 682 .

181 728 215 791 in
242 728 317 811 igne
346 727 513 809 crepitara3
546 731 604 792 aut
631 729 776 792 futurum
805 727 937 804 fontem,
967 726 1058 790 ouius
1090 745 1171 808 aqua
1194 726 1225 789 in
1249 724 1337 790 refri-

182 834 272 917 gerio
296 834 400 898 noctis
425 833 471 898 sic
495 833 612 911 ardeat,
640 836 762 898 utnon
785 834 891 917 possit
913 833 1012 918 tangi,
1036 832 1068 896 in
1093 832 1235 898 aestibus
1259 851 1335 898 uero

183 939 247 1004 diei
272 940 319 1004 sic
342 942 457 1023 algeat,
481 942 602 1004 utnon
626 940 729 1024 possit
751 940 832 1013 bibi;
857 943 914 1004 ant
941 939 1085 1003 futurum
1108 938 1258 1020 lapidem,
1283 937 1336 1000 uel

149 1066 260 1110 ceum
291 1047 346 1128 qui
374 1066 432 1112 suo
462 1048 565 1111 calore
584 1067 712 1111 menum
737 1047 984 1129 constringentis
1008 1045 1163 1123 adureret,
1186 1045 1240 1108 uel
1262 1062 1336 1108 curn

182 1153 238 1236 qui
267 1153 488 1236 undecumque
516 1172 669 1217 accensus
702 1153 861 1236 exstingui
895 1154 1021 1217 omnino
1054 1171 1114 1217 non
1146 1153 1267 1233 posset,
1305 1152 1339 1214 et

183 1263 290 1324 cetera
314 1279 394 1341 quae
416 1259 649 1342 praetermissis
674 1260 745 1324 eliis
769 1260 944 1324 innumeris
965 1259 1241 1324 commemoranda
1257 1258 1337 1320 inte·

182 1366 244 1429 rim
275 1364 369 1430 duri?
401 1365 489 1430 Haec
518 1385 592 1449 ergo
620 1367 652 1430 in
680 1366 736 1430 illo
765 1368 903 1444 saeculo,
938 1365 1023 1449 quod
1051 1366 1196 1430 futurum
1225 1367 1284 1440 eet,
1309 1362 1337 1428 si

183 1471 364 1536 diceremus
391 1472 499 1537 futura
526 1473 681 1554 nobisque
709 1473 866 1536 increduli
893 1472 1132 1555 responderent:
1162 1470 1207 1536 ‘si
1235 1471 1336 1535 uultis

137 1601 164 1641 ιο
182 1582 222 1641 ut
246 1597 283 1642 ea
307 1578 483 1654 credamus,
508 1579 546 1644 de
571 1579 707 1662 singulis
730 1579 853 1644 reddite
877 1579 1057 1644 rationem':
1082 1597 1221 1644 noanon
1242 1596 1336 1661 posse

83 1771 88 1778 Ι
184 1684 417 1764 confiteremur,
451 1706 487 1752 eo
517 1687 602 1769 quod
629 1687 702 1750 istis
731 1691 763 1750 et
791 1687 951 1750 similibus
981 1686 1041 1750 Dei
1069 1685 1159 1750 miris
1188 1685 1336 1767 operibus

182 1791 310 1855 infirma
337 1793 519 1857 mortalium
546 1792 746 1857 ratiocinatio
774 1793 968 1868 uinceretur3
1002 1794 1095 1857 finam
1121 1795 1229 1856 tumen
1261 1797 1338 1875 aput

184 1917 244 1961 nos
278 1918 348 1963 esse
380 1899 547 1978 rationem,
585 1919 645 1964 non
680 1900 746 1964 sine
778 1899 900 1963 ratione
934 1897 1191 1982 Omnipotentem
1223 1899 1336 1976 facere,

184 2004 271 2068 unde
298 2006 423 2070 animus
446 2008 604 2070 humanus
627 2005 771 2070 infirmus
800 2005 952 2070 rationem
977 2025 1037 2069 non
1061 2008 1170 2088 potest
1193 2004 1336 2083 reddere;

138 2132 165 2174 rc
184 2121 218 2181 et
246 2112 279 2176 in
306 2113 418 2176 multis
452 2113 579 2194 quidem
611 2113 707 2177 rebus
736 2113 892 2176 incertum
923 2111 1014 2177 nobis
1043 2131 1114 2178 esse
1143 2111 1219 2192 quid
1246 2110 1336 2184 uelit,

183 2221 268 2286 illud
290 2224 396 2284 tamen
421 2239 491 2284 esse
511 2219 734 2294 certissimum,
755 2219 834 2283 nihil
854 2239 960 2285 eorum
981 2219 1029 2283 illi
1049 2239 1119 2284 esse
1138 2217 1336 2300 inpossibile,

184 2345 406 2410 quaecumque
438 2325 591 2398 uoluerit;
629 2326 720 2405 eique
752 2343 810 2389 nos
844 2326 969 2390 credere
1001 2324 1205 2408 praedicenti,
1243 2343 1337 2407 quem

182 2453 289 2515 neque
320 2432 517 2514 inpotentem
549 2451 652 2513 neque
684 2433 891 2495 mentientem
924 2451 1094 2516 possumus
1126 2431 1261 2494 credere.
1294 2430 1337 2494 Hi

182 2545 293 2605 tamen
320 2538 394 2602 fidei
421 2538 662 2622 reprehensores
690 2542 915 2621 exactoresque
943 2538 1073 2604 rationis
1102 2537 1178 2620 quid
1207 2537 1246 2601 ad
1273 2538 1337 2601 ista

137 2665 164 2704 ao
182 2646 390 2729 respondent,
419 2645 457 2709 de
485 2645 602 2726 quibus
630 2645 710 2709 ratio
738 2645 828 2710 reddi
857 2647 895 2709 ab
923 2646 1050 2709 homine
1078 2663 1139 2708 non
1163 2646 1279 2727 potest,
1305 2646 1337 2706 et

182 2756 292 2817 temen
321 2755 406 2828 eunt,
439 2757 471 2816 et
497 2751 560 2834 ipsi
586 2751 701 2817 rationi
727 2757 857 2816 naturae
885 2752 1035 2817 uidentur
1062 2770 1131 2816 ease
1160 2750 1336 2815 contraria?

185 2858 276 2938 Quae
301 2857 328 2922 si
351 2859 458 2923 futura
482 2877 552 2922 esse
576 2858 764 2935 diceremus
791 2858 939 2923 similiter
962 2879 979 2922 a
1002 2859 1104 2936 nobie,
1125 2859 1210 2924 siout
1228 2876 1336 2921 eorum

184 2985 269 3048 quae
297 2965 405 3028 futura
428 2984 499 3029 esse
523 2965 669 3043 dicimus,
698 2965 736 3028 ab
760 2965 942 3030 infidelibus
971 2965 1050 3029 ratio
1075 2966 1265 3048 posceretur.
1290 2964 1336 3028 Ao

183 3091 242 3156 per
265 3072 336 3146 hoc,
366 3090 438 3135 oum
462 3072 494 3134 in
517 3071 636 3135 talibus
667 3072 814 3154 operibus
840 3071 898 3136 Dei
923 3071 1049 3136 deficiat
1071 3071 1151 3135 ratio
1177 3069 1280 3135 cordis
1305 3073 1337 3134 et

139 3195 165 3236 ²⁵
185 3179 342 3243 sermonis
370 3179 510 3256 humani,
539 3179 624 3242 sicut
646 3179 709 3242 ista
732 3198 793 3242 non
822 3179 892 3244 ideo
916 3199 977 3244 non
1001 3182 1085 3256 sunt,
1115 3179 1240 3244 aionon
1264 3178 1335 3241 ideo

185 3285 284 3350 etiam
316 3285 372 3348 illa
399 3303 460 3349 non
489 3290 589 3362 erunt,
623 3285 770 3367 quoniam
797 3287 878 3349 ratio
908 3285 945 3349 de
974 3286 1118 3369 utrisque
1148 3285 1186 3350 ab
1210 3285 1336 3349 homine

184 3411 248 3456 non
272 3393 380 3473 potest
401 3391 501 3455 reddi.
1055 3401 1057 3405 ·

222 3583 240 3636 3
258 3582 338 3652 tangi
355 3598 441 3650 seoque
461 3583 500 3635 ad
516 3585 548 3635 ut
566 3599 619 3635 non
639 3582 727 3651 possit
745 3599 795 3636 om.
816 3599 829 3636 c
883 3585 900 3637 4
919 3583 976 3636 bibi
995 3601 1048 3636 non
1068 3583 1183 3652 poscito
1237 3583 1254 3636 6
1273 3599 1336 3652 poe-

185 3671 260 3724 sito
317 3671 351 3723 14
369 3669 441 3724 unde
461 3671 578 3740 animus]
598 3670 773 3725 uideamusc
838 3673 870 3726 15
891 3673 937 3741 qui
958 3673 1033 3726 uelut
1052 3671 1132 3726 illeb
1191 3671 1336 3724 16111111-

185 3760 306 3812 simum.
322 3799 328 3812 .
343 3759 385 3812 illi
405 3775 463 3812 ease
483 3776 533 3813 om.
554 3759 569 3812 b
643 3761 675 3813 21
696 3764 761 3812 eunt
780 3777 830 3838 ocu.
851 3761 866 3814 b
949 3759 1059 3824 'uidere
1078 3761 1109 3813 in
1127 3777 1211 3829 rnary.
1233 3759 1336 3812 'uiden-

184 3853 240 3911 tur
261 3865 288 3916 e;
307 3846 452 3901 uideantur
470 3848 486 3901 b
