3192 4959
308 451 360 504 De
388 450 562 503 ciuitate
591 449 653 502 dei
679 448 743 503 lib.
771 448 873 503 XVIII.
903 464 977 519 cap.
1008 449 1121 502 14-16.
1214 451 1277 514 287

263 652 294 709 Is
317 667 410 725 genus
433 649 558 707 indocile
582 650 611 707 et
633 647 797 721 dispersum
819 648 967 706 montibus
992 648 1059 705 altis

265 740 425 812 Conposuit
446 738 584 812 legesque
608 738 688 796 dedit
710 736 884 810 Latiumque
908 738 1007 795 uocari

262 829 376 897 Maluit,
399 828 446 885 bis
471 828 608 901 queniam
631 825 768 885 latuisset
789 828 872 885 tutus
895 826 926 884 in
950 826 1017 885 oris.

265 921 362 976 Aurea
385 935 458 990 quae
481 917 637 991 perhibent
658 915 708 975 illo
732 916 785 974 sub
811 932 878 990 rege
902 914 982 973 fuere

107 1026 118 1063 a
265 1006 396 1065 Saecula.

133 1144 190 1210 Sed
223 1145 301 1209 hacc
334 1144 460 1227 poetica
492 1143 659 1226 opinentur
691 1161 760 1207 esse
798 1142 949 1226 figmenta
989 1145 1020 1206 ct
1052 1140 1120 1206 Pici
1156 1144 1277 1223 patrem

133 1251 258 1315 Sterceu
286 1251 394 1333 potius
422 1250 524 1313 fuisse
552 1247 749 1326 adseuerent
778 1268 795 1312 a
824 1269 885 1331 quo
917 1248 1111 1331 peritissimo
1140 1248 1279 1332 agricola

132 1356 294 1421 inuentum
318 1358 432 1434 ferunt,
456 1360 494 1421 ut
515 1356 589 1420 timo
614 1355 798 1419 animalium
825 1354 891 1439 agri
915 1354 1167 1431 fecundarentur,
1193 1353 1278 1436 qued

134 1464 167 1526 ab
191 1465 261 1527 eius
285 1463 413 1527 nomine
438 1467 561 1527 stercus
586 1466 635 1527 est
658 1462 794 1538 dictum;
820 1462 908 1525 bunc·
928 1461 1057 1544 quidam
1082 1458 1277 1525 Stercutium

97 1585 118 1624 1⁰
133 1574 279 1634 uocatum
315 1570 431 1633 ferunt.
469 1568 619 1649 Qualibet
656 1570 762 1632 autem
797 1587 833 1631 ox
866 1586 962 1631 causa
999 1586 1072 1631 eurn
1105 1564 1277 1631 Saturnum

133 1676 285 1758 appellare
309 1676 480 1753 noluerint,
504 1678 588 1739 certe
607 1678 713 1739 tamen
737 1675 821 1737 hunc
842 1673 970 1737 Stercen
995 1672 1064 1737 siue
1083 1672 1277 1736 Stercutrum

132 1782 242 1847 meritc
276 1782 488 1866 agriculturae
520 1782 665 1846 fecerunt
697 1781 801 1847 deum.
835 1780 946 1845 Picum
976 1798 1102 1862 quoque
1131 1778 1278 1843 similiter

134 1888 196 1952 eius
219 1888 323 1951 filium
342 1888 374 1951 in
392 1888 507 1952 talium
526 1888 655 1952 deorum
676 1906 843 1951 numerum
862 1890 1057 1970 receperunt,
1077 1905 1171 1968 quem
1189 1905 1277 1970 proe-

134 1995 248 2058 clarum
287 2013 439 2078 augurem
476 1997 509 2058 ct
544 1995 801 2080 belligeratorem
838 1992 938 2057 foisse
975 1992 1134 2057 adserunt.
1180 1992 1277 2056 Picus

95 2115 117 2153 1⁵
132 2098 273 2164 Faunum
297 2101 418 2183 genuit,
438 2100 630 2165 Laurentum
655 2120 760 2184 regem
784 2100 975 2175 secundnm
1001 2100 1097 2163 etiam
1116 2100 1178 2163 iste
1198 2100 1275 2163 deus

132 2206 192 2270 illis
215 2205 270 2270 uel
295 2208 344 2270 est
365 2206 420 2269 nel
443 2206 515 2270 fuit.
538 2206 607 2270 Hos
631 2211 702 2271 aute
726 2206 897 2269 Troianum
923 2204 1044 2269 bellum
1073 2204 1197 2270 diuinos
1222 2206 1276 2271 ho-

132 2330 218 2377 nores
242 2311 379 2377 mortuis
402 2311 585 2378 bominibus
609 2312 799 2377 detulerunt.

580 2504 717 2570 CAPUT
740 2504 824 2569 XVI.

130 2644 182 2709 lle
206 2646 400 2711 Diomede
428 2652 523 2728 post
552 2648 753 2712 excidium
777 2648 922 2713 Troiae
946 2647 983 2711 in
1013 2647 1107 2713 deos
1131 2648 1273 2725 relato,

92 2752 248 2817 ocuius
273 2753 382 2817 socii
405 2755 555 2818 crediti
576 2759 671 2819 suut
688 2755 726 2818 in
746 2755 939 2819 uolucres
961 2772 1051 2819 esse
1071 2755 1272 2820 conuersi.

170 2894 266 2957 Troia
289 2913 364 2958 uere
390 2914 502 2959 euersa
526 2895 645 2961 excidio
669 2896 726 2960 illo
750 2914 980 2977 usquequaque
1005 2898 1129 2959 cantato
1153 2896 1300 2979 pueris--

129 3018 186 3080 que
208 3000 391 3078 notissimo,
416 3001 500 3083 quod
524 3004 556 3065 et
579 3002 795 3087 magnitudine
825 3001 874 3067 sui
903 3004 935 3065 et
963 3002 1153 3083 scriptorum
1177 3002 1275 3067 excel·

126 3107 267 3172 lentibus
299 3108 418 3191 linguis
450 3109 619 3193 insigniter
651 3109 849 3173 diffamatum
882 3108 984 3190 adque
1017 3107 1185 3189 uulgatum
1225 3112 1275 3173 est

126 3218 318 3296 gestumque
340 3218 490 3297 regnante
511 3216 574 3279 iam
599 3216 710 3280 Latino
729 3216 830 3280 Fauni
854 3216 931 3293 filio,
956 3234 991 3279 er
1010 3232 1071 3297 quo
1090 3214 1274 3280 Latinorum

87 3339 257 3406 teregnum
292 3320 355 3385 dici
388 3321 494 3404 coepit
519 3320 777 3405 Laurentumque
811 3322 960 3399 cessauit,
990 3320 1102 3385 Graeci
1135 3322 1273 3387 uictores

127 3428 263 3493 deletam
288 3428 413 3492 Troiam
436 3428 650 3510 relinquentes
675 3432 707 3493 et
730 3428 769 3493 ad
791 3429 918 3512 propria
940 3432 1114 3493 remeantes
1139 3428 1274 3493 diuersis

127 3540 157 3598 et
178 3534 346 3599 horrendis
370 3534 515 3599 cladibus
539 3534 703 3600 dilacerati
726 3534 829 3618 adque
854 3535 979 3599 contriti
1001 3539 1088 3612 sunt;
1113 3539 1273 3599 ettamen

213 3758 411 3821 5Aen.v111‚
432 3759 483 3814 321
504 3776 563 3829 sqq.

161 3883 224 3937 let
243 3898 406 3950 mcc.;acv
478 3884 624 3953 3totusg
699 3883 878 3954 ddurcaque
898 3887 962 3938 uto
1035 3884 1068 3937 10
1087 3888 1226 3937 saturucm
1246 3882 1272 3938 c¹

127 3972 155 4025 ll
177 3976 368 4075 exterccny¹
410 3972 541 4025 stercenei
561 3971 591 4025 bi
608 3972 744 4026 curione
801 3976 832 4029 15
851 3973 1047 4027 laurentiumc
1103 3974 1135 4027 16
1154 3973 1200 4026 uel
1218 3972 1270 4043 est]

125 4086 257 4141 uelleme
328 4086 387 4152 qu'
403 4102 417 4140 c
481 4088 513 4141 19
533 4087 615 4143 excid,
634 4088 721 4141 troiae
739 4090 793 4157 sq;
812 4089 907 4142 Troiae
927 4088 1010 4143 excid.
1025 4104 1098 4156 pqc
1145 4088 1196 4141 ,ao
1216 4104 1271 4141 cre-

125 4173 174 4227 diti
193 4174 472 4245 auutfqp,·trad1ti
491 4179 555 4229 aunt
572 4193 614 4244 qr
723 4178 755 4231 21
777 4178 881 4231 excidio
901 4194 953 4247 effi
977 4182 1006 4231 ct
1024 4177 1126 4231 excidio
1147 4178 1218 4247 obp
1230 4198 1243 4249 ρ
1255 4196 1272 4229 α

125 4263 158 4317 22
176 4280 227 4317 sua
246 4262 273 4317 0²
336 4265 371 4319 25
389 4263 581 4334 lcurentiumq.
600 4281 614 4319 e
667 4266 702 4320 26
721 4266 906 4335 relinquentes
924 4282 1001 4334 mce.;
1020 4265 1236 4334 derelinquentes
1255 4282 1271 4320 c

126 4352 158 4405 27
177 4352 330 4407 constructi
349 4368 363 4405 c
