3192 4959
328 402 393 463 286
680 395 706 449 S.
735 394 893 447 Aurelii
922 390 1136 461 Augustini

328 596 434 657 autem
462 592 547 675 regia
575 589 789 664 Athamantis,
819 606 899 670 quae
927 588 1101 652 uocabatur
1128 588 1196 665 Ino,
1224 590 1257 651 et
1289 588 1355 652 eius
1385 586 1457 649 filius

326 700 506 764 Melicertes
529 696 714 781 praecipitio
740 700 913 779 spontaneo
936 695 968 759 in
992 694 1071 759 mari
1093 695 1256 778 perierunt
1278 698 1309 759 et
1331 694 1458 777 opinione

326 805 491 870 hominum
518 804 550 867 in
580 803 656 867 deos
683 802 777 866 relati
801 804 884 879 sunt,
909 802 995 865 siout
1018 801 1072 864 alii
1099 801 1242 865 homines
1267 820 1369 866 eorum
1391 806 1457 863 tem-

326 932 449 995 porum,
475 910 587 976 Castor
614 912 647 973 et
669 908 793 973 Pollux.
822 908 915 971 illam
944 926 1018 971 sane
1041 906 1216 971 Melicertis
1239 910 1369 971 matrem
1389 906 1457 969 Leu-

327 1017 458 1082 cothean
494 1014 616 1091 Graeci,
641 1014 804 1079 ,Matutam
836 1012 941 1077 Latini
972 1016 1179 1087 uocauerunt,
1212 1013 1337 1094 utrique
1365 1015 1489 1076 tamena

326 1126 476 1207 putantes
501 1121 601 1185 deam.

786 1312 924 1379 CAPUT
948 1312 1017 1377 XV.

368 1458 422 1521 Da
447 1475 596 1521 occasu
618 1456 732 1539 regni
755 1455 1010 1541 Argiuorum,
1035 1476 1110 1538 quo
1135 1458 1314 1537 tempore
1337 1455 1425 1537 aput
1557 1526 1558 1549 ξ

327 1561 556 1627 Laurentes
593 1561 718 1627 Picus
751 1560 919 1626 Saturni
957 1562 1077 1627 iilius
1115 1580 1281 1645 regnum
1318 1555 1456 1647 [patris]
1557 1556 1559 1641 ζ

721 1670 876 1752 primus
910 1670 1080 1752 accepit.
1472 1694 1490 1730 n
1557 1710 1559 1785 p

371 1810 432 1875 Per
455 1830 492 1874 aa
514 1815 658 1895 tempora
680 1830 811 1895 regnum
836 1810 961 1875 finitum
985 1814 1035 1875 est
1056 1808 1260 1895 Argiuorum,
1284 1809 1457 1874 translatum
1557 1790 1558 1867 i

328 1918 367 1981 ad
389 1918 549 2001 Mycenas,
577 1918 661 1983 rande
688 1918 751 1983 fuit
778 1920 1006 2001 Agamemnon,
1037 1920 1069 1981 et
1096 1922 1238 1983 exortum
1268 1923 1318 1983 est
1338 1935 1457 2000 regnum

327 2025 531 2100 Laurentum,
555 2024 612 2089 ubi
640 2024 768 2089 Saturni
794 2024 882 2089 tilius
910 2025 1005 2089 Picus
1034 2042 1167 2108 regnum
1195 2025 1316 2106 primus
1340 2022 1457 2105 accepit.

327 2130 487 2195 iudicante
520 2134 599 2215 aput
624 2131 786 2195 Hebraeos
815 2131 932 2195 femina
955 2130 1115 2205 Debbora;
1146 2130 1202 2195 sed
1225 2151 1281 2214 per
1303 2132 1386 2195 illam
1408 2129 1459 2193 Dei

328 2236 460 2320 spiritus
480 2238 513 2301 id
532 2239 660 2321 agabat;
681 2258 753 2301 nam
772 2238 867 2302 etiam
888 2238 1088 2320 prophetissa
1106 2238 1290 2317 enatemus
1309 2236 1490 2320 prophetias

326 2345 432 2409 minus
461 2348 570 2427 aperta
597 2348 656 2422 est,
685 2363 781 2426 quam
808 2348 845 2409 ut
872 2344 1035 2427 possimus
1065 2364 1131 2408 eam
1162 2344 1229 2409 sine
1252 2345 1397 2409 diuturna
1417 2361 1458 2405 er-

325 2450 483 2533 positione
511 2450 550 2514 de
575 2450 700 2515 Christo
730 2450 944 2515 demonstrare
972 2452 1137 2533 prolatam.
1166 2452 1233 2515 Iam
1263 2471 1337 2535 ergo
1364 2466 1458 2535 regna-

325 2556 403 2621 bant
423 2557 596 2621 Laurentes
620 2557 731 2638 utique
754 2557 786 2620 in
810 2557 913 2632 Italia,
938 2576 973 2621 ex
997 2558 1113 2639 quibus
1143 2558 1320 2621 euidentior
1346 2557 1459 2621 ducitur

329 2662 417 2745 origo
431 2662 573 2726 Romana
591 2665 665 2745 post
684 2661 837 2739 Graecum
858 2665 891 2726 et
908 2668 1013 2727 tamen
1033 2663 1136 2727 adhue
1153 2682 1287 2747 regnum
1306 2663 1457 2747 Assyrium

325 2769 537 2849 permanebat,
561 2768 617 2831 ubi
641 2772 709 2832 erat
731 2788 783 2832 rex
802 2769 996 2833 uicensimus
1017 2772 1049 2833 et
1066 2768 1181 2833 tertius
1200 2769 1379 2854 Lampares,
1396 2787 1457 2832 eum
1473 2794 1492 2832 n
1554 2720 1557 2871 i

325 2874 448 2955 primus
471 2874 664 2938 Laurentum
688 2876 785 2939 Piens
810 2894 880 2940 osse
904 2876 1070 2959 coepisset.
1098 2875 1145 2939 Da
1173 2876 1270 2940 huius
1294 2878 1362 2942 Piei
1383 2880 1458 2959 patre

328 2980 463 3045 Saturno
495 2979 634 3044 uiderint
667 2981 743 3063 quid
776 2982 916 3046 sentiant
943 2982 1056 3045 talium
1084 2981 1211 3046 deorum
1240 2984 1387 3060 cultores,
1412 2980 1458 3063 qui

326 3088 443 3168 negant
465 3086 623 3149 hominem
647 3087 763 3164 fuisse;
789 3088 826 3151 de
851 3106 912 3170 quo
937 3090 970 3151 et
993 3087 1047 3151 alii
1070 3088 1275 3171 scripserunt,
1300 3090 1381 3173 quod
1398 3092 1459 3151 anto

315 3191 438 3275 ‘Picum
471 3190 573 3255 filium
606 3212 700 3256 suum
733 3195 764 3258 in
797 3194 892 3259 Italia
923 3194 992 3276 ipse
1024 3196 1214 3276 regnauerit,
1247 3199 1280 3259 at
1311 3194 1459 3279 Vergilius

326 3296 503 3361 notioribus
526 3297 642 3363 litteris
666 3300 758 3364 dicit:
1473 3324 1493 3365 a
1553 3340 1554 3349 ¹

416 3470 553 3524 141udio.
573 3474 590 3525 5

363 3579 377 3628 1
398 3576 563 3630 athamantis
583 3578 613 3645 b,·
631 3578 785 3633 adamantis
804 3580 863 3685 {⁰²²¹
946 3590 978 3647 ut
996 3586 1181 3655 superscripto
1200 3589 1235 3653 et,
1255 3602 1270 3639 a
1359 3582 1460 3639 tmoli·

327 3692 449 3745 certosb
512 3694 715 3747 amaturame
778 3697 909 3766 teamy
971 3699 1122 3754 Sirocuasu
1141 3702 1180 3770 sp
1252 3706 1320 3771 aput
1335 3702 1429 3755 latinos
1442 3714 1460 3765 p

327 3780 517 3848 9aaoturnif
592 3783 677 3851 patria
695 3799 747 3836 om.
766 3786 806 3853 sp
897 3786 929 3839 12
949 3786 984 3841 ad
1001 3788 1070 3880 Mpo.
1089 3806 1175 3857 usque
1193 3791 1233 3844 ari
1251 3796 1369 3882 exortum
1387 3800 1460 3842 oum

326 3920 490 4001 mecenasp
581 3907 801 4002 13Uiaurentium
825 3910 865 3963 be
965 3914 997 3967 14
1020 3892 1124 3977 iudeos,
1147 3916 1179 3968 in
1202 3892 1461 3986 aaaryshebroom

327 4005 449 4091 iieborra,
467 4029 499 4082 in
515 4046 602 4097 mara.
622 4007 749 4095 iiebbora,
768 4050 794 4099 e,·
814 4032 958 4105 debrorap
1009 4038 1042 4091 16
1062 4055 1120 4092 eam
1139 4040 1235 4093 oua-12¹
1288 4040 1321 4093 18
1340 4038 1459 4107 ubiquep

328 4120 360 4171 19
381 4118 509 4186 assyrium
527 4136 583 4189 9p;
601 4121 763 4189 assyriorum
781 4122 840 4179 reti.
861 4140 878 4177 a
966 4128 1000 4179 20
1019 4128 1175 4197 uiceseimus
1195 4130 1222 4197 (n
1241 4134 1324 4195 eras.)
1341 4146 1359 4199 9
1437 4128 1461 4175 ei

326 4206 424 4345 {artius
443 4206 520 4276 bap·
540 4211 568 4259 et
587 4225 637 4261 om.
656 4226 672 4263 v
690 4208 790 4265 Domb.
845 4212 1011 4284 lamperese
1061 4218 1092 4271 21
1112 4217 1310 4273 laurentiuma
1357 4216 1390 4271 23
1408 4228 1459 4268 eum

348 4310 497 4349 emmanue
