3192 4959
288 398 329 464 98
431 373 438 388 ”
632 397 659 453 S.
687 395 844 452 Aurelii
870 395 1088 467 Augustini

288 591 371 656 iilius
399 589 653 664 resurrectionis;
686 589 718 654 in
748 609 803 674 spe
831 589 925 666 uiuit,
951 589 1102 674 quamdiu
1130 589 1349 674 peregrinatur
1371 591 1434 670 hio,

287 699 400 762 ciuitas
425 696 494 775 Dei,
520 716 600 779 quse
628 696 772 782 gignitur
800 716 836 762 ex
863 695 925 760 fide
953 695 1193 761 resurrectionis
1222 696 1351 763 Christi.
1390 699 1436 764 Ex

287 804 411 869 duobus
449 821 584 886 numque
626 803 692 868 illis
728 803 922 876 hominibus,
958 803 1050 880 Abel,
1087 802 1172 886 quod
1212 803 1438 886 interpretatur

285 911 406 988 luctus,
438 913 470 974 et
502 908 569 974 eius
602 909 698 976 fratre
732 909 820 984 Seth,
854 909 940 991 quod
975 910 1201 992 iuterpretatur
1236 911 1437 975 resurreetio.

286 1035 370 1082 mors
399 1015 519 1082 Christi
548 1019 579 1081 et
607 1017 675 1082 uita
704 1016 773 1082 eius
802 1035 838 1081 er
861 1016 997 1081 mortuis
1020 1016 1185 1101 figuratur.
1222 1015 1268 1081 Ex
1291 1035 1354 1098 qua
1375 1016 1438 1080 fide
1466 1041 1479 1080 s

286 1123 429 1206 gignitur
456 1121 506 1188 bie
536 1123 651 1188 ciuitas
682 1123 751 1195 Dei,
775 1122 808 1187 id
836 1126 887 1188 est
914 1122 1019 1198 homo,
1044 1123 1099 1205 qui
1124 1121 1267 1207 sperauit
1288 1122 1437 1187 inuocare

286 1248 400 1294 nomen
424 1229 553 1294 Domini
576 1229 646 1293 Dei.
671 1229 742 1312 Spe
766 1229 863 1294 enim
887 1229 986 1294 salui
1009 1229 1103 1294 faeti
1127 1248 1268 1307 sumus,
1292 1229 1337 1294 ait
1361 1247 1434 1312 apo·

287 1335 401 1400 stolus.
440 1333 532 1418 Spes
561 1338 684 1401 autem
712 1354 805 1418 quae
828 1335 992 1412 uidetur,
1016 1353 1086 1401 uon
1111 1339 1172 1401 est
1194 1355 1292 1421 spes.
1331 1333 1438 1415 Quod

287 1444 382 1509 enim
415 1444 521 1508 uidet
554 1441 649 1525 quis,
683 1441 773 1526 quid
805 1445 955 1524 sperat?
993 1440 1032 1508 Si
1066 1445 1193 1506 autem
1229 1441 1328 1525 quod
1365 1460 1437 1507 non

287 1550 461 1615 uidemus
490 1567 695 1634 speramus,
719 1567 783 1632 per
805 1548 1030 1632 patientium
1054 1553 1330 1631 exspectamus.
1353 1547 1435 1612 Nam
1456 1571 1479 1608 n

288 1657 358 1739 quis
381 1675 495 1722 uaesre
518 1656 579 1720 hoe
603 1655 764 1720 existimet
787 1655 826 1720 ab
851 1655 1019 1720 altitudine
1038 1656 1248 1721 sacrementi?
1271 1653 1438 1738 Numquid

288 1763 370 1828 enim
398 1763 479 1828 Abel
506 1782 568 1828 uon
597 1761 741 1845 sperauit
767 1761 916 1827 inuocare
944 1781 1058 1827 nomen
1086 1761 1215 1826 Domini
1241 1761 1312 1840 Dei,
1343 1761 1438 1826 euius

288 1869 479 1934 sucrificium
503 1868 749 1950 scripturatum
774 1870 941 1951 acceptum
965 1868 1032 1934 Deo
1059 1867 1161 1934 fuisse
1188 1871 1436 1932 commemorat?

286 1975 453 2058 Numquid
476 1976 545 2060 ipso
565 1973 642 2040 Seth
666 1994 728 2039 non
752 1973 895 2059 sperauit
917 1974 1066 2039 inuocare
1085 1993 1198 2039 nomen
1216 1973 1346 2039 Domini
1364 1973 1436 2046 Dei,

287 2083 325 2146 de
349 2100 411 2163 quo
440 2081 559 2146 dietum
591 2085 653 2146 est:
692 2080 911 2146 Suscitauit
938 2081 1035 2146 enim
1062 2079 1154 2144 mihi
1182 2081 1282 2145 Deus
1311 2099 1437 2146 semen
1458 2101 1482 2143 rs

288 2186 393 2250 aliud
424 2205 488 2268 pro
520 2186 636 2252 Abel?
675 2185 764 2266 Quur
791 2205 866 2270 ergo
894 2185 969 2251 huie
1001 2185 1127 2271 proprie
1159 2186 1322 2259 tribuitur,
1351 2185 1437 2268 quod

286 2287 410 2375 piorum
431 2294 571 2358 omnium
590 2293 790 2376 intellegitur
808 2311 879 2356 esse
898 2310 1076 2372 commune,
1096 2292 1158 2356 nisi
1177 2291 1251 2374 quia
1270 2291 1437 2375 oportebat

284 2399 316 2463 in
351 2417 398 2474 eo,
428 2399 482 2482 qui
511 2399 549 2463 de
577 2403 665 2482 patre
694 2400 935 2484 generationum
961 2399 994 2464 iu
1022 2400 1186 2464 meliorem
1213 2402 1346 2483 purtem,
1374 2399 1436 2464 hoe

286 2511 335 2569 est
373 2524 526 2588 supernae
564 2506 716 2583 ciuitatis
751 2508 977 2589 separatarum,
1014 2505 1135 2591 primus
1172 2507 1438 2570 commemoratur

287 2615 425 2688 exortus,
454 2611 659 2696 praefigurari
691 2611 863 2687 hominem,
894 2612 929 2676 id
960 2616 1011 2677 est
1040 2613 1206 2677 hominum
1238 2611 1479 2688 societatemn
1573 2686 1574 2691 ἵ

287 2737 366 2800 quae
395 2736 455 2782 non
487 2718 660 2783 seeundum
690 2719 853 2783 hominem
880 2718 912 2782 in
941 2738 973 2783 re
1001 2719 1165 2784 felicitatis
1198 2724 1350 2793 terrenae,
1379 2718 1435 2783 sed

286 2823 459 2889 seeundum
482 2824 585 2888 Deum
605 2824 690 2888 uiuit
712 2824 743 2890 in
768 2844 823 2907 spe
846 2824 1011 2890 felicitatis
1036 2828 1202 2890 aeternae?
1224 2825 1291 2890 Neo
1314 2825 1437 2890 dietum

287 2933 349 2994 est:
383 2929 454 2994 ‘Hie
484 2930 626 3012 sperauit
652 2930 685 2994 in
713 2931 885 2996 Dominum
913 2930 1039 3010 Deum',
1067 2936 1137 2996 sut:
1169 2932 1242 2997 ‘Hie
1273 2931 1438 2997 inuocauit

289 3055 403 3100 nomen
422 3035 551 3100 Domini
571 3035 651 3113 Dai',
672 3037 742 3102 sed:
768 3038 948 3121 sperauit,
967 3037 1081 3120 inquit,
1104 3039 1280 3104 inuocare
1303 3057 1435 3103 nomen

286 3141 438 3207 Domini
462 3141 539 3206 Dei.
569 3142 652 3222 Quid
678 3143 740 3208 sibi
763 3143 823 3207 hoo
847 3143 932 3208 uult:
958 3144 1136 3226 sperauit
1158 3145 1349 3223 inuocare,
1373 3145 1435 3208 nisi
1454 3165 1481 3206 rs

289 3248 363 3330 quia
390 3249 557 3331 prophetia
584 3252 633 3313 est
661 3253 840 3314 exorturum
869 3251 1035 3333 populum,
1066 3251 1120 3333 qui
1148 3251 1324 3316 seeundum
1352 3253 1436 3316 elec·

286 3353 407 3419 tionem
431 3355 550 3438 gratiae
579 3353 744 3419 inuocaret
769 3374 883 3420 nomen
906 3356 1035 3421 Domini
1058 3356 1140 3421 Dei?
1168 3357 1238 3422 Hoc
1265 3360 1325 3434 est,
1351 3357 1436 3440 quod

286 3479 342 3544 per
369 3460 468 3525 ulium
495 3460 681 3544 prophetam
712 3460 833 3525 dietum
861 3463 1026 3544 apostolus
1055 3463 1093 3527 de
1117 3463 1178 3528 hoo
1200 3464 1319 3547 populo
1342 3463 1435 3528 intel·
1485 3495 1491 3510 ·

379 3722 490 3775 iRom.
509 3721 534 3785 8,
554 3722 589 3775 24
607 3737 647 3791 sq.
704 3723 737 3776 15
757 3721 824 3777 Gen.
844 3726 870 3787 4,
887 3725 923 3777 25

324 3848 429 3915 2quue
447 3861 508 3914 sup.
528 3845 577 3900 lin.
602 3846 628 3897 V
687 3847 797 3916 resurr]
817 3847 1034 3916 generationise
1083 3848 1180 3919 8spes
1200 3865 1284 3904 om.e
1333 3847 1437 3918 9quid

289 3938 380 4006 sperat
402 3933 879 4006 Vabprv5quidetsper.epo
968 3939 1002 3991 19
1020 3941 1205 4008 separatorum
1228 3937 1263 3990 V¹
1363 3955 1436 3992 oom-

289 4023 498 4080 nremorstorV
559 4025 594 4080 20
613 4024 739 4078 exhortus
763 4023 788 4074 V
858 4024 1020 4095 prefigurari
1042 4026 1076 4079 V¹
1144 4028 1179 4081 23
1196 4027 1242 4080 hio
1261 4032 1327 4082 orote
1345 4028 1435 4082 innoc.

289 4131 339 4168 om.
359 4113 374 4166 b
447 4112 482 4166 24
501 4112 549 4166 sed
568 4113 705 4183 sperauit.
718 4113 805 4170 ..Dei
823 4128 858 4167 m.
877 4117 893 4166 1
909 4131 970 4184 sap.
991 4117 1041 4170 lin.
1066 4117 1103 4182 V;
1121 4133 1157 4172 m.
1176 4121 1229 4171 aet.
1248 4116 1280 4170 in
1297 4131 1384 4185 marg.
1400 4133 1435 4186 p,·

289 4219 339 4256 om.
360 4219 379 4255 a
485 4201 533 4254 sed
556 4204 676 4272 sperauit
699 4203 785 4271 barp
799 4201 834 4267 f;
858 4203 920 4257 sed:
939 4205 992 4259 Hie
1010 4222 1079 4275 sper.
1097 4222 1114 4259 o
1204 4206 1238 4260 25
1257 4205 1311 4258 sibi
1329 4220 1382 4259 ors.
1403 4202 1433 4257 α’

289 4291 323 4344 23
342 4291 444 4345 dietum
463 4295 506 4356 est
530 4291 554 4342 V
