3192 4959
311 465 377 528 330
657 461 682 515 S.
711 460 868 513 Aurelii
895 459 1114 529 Augustini

310 658 493 749 iactauerit,
520 656 643 739 quaudo
671 676 729 721 neo
757 657 923 741 Aegyptus
951 656 1122 731 inuenitur,
1154 675 1234 738 quae
1263 656 1346 720 solet
1378 655 1455 720 falso

310 768 343 827 et
368 765 503 828 inaniter
526 764 565 828 de
589 783 719 828 suarum
743 764 958 829 doctrinarum
982 762 1172 845 antiquitate
1196 764 1336 847 gloriari,
1361 762 1456 844 quali·

311 890 446 954 eumque
492 871 647 953 sapientia
693 890 752 933 sua
802 868 1050 951 patriarcharum
1097 872 1276 933 nostrorum
1317 872 1455 950 tempore

309 978 512 1058 praeuenisse
535 978 733 1059 sapientiam.
761 976 873 1058 Neque
897 977 979 1039 enim
1009 976 1178 1058 quisquam
1202 976 1306 1039 dicere
1329 973 1456 1039 audebit

310 1084 500 1149 mirabilium
540 1084 779 1165 disciplinarum
815 1102 868 1147 eos
902 1082 1113 1166 peritissimos
1144 1082 1257 1157 fuisse,
1291 1086 1486 1161 antequams

309 1193 432 1255 litteras
455 1194 596 1268 nossent,
623 1189 656 1254 id
682 1192 741 1265 est,
766 1193 934 1271 antequam
957 1190 1020 1254 lsis
1045 1208 1081 1253 eo
1105 1189 1250 1253 uenisset
1273 1206 1391 1269 easque
1413 1186 1454 1249 ibi

310 1297 481 1362 docuisset.
505 1299 580 1379 Ipsa
602 1316 693 1379 porro
718 1316 826 1361 eorum
846 1296 1062 1361 memorabilis
1081 1295 1233 1371 doctrina,
1254 1312 1334 1377 quae
1353 1294 1455 1376 appel·

308 1406 373 1469 lata
405 1407 455 1469 est
488 1404 652 1485 sapientia,
687 1404 763 1485 quid
796 1406 863 1468 erat
895 1402 955 1468 nisi
984 1402 1118 1466 marimo
1152 1400 1344 1465 astronomia
1372 1404 1404 1463 et
1431 1398 1454 1461 si

309 1511 386 1594 quid
413 1510 501 1575 aliud
528 1510 641 1573 talium
670 1510 909 1594 disciplinarum
936 1510 1039 1593 magis
1068 1508 1108 1572 ad
1135 1506 1306 1573 exercenda
1333 1505 1455 1589 ingenia

309 1636 404 1699 quam
438 1617 477 1681 ad
506 1616 738 1680 inluminandus
769 1635 845 1680 uera
878 1614 1033 1699 sapientia
1059 1618 1182 1679 mentes
1214 1615 1297 1678 solet
1328 1612 1485 1676 ualeretn

307 1723 388 1787 Nam
414 1723 499 1804 quod
523 1723 645 1787 adtinet
668 1722 706 1786 ad
730 1722 975 1805 philosophiam,
1000 1740 1080 1805 quae
1105 1740 1138 1785 se
1162 1720 1275 1785 docere
1294 1718 1453 1803 profitetur

307 1830 437 1912 aliquid,
475 1829 559 1893 unde
590 1828 668 1892 fiant
699 1829 844 1893 homiues
877 1828 971 1905 beati,
1006 1829 1090 1893 eirea
1121 1831 1265 1910 tempora
1297 1824 1450 1901 Mercurii,

308 1956 401 2019 quem
424 1935 670 2018 Trismegistum
692 1939 899 2013 uocauerunt,
928 1935 1048 1999 inillis
1073 1936 1164 1998 terris
1189 1932 1367 1997 eiusmodi
1391 1935 1452 1995 stu·

306 2043 359 2107 dia
385 2043 575 2117 claruerunt,
607 2042 701 2125 lunge
734 2041 862 2123 quidem
891 2045 962 2106 anto
991 2042 1150 2123 sapientes
1174 2040 1227 2103 uel
1249 2038 1450 2122 philosophos

307 2148 467 2227 Graeciae,
488 2148 545 2212 sed
564 2151 669 2211 tamen
689 2150 762 2230 post
779 2148 939 2211 Abraham
958 2152 991 2211 et
1009 2148 1098 2211 lsaao
1119 2152 1150 2211 et
1169 2147 1263 2210 Iacob
1284 2148 1316 2209 et
1329 2144 1485 2226 losepho

305 2256 456 2320 nimirum
485 2256 579 2319 etiam
608 2259 682 2337 post
704 2254 811 2338 ipsum
835 2254 979 2336 Moysen.
1009 2255 1053 2319 llo
1078 2254 1194 2336 quippe
1217 2256 1368 2335 tempore,
1393 2270 1449 2334 quo

306 2362 435 2445 Moyses
462 2364 639 2438 natusest,
667 2360 769 2425 fuisse
798 2361 953 2443 reperitur
980 2360 1091 2423 Atlans
1119 2359 1174 2424 ille
1199 2378 1332 2442 magnus
1355 2362 1447 2422 astro·

307 2470 413 2553 logos,
450 2468 631 2534 Promethei
664 2467 768 2546 frater,
812 2470 973 2531 maternus
1012 2486 1091 2531 auus
1128 2466 1279 2530 Mercurii
1316 2466 1448 2539 maioris,

308 2576 399 2639 cuius
423 2594 520 2658 nepos
544 2574 606 2637 fuit
628 2566 858 2659 Trismegistos
883 2574 944 2637 iste
967 2573 1153 2637 Mercurius.

736 2764 874 2831 CAPUT
897 2764 1028 2829 XXXX.
1464 2800 1485 2841 ω

308 2908 364 2972 De
406 2908 700 2991 Aegyptiorum
748 2907 1067 2973 mendacissima
1112 2906 1310 2985 uanitate,
1358 2922 1448 2987 quae

309 3014 556 3097 antiquitati
580 3015 782 3079 scientiae
807 3034 902 3078 suae
927 3016 1086 3077 centum
1110 3012 1228 3077 milia
1253 3010 1449 3077 adscribit

782 3140 984 3185 annorum.

353 3259 484 3323 Frustra
519 3260 627 3342 itaque
659 3262 840 3326 munimime
876 3260 1112 3344 praesumtione
1150 3261 1294 3344 garriunt
1326 3257 1448 3341 quidam

309 3367 460 3445 diceutes,
494 3386 530 3429 er
563 3386 625 3449 quo
659 3369 827 3451 Aegyptus
861 3368 1015 3431 rationem
1048 3366 1187 3431 siderum
1220 3362 1448 3447 conprehendit,
1464 3384 1487 3425 a

218 3499 220 3504 ·
309 3474 444 3555 amplius
477 3493 573 3555 quam
605 3477 731 3537 centum
765 3492 917 3539 annorum
950 3473 1039 3537 milia
1071 3473 1238 3537 numerari.
1271 3473 1307 3536 In
1340 3469 1449 3553 quibus

310 3581 393 3643 euim
417 3580 507 3644 libris
531 3580 630 3645 istum
654 3599 819 3644 numerum
841 3581 1048 3663 collegerunt,
1074 3580 1207 3660 quinon
1228 3578 1449 3643 multumaute

310 3706 460 3751 annorum
494 3687 554 3753 duo
587 3688 677 3751 milia
708 3688 830 3751 litteras
863 3687 1015 3771 magistra
1046 3686 1131 3751 Iside
1160 3686 1354 3751 didicerunt?
1378 3681 1449 3746 Nou

310 3793 393 3857 enim
421 3812 539 3876 paruus
567 3798 678 3858 auctor
706 3797 755 3858 est
781 3794 813 3858 in
844 3794 977 3858 historia
999 3794 1109 3871 Varro,
1138 3793 1193 3875 qui
1221 3793 1281 3857 hoo
1309 3787 1448 3875 prodidit,

347 4056 461 4125 lporro
481 4056 790 4126 appellataesteorum
808 4074 826 4125 y
894 4057 998 4125 8quae
1019 4055 1082 4125 quid
1100 4072 1118 4124 y
1190 4055 1224 4124 si]
1245 4054 1323 4123 hisp
1371 4048 1450 4103 sdi-

310 4142 484 4237 sciplinarum
503 4144 627 4197 doctriua
640 4162 662 4212 p
705 4145 738 4238 1¹0
757 4146 847 4198 ualere
868 4145 972 4199 soleto
1010 4146 1041 4198 17
1063 4144 1174 4198 Atlaso
1217 4144 1251 4197 22
1271 4138 1394 4197 adscribit
1410 4136 1454 4207 ys

310 4267 346 4319 24
364 4243 533 4336 'grauissima
551 4269 584 4321 in
606 4285 691 4337 mrrry.
708 4248 867 4333 uanissime,
888 4286 901 4322 e
1008 4270 1043 4323 25
1068 4267 1265 4339 conprehendit
1283 4266 1418 4335 Aegyptus
1436 4278 1452 4315 o

312 4356 513 4425 conprehendat
531 4358 556 4409 el
611 4358 646 4412 28
663 4358 754 4428 ibides,
774 4377 798 4411 m
820 4376 898 4423 eras,
915 4377 933 4429 y
