3192 4959
309 413 375 478 486
664 409 691 462 S.
718 408 872 461 Aurelii
900 405 1116 476 Augustini

309 604 426 669 dicitur
458 623 550 669 seruo
583 604 679 668 bono:
712 604 815 668 Intra
847 603 883 666 in
916 601 1094 686 gaudium
1127 602 1276 666 Domini
1314 603 1383 676 tui;
1415 621 1450 666 ne

307 712 385 775 illuc
413 713 490 775 mali
517 713 670 792 putentur
696 709 831 793 ingredi,
859 712 897 772 ut
924 708 1075 786 sciantur,
1104 706 1159 772 sed
1188 709 1228 772 ad
1250 708 1325 774 illos
1348 709 1448 791 potius

307 818 399 882 uelut
426 817 532 901 egredi
560 817 703 894 seientia,
736 835 799 898 qua
826 834 880 880 eos
912 815 1069 899 cognituri
1098 819 1184 896 sunt,
1217 816 1302 883 boni.
1327 815 1399 898 quia
1419 815 1448 878 id

308 923 393 1007 quod
426 928 511 988 extra
543 927 593 987 est
624 921 782 1006 cognituri
815 924 900 986 aunt.
938 918 998 999 Qui
1031 922 1114 986 enim
1147 925 1239 985 erunt
1270 923 1302 985 in
1335 922 1448 1006 poeria,

308 1030 384 1113 quid
408 1032 521 1114 agatur
542 1030 629 1093 intus
652 1031 684 1092 in
708 1027 824 1113 gaudio
849 1027 977 1093 Domini
1001 1029 1156 1102 nescient;
1187 1028 1241 1110 qui
1265 1047 1341 1092 uero
1365 1034 1448 1092 erunt
1472 1049 1483 1088 s

305 1139 336 1201 in
361 1138 417 1201 illo
443 1135 568 1220 gaudio,
597 1135 673 1217 quid
697 1139 809 1219 agatur
832 1135 908 1200 forie
932 1134 963 1198 in
991 1134 1057 1198 illis
1085 1135 1225 1199 tenebris
1250 1135 1447 1200 exterioribus
1550 1195 1551 1214 ,

307 1245 419 1309 scient.
446 1243 522 1308 ldeo
551 1242 671 1307 dictum
700 1248 762 1306 est:
796 1243 1059 1326 Egredientem
1089 1241 1163 1325 quia
1191 1261 1245 1307 eos
1275 1243 1369 1306 etiam
1399 1243 1449 1326 qui

306 1351 383 1428 (uris
406 1351 446 1414 ab
471 1351 516 1415 eis
541 1356 634 1414 erunt
656 1350 768 1432 utique
791 1369 852 1414 non
878 1351 1031 1414 latebunt.
1056 1349 1089 1414 Si
1113 1349 1198 1413 enim
1221 1350 1299 1413 baec
1325 1349 1448 1432 propbe-

305 1461 356 1522 tae
385 1457 527 1523 nondum
553 1456 637 1521 facta
664 1475 758 1521 nosse
781 1459 953 1539 potuerunt
980 1457 1129 1539 puchou,
1158 1456 1335 1537 quoderat
1360 1457 1446 1532 Deus,

307 1565 633 1647 quantulumcumque
662 1567 738 1642 erat,
770 1562 802 1626 in
832 1582 940 1648 eorum
968 1562 1152 1626 mortalium
1180 1563 1357 1627 mentibus:
1390 1581 1481 1645 quon

305 1671 399 1734 modo
432 1669 614 1733 inmortales
643 1669 744 1734 sancti
771 1669 835 1733 iam
863 1668 948 1732 facta
975 1673 1051 1734 tunc
1077 1668 1231 1744 nescient,
1264 1687 1338 1734 cum
1366 1669 1444 1733 Deus

306 1776 367 1857 erit
393 1777 498 1842 omnia
523 1777 554 1840 in
584 1776 753 1840 omnibus?
787 1775 894 1840 Stabit
916 1795 990 1859 ergo
1013 1776 1046 1839 in
1070 1776 1126 1840 illa
1147 1775 1344 1840 beatitudine
1367 1794 1444 1840 sanc-

304 1890 410 1948 torum
435 1903 542 1947 semen
565 1884 598 1946 in
620 1902 749 1960 nomem
774 1901 882 1947 semen
906 1883 1030 1947 scilicet
1053 1881 1091 1947 dc
1118 1901 1181 1964 quo
1209 1883 1363 1947 Iohannes
1391 1882 1440 1946 ait:

304 1990 351 2054 Et
383 2009 506 2054 semen
540 1988 620 2053 eins
653 1989 689 2052 in
721 1989 803 2072 ipso
838 1991 974 2064 manet;
1003 2008 1116 2054 nomen
1145 2008 1220 2054 uero
1245 1989 1283 2052 de
1312 2009 1372 2071 quo
1394 2007 1442 2072 per

303 2097 389 2160 hunc
425 2096 552 2160 Esaiam
589 2095 709 2160 dictum
748 2100 812 2160 est:
850 2094 990 2160 Nomen
1028 2099 1221 2160 aeternum
1260 2095 1351 2160 dabo
1383 2095 1477 2158 eisc

304 2204 386 2267 Erit
414 2203 468 2268 eis
493 2206 530 2268 et
552 2203 691 2268 mensis
716 2222 756 2268 er
779 2221 905 2268 mense
930 2205 967 2267 et
995 2203 1193 2267 sabbatum
1219 2222 1259 2267 ex
1284 2203 1438 2274 sabbato,

303 2314 465 2391 tamquam
492 2309 569 2373 luna
596 2329 632 2373 ex
654 2310 729 2373 luna
757 2312 789 2374 et
816 2309 942 2392 requies
967 2329 1002 2374 ox
1025 2309 1144 2392 requie,
1173 2329 1306 2392 quorum
1330 2317 1439 2373 utrum·

304 2436 364 2497 que
391 2415 454 2498 ipsi
482 2419 573 2480 erunt
600 2433 674 2479 cum
703 2416 812 2480 erbis
836 2415 956 2480 umbris
981 2416 1143 2480 ueteribus
1168 2420 1200 2480 et
1222 2415 1438 2499 temporalibus

302 2523 335 2587 in
357 2523 415 2587 illa
436 2521 558 2585 lumina
579 2541 663 2586 noua
681 2541 717 2586 ae
736 2523 929 2604 sempiterna
950 2523 1141 2587 transibunt.
1159 2523 1195 2586 In
1213 2523 1324 2604 poenis
1342 2525 1437 2586 autem

301 2630 457 2694 malorum
472 2632 504 2693 et
516 2628 784 2711 inexstinguibilis
798 2628 882 2712 ignis
903 2633 935 2692 et
952 2628 1180 2693 uiuacissimus
1194 2629 1312 2693 uermis
1326 2629 1361 2694 ab
1375 2627 1437 2692 aliis
1452 2643 1476 2682 ω

303 2735 405 2818 adque
424 2735 495 2800 aliis
514 2735 606 2799 aliter·
623 2735 725 2817 adque
743 2736 836 2799 aliter
854 2740 905 2800 est
922 2735 1095 2818 expositus.
1114 2734 1179 2799 Alii
1198 2737 1314 2819 quippe
1329 2743 1437 2800 utrum·

303 2861 363 2923 que
387 2841 426 2904 ad
449 2861 574 2923 corpus,
598 2842 652 2906 alii
675 2846 846 2923 utrumque
865 2842 905 2905 ad
923 2842 1063 2906 animum
1082 2843 1287 2914 rettulerunt3
1308 2841 1357 2906 alii
1374 2858 1436 2922 pro-

301 2947 369 3030 prie
392 2946 430 3010 ad
455 2966 568 3028 corpus
591 2949 708 3032 ignem,
732 2948 854 3029 tropice
878 2948 917 3013 ad
942 2949 1082 3013 animum
1105 2968 1256 3026 ammom,
1278 2947 1356 3031 quod
1373 2963 1436 3010 esse

303 3052 484 3118 credibilius
506 3053 643 3117 uidetur.
673 3053 735 3119 Sed
758 3073 841 3119 nunc
866 3053 904 3118 de
927 3055 986 3120 hac
1010 3054 1186 3119 differentia
1214 3075 1275 3120 non
1300 3059 1345 3119 est
1365 3059 1435 3116 tem·

301 3159 387 3241 poris
415 3158 584 3242 disputare.
617 3160 665 3224 De
687 3161 806 3226 iudicio
836 3181 971 3244 namque
1001 3162 1126 3239 ultimo,
1160 3181 1221 3245 quo
1251 3162 1305 3226 fiet
1335 3160 1476 3224 diram-s

301 3265 346 3330 tio
380 3266 530 3329 bonorum
561 3270 593 3330 et
618 3269 785 3343 malorum,
818 3269 878 3332 hoc
906 3269 1056 3333 uolumen
1084 3268 1203 3351 inplere
1232 3268 1434 3352 suscepimus3

392 3542 466 3598 llb.
485 3545 529 3611 25,
548 3545 580 3598 21
622 3546 655 3598 la
676 3546 699 3599 1.
720 3543 780 3599 Cor.
803 3547 844 3609 15,
863 3547 897 3599 28
945 3546 1163 3604 141.10.3.9
1211 3549 1243 3602 15
1262 3547 1332 3602 Esai.
1349 3545 1385 3605 56,
1405 3545 1433 3604 »it

301 3633 344 3696 66,
364 3632 398 3685 23

337 3773 420 3826 lnec
439 3788 477 3840 eg
527 3774 692 3840 2putentur
709 3773 808 3827 malie
857 3776 1010 3844 3quamb
1066 3793 1118 3846 qua
1137 3793 1182 3832 eos
1202 3795 1236 3832 ex
1255 3795 1318 3848 quos
1336 3789 1435 3840 corma

300 3860 410 3914 bintus
428 3877 514 3928 amque
533 3860 572 3914 ad
590 3866 688 3931 agatur
707 3877 759 3915 om.
775 3863 805 3930 9¹
877 3865 905 3916 in
925 3865 1090 3932 gaudiurnb
1159 3865 1242 3935 'lqui
1262 3868 1434 3934 abeonae

301 3965 369 4018 quae
389 3969 402 4020 ρ
421 3949 520 4003 Domb.
584 3952 820 4018 9putaueruntb
902 3958 961 4006 erat
980 3970 1089 4008 erasum
1107 3961 1145 4009 eat
1162 3955 1228 4009 ine
1291 3955 1320 4010 10
1337 3961 1387 4006 emt
1405 3951 1432 4001 in

299 4037 386 4091 om.b
444 4039 475 4091 12
495 4042 554 4091 erat
569 4054 588 4105 g
653 4040 686 4092 15
704 4039 757 4091 iarn
779 4039 917 4094 dictumb
985 4044 1017 4097 16
1038 4045 1089 4096 erit
1107 4061 1215 4118 eppc;
1234 4049 1262 4099 et
1281 4039 1434 4107 eritobyo

300 4134 328 4179 et
350 4127 450 4179 mensis
473 4125 593 4195 epp¹u5
616 4131 644 4180 et
667 4143 718 4180 om.
744 4128 814 4197 ubg
837 4129 935 4183 Domb.
1044 4133 1079 4185 20
1102 4127 1434 4200 rememorantes

300 4216 419 4286 uerjmis,
437 4231 455 4268 u
475 4231 597 4275 erosae
650 4217 684 4269 al
706 4215 793 4285 adque
813 4217 873 4271 aliis
893 4220 979 4276 obab
1034 4223 1068 4274 22
1088 4223 1203 4276 animam
1218 4241 1241 4293 p
1291 4223 1321 4276 ‘23
1339 4217 1433 4274 credit.

300 4319 392 4357 esseo
446 4305 480 4356 25
501 4302 572 4371 quod
587 4320 609 4370 p
682 4303 834 4373 direptiob
889 4307 923 4360 26
944 4309 1120 4364 etmalorum
1140 4311 1227 4366 amb
