3192 4959
281 414 323 475 40
512 382 514 385 Ι
630 408 656 463 S.
685 406 842 463 Aurelii
869 407 1086 477 Augustini

281 604 368 687 quia
399 602 488 667 nudi
521 606 636 681 erant,
669 602 780 667 nudati
814 602 940 668 scilicet
972 621 1009 667 ea
1041 600 1154 687 gratia,
1190 620 1252 685 qua
1273 602 1372 667 fiebat
1392 607 1431 667 ut

280 710 407 774 nuditas
441 709 580 792 corporis
614 709 702 773 nulla
733 727 788 774 eos
820 709 892 793 lege
925 708 1050 793 peccati
1082 708 1182 773 menti
1206 728 1315 773 eorum
1338 728 1429 793 repu-

280 819 394 901 gnante
428 815 648 881 coufunderet.
681 816 752 880 Hoc
784 815 892 900 itaque
925 818 1153 900 cognouerunt‚
1187 814 1272 897 quod
1303 815 1429 881 felicius

279 924 469 1007 ignorarent,
494 923 523 987 si
547 922 614 987 Deo
641 922 804 987 credentes
828 926 861 987 et
879 922 1084 988 oboedientes
1103 941 1165 987 non
1185 922 1430 1000 committerent,

281 1029 365 1111 quod
398 1048 452 1094 eos
487 1032 614 1113 cogeret
647 1028 779 1111 experiri
815 1028 986 1095 infidelitas
1024 1032 1057 1092 et
1088 1028 1323 1094 inoboedientia
1353 1028 1431 1111 quid
1460 1042 1473 1085 o

281 1139 416 1201 noceret.
446 1136 584 1201 Proinde
613 1134 739 1201 confusi
767 1136 1003 1201 inoboedientia
1027 1136 1129 1200 earnis
1153 1144 1240 1213 suae,
1267 1138 1429 1218 tamquam

281 1247 363 1309 teste
406 1263 507 1328 poene
545 1242 798 1309 inoboedientiae
836 1262 922 1322 suae,
961 1246 1194 1308 consuerunt
1229 1242 1326 1308 folia
1361 1243 1429 1307 fici

282 1355 318 1415 et
351 1352 524 1417 fecerunt
555 1350 629 1415 sibi
666 1352 905 1434 campestria,
941 1351 974 1415 id
1012 1354 1062 1415 est
1097 1349 1309 1416 succinctoria
1344 1350 1431 1433 geni·

281 1457 402 1523 talium.
421 1458 503 1521 Nam
523 1457 652 1539 quidam
674 1456 862 1539 interpretes
882 1455 1112 1521 ‘succinctoria’
1129 1460 1313 1539 posuerunt.
1334 1456 1430 1520 Porro

281 1568 386 1628 autem
420 1563 629 1645 ‘campestria'
660 1563 793 1627 latinum
828 1562 957 1644 quidem
988 1562 1123 1627 uerbum
1151 1566 1212 1640 est,
1246 1560 1301 1626 sed
1330 1580 1365 1626 er
1393 1578 1475 1626 eo1o

282 1670 414 1747 dictum,
452 1668 535 1752 quod
572 1670 715 1745 iuuenes,
759 1668 814 1751 qui
855 1668 932 1732 nudi
969 1668 1193 1733 exercebantur
1232 1668 1265 1732 in
1307 1687 1430 1751 campo,

281 1776 427 1859 pudenda
450 1775 645 1857 operiebant:
670 1774 752 1839 unde
777 1775 832 1857 qui
855 1774 901 1839 ita
919 1774 1073 1839 succincti
1092 1779 1177 1853 sunt,
1201 1778 1430 1858 campestratos

281 1883 400 1967 uulgus
444 1882 592 1965 appellat.
636 1880 727 1961 Quod
769 1882 879 1965 itaque
920 1882 1074 1947 aduersus
1114 1882 1296 1947 damnatam
1337 1882 1431 1964 culpa

281 1989 533 2055 inoboedientiae
553 1990 752 2054 uoluntatem
775 1989 874 2053 libido
899 1988 1137 2055 inoboedienter
1159 1989 1319 2067 mouebat,
1344 2008 1431 2053 uere-

282 2096 397 2162 cundia
423 2095 577 2179 pudenter
604 2097 742 2180 tegebat.
772 2097 818 2161 Er
846 2096 906 2161 hoc
935 2116 1044 2161 omnes
1073 2099 1195 2179 gentes,
1219 2096 1368 2176 quoniam
1391 2095 1430 2159 ab
1451 2109 1476 2151 ιι

281 2202 338 2267 illa
356 2204 455 2287 stirpe
474 2208 654 2285 procreatae
674 2206 758 2279 sunt,
782 2222 885 2286 usque
909 2202 986 2266 adeo
1008 2206 1118 2267 tenent
1135 2202 1267 2267 insitum
1284 2201 1433 2284 pudenda

282 2310 398 2387 uetare,
423 2311 460 2376 ut
488 2310 615 2392 quidam
638 2310 762 2375 barbari
784 2310 857 2374 illas
882 2310 1021 2391 eorporis
1044 2314 1150 2392 partes
1174 2329 1231 2375 nec
1254 2310 1285 2373 in
1308 2309 1431 2374 balneis

282 2417 382 2481 nudas
406 2416 553 2496 habeant,
577 2415 633 2481 sed
657 2436 730 2480 cum
753 2435 861 2481 earum
883 2415 1068 2500 tegimentis
1092 2418 1209 2481 lauert.
1232 2415 1293 2481 Per
1315 2434 1431 2498 opacas

282 2542 407 2605 quoque
433 2522 541 2587 Indiae
570 2522 770 2600 solitudines,
795 2541 868 2586 cum
895 2523 1024 2604 quidam
1051 2523 1129 2587 nudi
1155 2522 1431 2606 philosophentur,

281 2630 365 2694 unde
389 2627 669 2714 gymnosophistae
692 2629 905 2706 nominantur,
930 2629 1083 2693 adhibent
1105 2634 1210 2694 tamen
1237 2628 1431 2713 genitalibus
1449 2643 1476 2682 ²⁰

282 2737 434 2821 tegmina,
460 2735 576 2817 quibus
601 2754 657 2818 per
681 2740 784 2800 cetera
807 2737 1021 2801 membrorum
1045 2739 1160 2802 carent.

719 2981 856 3047 CAPUT
879 2982 996 3047 XVIII.

283 3125 336 3189 De
373 3124 525 3207 pudore
563 3123 812 3189 concubitus
850 3142 924 3189 non
957 3124 1087 3188 solum
1124 3124 1322 3208 uulgaris,
1360 3126 1430 3190 sed

658 3230 780 3295 etiam
811 3230 1053 3313 coniugalis.

329 3371 417 3456 Opus
445 3390 520 3437 uero
548 3371 665 3455 ipsum,
695 3372 780 3455 quod
803 3372 936 3437 libidine
959 3372 1016 3436 tali
1039 3373 1210 3456 peragitur,
1238 3393 1299 3439 non
1323 3374 1430 3439 solum
1449 3386 1475 3428 2⁶

282 3482 314 3544 in
340 3480 517 3563 quibusque
542 3479 671 3562 stupris,
701 3479 757 3543 ubi
779 3479 919 3544 latebrae
943 3480 981 3543 ad
1005 3479 1266 3562 subterfugIenda
1292 3481 1431 3547 humana

282 3586 401 3650 iudicia
433 3586 644 3668 requiruntur,
682 3604 793 3649 uerum
827 3586 922 3649 etiam
955 3586 987 3650 in
1020 3604 1082 3649 111
1115 3590 1300 3666 scortorum,
1333 3606 1429 3669 quam

283 3698 407 3757 terrena
430 3693 544 3759 ciuitas
568 3693 690 3757 licitam
713 3692 943 3775 turpItudinem
967 3694 1054 3769 fecit,
1079 3694 1225 3776 quamuis
1249 3692 1281 3755 id
1305 3698 1428 3778 agatur,

319 4044 336 4095 5
355 4040 421 4109 quid
438 4041 558 4111 noceret]
579 4040 643 4111 quid
662 4041 690 4095 in
709 4040 761 4094 hoc
780 4042 873 4096 eratb
927 4043 944 4097 6
962 4044 1123 4095 nocerentur
1188 4043 1203 4096 7
1223 4046 1383 4096 ccesserunt
1405 4040 1433 4093 V

283 4128 481 4185 8ruccintorie
504 4130 551 4184 Vc
631 4129 793 4198 1001111111
818 4129 852 4182 V¹
926 4131 958 4183 13
978 4130 1118 4199 appellant
1140 4130 1166 4184 V
1236 4131 1269 4184 17
1288 4130 1429 4185 balneosl

285 4218 317 4272 18
337 4219 431 4289 tegim.
451 4217 530 4285 γεῖς
548 4223 650 4289 tagum.
670 4236 685 4272 o
731 4220 764 4273 23
783 4235 822 4286 sq.
841 4222 873 4271 11
891 4218 983 4272 editur
1002 4218 1039 4285 V;
1056 4219 1347 4289 uulgari..coniugali
1355 4234 1429 4287 ppo

283 4306 318 4360 26
337 4308 456 4377 stuporis
480 4307 506 4360 V
