3192 4959
274 468 316 531 36
620 464 647 517 S.
676 464 833 518 Aurelii
860 463 1077 534 Augustini

274 660 375 725 uelit?
403 662 438 725 In
466 658 612 742 paradiso
638 660 721 723 enim
746 659 871 723 etiamsi
896 678 957 723 non
981 658 1086 723 omnia
1108 662 1232 742 poterat
1254 665 1327 726 ante
1350 680 1421 744 pec-

275 772 390 845 catum,
430 766 583 849 quidquid
615 770 721 829 tamen
754 784 816 830 non
847 768 983 849 poterat,
1021 784 1081 831 non
1115 766 1252 846 uolebat,
1284 772 1317 833 et
1348 769 1419 833 ideo

274 878 398 962 poterat
425 873 530 938 omnia
559 890 638 955 quae
666 873 810 949 uolebat3
843 891 926 936 nunc
953 891 1028 937 uero
1058 874 1144 938 sicut
1172 873 1203 938 in
1228 875 1297 939 eius
1321 876 1421 958 stirpe

275 983 497 1067 cognoscimus
527 984 559 1045 et
587 980 694 1045 diuina
723 981 879 1062 scriptura
906 984 1058 1044 testatur:
1087 981 1212 1046 Homo
1239 982 1421 1045 uanitati

275 1089 427 1155 similis
464 1086 601 1153 factus
640 1090 711 1151 est.
753 1084 832 1165 Quis
865 1086 949 1151 enim
982 1090 1155 1165 enumerat,
1189 1107 1281 1169 qnam
1315 1088 1420 1151 muita
1453 1112 1466 1149 s

275 1216 355 1279 quae
384 1214 445 1261 non
473 1198 580 1277 potest
607 1194 698 1271 uelit,
728 1194 804 1258 dum
833 1194 895 1258 sibi
922 1194 1002 1277 ipse,
1030 1194 1063 1257 id
1091 1199 1141 1258 est
1168 1194 1330 1260 uoluntati
1352 1194 1421 1258 eius

274 1304 343 1387 ipse
368 1303 496 1367 ¹animus
522 1302 590 1365 eius
618 1320 718 1384 eoque
745 1301 875 1365 inferior
906 1320 977 1364 caro
1001 1301 1081 1379 eius,
1114 1320 1174 1365 non
1204 1302 1420 1383 obtemperat?

274 1412 348 1492 Ipso
381 1426 516 1490 namque
548 1406 650 1472 inuito
684 1410 716 1471 et
747 1407 872 1470 animus
900 1406 1088 1489 plerumque
1115 1407 1263 1470 turbatur
1290 1411 1322 1471 et
1349 1426 1420 1473 caro

276 1516 362 1581 dolet
395 1518 426 1578 et
457 1514 629 1578 ueterescit
662 1518 693 1577 et
725 1512 867 1592 moritur,
901 1516 933 1576 et
965 1512 1120 1595 quidquid
1152 1512 1240 1577 aliud
1271 1513 1420 1596 patimur,

275 1623 361 1705 quod
384 1640 444 1685 non
466 1624 646 1702 pateremur
668 1620 774 1695 inuiti,
800 1621 827 1684 si
850 1620 1011 1684 uoluntati
1034 1624 1160 1685 nostrae
1184 1623 1292 1685 nostra
1309 1625 1422 1685 natura
1440 1646 1468 1685 ro

276 1730 360 1794 omni
392 1728 485 1793 modo
520 1728 621 1809 adque
654 1746 689 1791 er
717 1727 865 1792 omnibus
894 1727 1038 1809 partibus
1068 1727 1239 1793 oboediret.
1267 1728 1311 1791 At
1338 1729 1420 1792 enim

277 1834 398 1917 aliquid
430 1852 500 1897 caro
534 1832 663 1915 patitur,
697 1852 757 1917 quo
787 1834 906 1899 seruire
934 1854 995 1899 non
1023 1834 1148 1901 sinitur.
1178 1831 1260 1912 Quid
1288 1834 1422 1898 interest

275 1942 368 2022 unde,
398 1940 473 2003 dum
501 1944 606 2004 tamen
634 1960 690 2023 per
716 1940 874 2005 iustitiam
904 1940 1097 2004 dominantis
1126 1940 1195 2016 Dei,
1224 1940 1277 2005 cui
1300 1939 1419 2004 subditi

276 2048 394 2113 seruire
418 2047 589 2125 noluimus,
615 2066 684 2111 caro
709 2051 817 2111 nostra
839 2046 940 2120 nobis,
965 2065 1047 2129 quae
1071 2047 1200 2111 subdite
1221 2048 1335 2125 fuerat,
1357 2066 1420 2111 non

276 2154 442 2219 seruiendo
466 2154 601 2218 molesta
625 2154 675 2235 sit,
697 2154 844 2236 quamuis
863 2172 921 2217 nos
940 2153 1007 2219 Deo
1027 2173 1087 2219 non
1107 2154 1272 2218 seruiendo
1293 2154 1421 2217 molesti
1441 2175 1469 2215 rs

277 2260 368 2325 nobis
394 2259 592 2341 potuerimus
622 2278 702 2336 esse,
731 2280 792 2324 non
816 2260 887 2323 illi?
910 2258 1022 2341 Neque
1046 2260 1128 2324 enim
1153 2260 1199 2324 sic
1222 2260 1277 2323 ille
1300 2262 1419 2336 nostro,

275 2370 313 2430 ut
339 2384 396 2431 nos
425 2365 556 2429 seruitio
586 2364 724 2446 corporis
753 2364 942 2448 indigemus,
972 2368 1005 2429 et
1032 2365 1103 2429 ideo
1131 2371 1240 2431 nostra
1262 2367 1419 2448 estquod

276 2472 457 2555 recipimur,
481 2490 542 2535 non
566 2470 654 2534 iilius
678 2488 778 2553 poeno
801 2470 885 2552 quod
908 2470 1054 2536 fecimus.
1081 2472 1215 2537 Dolores
1237 2490 1339 2554 porro,
1363 2474 1420 2555 qui

274 2580 422 2643 dicuntur
445 2576 558 2653 carnis,
584 2578 705 2641 animae
730 2580 806 2641 sunt
828 2578 859 2640 in
885 2596 976 2641 carne
1000 2582 1033 2643 et
1050 2598 1086 2643 ex
1106 2598 1207 2643 carne.
1232 2578 1315 2659 Quid
1334 2582 1417 2644 enim

274 2705 344 2751 caro
367 2703 424 2767 per
447 2701 480 2747 se
504 2684 606 2765 ipsam
631 2683 698 2747 sine
724 2682 828 2747 anima
850 2683 904 2747 uel
927 2684 1014 2747 dolet
1038 2685 1089 2748 uel
1114 2685 1332 2767 concupiscit?
1356 2685 1419 2749 Sed
1439 2708 1468 2750 so

274 2791 359 2875 quod
382 2790 606 2871 concupiscere
630 2809 700 2853 caro
726 2788 843 2853 dicitur
865 2789 918 2852 uei
941 2790 1058 2867 dolere,
1083 2794 1140 2853 aut
1157 2792 1226 2873 ipse
1246 2791 1340 2855 homo
1360 2796 1419 2869 est,

274 2898 358 2961 sicut
395 2894 617 2971 disseruimus,
651 2896 706 2957 ant
742 2893 864 2975 aliquid
897 2894 1028 2970 animae,
1062 2894 1148 2977 quod
1179 2896 1280 2959 earnis
1313 2896 1422 2962 adficit

272 3004 391 3086 passio,
415 3003 468 3066 uel
488 3019 610 3084 aspera,
629 3004 666 3065 ut
684 2998 780 3064 faciat
799 3000 950 3078 dolorem,
969 3001 1022 3064 uel
1041 3001 1132 3080 lenis,
1152 3007 1190 3065 ut
1206 3002 1418 3085 uoluptatem.

273 3110 335 3175 Sed
365 3108 454 3173 dolor
481 3107 583 3171 carnis
611 3108 735 3170 tantum
764 3106 858 3171 modo
889 3106 1019 3171 offensio
1049 3111 1099 3172 est
1121 3108 1244 3173 animae
1268 3128 1303 3172 er
1327 3127 1419 3172 carne

274 3220 305 3280 et
337 3214 490 3297 qraaedam
523 3215 561 3278 ab
596 3214 664 3278 eius
697 3214 849 3297 passione
877 3212 1046 3289 dissensio,
1078 3214 1162 3279 sicut
1194 3215 1290 3280 animi
1319 3214 1418 3293 dolor,
1438 3244 1467 3285 ss

273 3340 353 3403 quoe
385 3320 518 3387 tristitia
550 3324 761 3403 nuncupatur,
795 3319 952 3384 dissensio
981 3323 1031 3384 est
1058 3321 1097 3385 ab
1125 3320 1176 3386 his
1204 3322 1310 3399 robus,
1338 3340 1419 3404 quae

272 3428 364 3492 nobis
396 3426 577 3493 nolentibus
610 3426 802 3491 acciderunt.
837 3425 899 3491 Sed
925 3426 1090 3491 tristitiom
1117 3428 1304 3513 plerumque
1330 3446 1420 3509 prae·

273 3534 359 3599 cedit
382 3538 499 3611 metus,
525 3534 579 3616 qui
603 3538 635 3598 et
658 3534 725 3615 ipse
749 3533 781 3597 in
806 3533 909 3597 anima
928 3536 986 3610 est,
1011 3552 1072 3597 non
1091 3534 1123 3598 in
1143 3552 1245 3599 carne.
1268 3534 1420 3600 Dolorem

273 3644 380 3706 autem
412 3642 515 3706 carnis
547 3660 608 3704 non
642 3640 803 3722 praecedit
834 3639 922 3704 ullus
956 3639 1047 3721 qrrasi
1080 3643 1184 3706 metus
1217 3642 1330 3717 carnis,
1363 3641 1419 3723 qui

361 3866 440 3920 41³2.
462 3866 521 3929 143,
541 3866 558 3918 4

308 3990 727 4059 2nonuolebot..poteretom.
744 3988 767 4042 e¹
814 3990 1006 4044 duanitatise
1049 3990 1140 4045 deum
1151 3996 1176 4057 f
1208 3991 1419 4045 docterescitr

274 4080 307 4132 12
331 4079 354 4133 si
378 4078 481 4147 aliquid
494 4096 516 4146 p
609 4080 641 4131 15
666 4076 737 4131 esti
844 4078 923 4131 nobis
942 4079 1082 4133 molestil
1173 4079 1417 4133 16nobisome¹

275 4167 307 4220 18
325 4167 518 4236 percipimusi
598 4166 880 4236 poenenonilliusi
954 4169 986 4221 19
1006 4170 1035 4220 et
1052 4183 1104 4221 ora.
1123 4168 1148 4223 οἱ
1219 4168 1253 4223 21
1274 4167 1418 4236 quodem.

273 4254 398 4321 a¹beI¹,·
417 4254 524 4323 quondo
544 4252 576 4307 α2
629 4258 677 4307 sut
695 4254 786 4309 dolere
805 4255 850 4309 uel
868 4256 951 4325 ipsei
987 4257 1022 4309 22
1041 4258 1228 4311 omnisonae
1262 4257 1418 4311 disnimae

274 4388 316 4424 av
370 4372 404 4424 29
423 4369 521 4439 metus]
542 4328 601 4423 dtus
622 4374 667 4437 (=
686 4374 820 4430 ecstasis
