3192 4959
276 465 325 518 De
354 466 527 520 ciuitate
557 465 616 520 dci
646 466 711 520 lib.
740 465 827 520 xxu,
851 484 926 537 cap.
955 468 998 522 25.
1026 467 1069 522 26.
1178 472 1241 534 651

93 659 253 740 promisit,
281 659 350 742 ipse
378 659 549 742 conpleuit.
582 659 697 726 Utrum
731 661 814 725 euim
843 680 904 725 non
938 664 1045 742 potest
1077 661 1178 726 facere
1208 667 1246 726 ut

91 771 241 852 resurgat
268 785 338 832 caro
367 771 399 831 at
427 767 518 831 uiuat
545 769 576 832 in
602 773 773 846 aeternum,
802 787 840 832 an
863 773 1030 851 propterea
1053 768 1242 833 credendam

91 890 153 936 non
184 873 289 938 estid
317 893 390 938 oum
419 894 489 939 esse
513 875 682 950 facturum,
712 875 786 958 quia
813 876 934 940 malum
963 880 1013 940 est
1039 874 1143 956 adque
1164 875 1243 940 indi-

92 999 192 1063 gnum
217 981 305 1046 Deo?
335 979 397 1045 seo
420 981 459 1046 de
484 982 713 1065 omnipotentia
736 982 816 1060 eius,
845 1002 907 1065 qua
929 986 978 1048 tot
1001 985 1034 1046 et
1055 986 1144 1048 tanta
1166 981 1244 1048 facit

61 1075 301 1164 sincredibilia,
338 1087 400 1151 iam
438 1091 541 1158 multa
578 1089 725 1153 diximus.
764 1089 798 1155 Si
835 1089 950 1154 uolunt
984 1088 1125 1153 inuenire
1159 1089 1243 1171 quod

90 1193 293 1274 omnipotens
320 1214 380 1260 non
410 1198 526 1277 potest,
556 1195 673 1261 habeut
699 1215 846 1280 prorsus;
876 1215 936 1280 ego
969 1195 1082 1273 dicam,
1115 1196 1243 1260 mentiri

90 1319 152 1363 non
182 1302 297 1381 potest.
326 1300 497 1366 Credamus
526 1322 599 1386 ergo
634 1302 718 1385 quod
745 1305 854 1384 potest
885 1322 946 1368 non
975 1302 1129 1368 credendo
1157 1302 1241 1385 quod

90 1425 152 1470 uon
177 1409 294 1488 potest.
317 1405 388 1472 Non
412 1408 517 1491 itaque
541 1409 703 1474 credentes
728 1408 813 1492 quod
835 1408 962 1473 mentiri
984 1409 1089 1492 possit
1112 1409 1242 1474 credant

91 1531 163 1576 esse
188 1513 345 1578 sactuurm
372 1513 457 1596 quod
481 1533 516 1580 se
539 1514 698 1580 iacturum
723 1497 793 1580 esse
812 1514 970 1597 promisit,
995 1519 1027 1579 ot
1045 1515 1092 1579 sic
1112 1515 1241 1579 credant

49 1639 72 1677 ro
90 1619 178 1682 siout
209 1618 241 1682 id
275 1619 410 1684 credidit
440 1621 589 1700 mundus,
624 1642 717 1705 quem
749 1622 943 1686 crediturum
977 1640 1048 1685 esse
1076 1622 1239 1703 praedixit,

89 1743 187 1806 quem
216 1726 409 1791 crediturum
438 1746 508 1791 esse
536 1727 691 1806 laudauit,
721 1747 816 1811 quem
843 1728 1039 1792 crediturum
1069 1747 1138 1792 esso
1170 1746 1240 1810 pro·

89 1832 192 1906 misit,
221 1851 314 1914 quem
344 1833 515 1898 credidisse
538 1835 602 1898 iam
626 1835 775 1900 ostendit.
800 1834 870 1899 Hoc
893 1837 1001 1898 autem
1025 1834 1144 1898 malum
1169 1851 1240 1898 essa

88 1937 174 2002 unde
194 1938 431 2005 demonstrant?
453 1939 523 2004 Nou
545 1941 605 2005 erit
622 1941 690 2006 illic
714 1942 781 2006 ulla
800 1941 971 2023 corruptio,
992 1940 1076 2022 qaod
1101 1945 1151 2005 est
1174 1959 1240 2005 cor-

87 2044 176 2127 poris
204 2043 335 2109 malum.
366 2044 411 2108 De
441 2044 547 2110 ordine
576 2045 804 2111 elementorum
828 2046 891 2110 iam
920 2046 1171 2128 disputauimas;
1200 2046 1239 2112 de

46 2169 70 2208 a
88 2150 162 2215 aliis
187 2149 351 2215 hominum
376 2151 565 2216 coniecturis
590 2153 668 2217 satis
693 2153 845 2228 dirimus3
869 2158 988 2234 quanta
1010 2152 1054 2216 sit
1076 2152 1184 2217 futura
1206 2152 1238 2216 in

87 2275 220 2340 corpore
257 2257 490 2339 incorruptibili
527 2258 665 2324 facilitas
702 2264 821 2335 motus,
859 2260 897 2324 de
930 2259 1106 2343 praesentis
1137 2260 1239 2324 bonae

86 2363 285 2428 ualetudinis
313 2367 571 2446 temperamento,
603 2385 682 2448 quae
711 2366 822 2449 utique
850 2366 939 2430 nullo
966 2366 1060 2431 modo
1089 2365 1138 2430 illi
1166 2384 1238 2430 oon-

85 2469 229 2552 paranda
251 2474 301 2534 est
321 2470 553 2548 inmortalitati,
576 2471 609 2536 iu
633 2472 713 2537 libro
737 2472 832 2536 tertio
857 2472 979 2536 decimo
999 2470 1088 2548 satis,
1111 2473 1148 2536 nt
1172 2471 1238 2554 opi·

86 2596 154 2655 nor,
180 2577 387 2642 ostendimus.
410 2579 532 2662 Legant
560 2579 723 2662 superiora
750 2578 846 2642 huius
875 2578 989 2660 operis,
1013 2577 1068 2660 qui
1098 2577 1150 2642 uel
1172 2596 1235 2641 noa

42 2702 67 2742 ao
85 2685 237 2768 legerunt
260 2683 312 2748 uel
335 2685 450 2749 uolunt
473 2686 611 2750 recolere
635 2684 720 2767 quod
742 2685 898 2768 legerunt.

527 2877 664 2943 CAPUT
686 2878 801 2944 XXVI.

85 3018 174 3098 Quo
203 3017 317 3083 modo
341 3019 559 3104 Porphyrii
588 3019 796 3098 definitio,
827 3040 903 3103 qua
925 3019 1061 3084 beatis
1089 3019 1235 3083 animis

83 3128 209 3208 putat
246 3143 393 3207 corpus
432 3145 542 3192 omae
580 3127 830 3212 fugiendum,
872 3127 1008 3210 ipsius
1044 3125 1234 3191 Platonis

84 3231 299 3298 sententia
322 3232 572 3314 destruatur,
597 3235 664 3316 qui
688 3233 792 3299 dicit
815 3253 1009 3298 summum
1027 3233 1150 3298 Deum
1171 3232 1233 3296 dis

38 3337 345 3422 repromisisse,
377 3341 422 3404 ut
455 3359 666 3422 numquam
704 3342 947 3424 corporibus
980 3342 1234 3406 exuerentur.

132 3479 196 3545 Sed
225 3480 420 3564 Porphyrius
449 3481 502 3559 ait,
531 3481 689 3564 inquiunt,
718 3487 754 3548 ut
783 3483 877 3548 beata
903 3483 947 3548 sit
974 3485 1088 3562 anima,
1120 3503 1235 3567 corpas

82 3606 158 3654 esso
184 3607 276 3652 omae
300 3587 499 3672 fugiendum.
522 3587 611 3654 Nihil
635 3608 707 3674 ergo
733 3590 871 3674 prodest,
901 3592 975 3675 quia
997 3590 1235 3674 incorruptibile

120 3811 793 3884 aindignumooeppammd.estpDomo.
849 3817 986 3886 ifecity
1035 3816 1235 3884 Siaguerba

80 3918 139 3954 non
167 3901 262 3970 itaque
289 3917 375 3970 aequo
403 3903 441 3956 od
463 3903 589 3971 promisit
612 3903 653 3956 bia
675 3905 781 3974 scripta
804 3922 865 3958 carm
888 3913 982 3974 eareat,
1005 3907 1103 3974 priora
1125 3905 1235 3958 lincolia

82 3989 178 4043 deleta
196 3995 269 4042 creat.
290 3990 322 4042 ia
339 3991 383 4044 tic
401 3993 494 4061 posset
513 3992 653 4060 reperatur
707 3993 723 4045 9
744 3996 772 4046 et
790 3993 834 4060 sis,
854 4009 868 4046 c
887 4009 967 4060 erac,
983 4009 1001 4061 9
1066 3993 1098 4047 10
1116 3993 1187 4046 sicut
1205 3991 1234 4046 id

82 4079 98 4131 b
106 4095 126 4149 9
131 4095 171 4146 9,·
188 4077 270 4132 sicuti
289 4095 330 4132 ec
347 4079 464 4147 Ποτνιὰς
481 4081 552 4134 sicut
570 4080 614 4134 hio
634 4098 662 4149 ρ;
681 4081 753 4136 sicut
771 4098 815 4136 av
885 4083 916 4135 ll
936 4080 1114 4150 proditurum,
1133 4099 1180 4150 pre
1198 4099 1233 4135 m.

81 4183 137 4220 rec.
157 4167 230 4220 male
247 4168 379 4236 rescrrpt,
396 4185 415 4238 9
479 4170 512 4224 19
531 4169 624 4239 legent
641 4186 659 4238 9
730 4169 811 4224 huius
831 4171 919 4237 operis
938 4172 995 4240 b9;
1012 4171 1102 4240 operia
1119 4170 1200 4224 huius
1216 4187 1234 4224 o

79 4255 185 4310 Domo.
263 4256 309 4325 qui
329 4257 383 4329 nal]
403 4259 450 4329 qai
469 4259 537 4321 uult,
555 4259 587 4312 in
604 4275 690 4328 moro.
710 4277 743 4314 m.
764 4261 784 4313 2
804 4258 855 4324 Qui
874 4259 979 4330 soleo
1068 4260 1102 4313 20
1122 4259 1166 4312 uel
1184 4275 1233 4312 no-

79 4373 147 4426 iant
166 4387 180 4424 e
188 4389 205 4440 9
278 4338 435 4444 re}olerep
489 4375 522 4428 27
544 4391 622 4428 omne
642 4391 734 4428 osseo
