3192 4959
391 419 442 473 De
471 420 643 473 ciuitate
672 419 733 473 dei
760 419 825 477 lib.
853 420 939 474 xvh.
969 437 1043 490 cap.
1072 422 1095 474 7.
1251 424 1313 487 231

164 612 299 697 figuram
325 616 474 697 gerentis,
499 615 602 680 eidem
625 634 721 699 regno
744 616 927 699 populoque
951 599 1090 680 minatus
1111 620 1170 691 est,
1191 620 1316 681 aeterna

165 719 269 801 adque
300 721 500 785 inmutabilis
532 721 710 804 significata
743 726 793 786 est
824 742 880 805 per
908 723 977 799 hoc,
1012 723 1095 806 quod
1129 724 1313 791 adiunctum

166 832 231 891 est:
250 827 299 890 Et
313 846 383 891 non
399 832 779 910 conuerteturneque
794 830 1008 913 paenitebit
1027 850 1122 906 eum;
1139 830 1314 913 quoniam

165 952 236 997 non
266 938 326 997 est
357 934 461 999 siout
483 934 603 1002 homo.
632 938 674 999 ut
696 936 890 1017 paeniteat
914 954 1010 1011 eum;
1035 937 1115 1019 ipse
1140 937 1313 1010 minatur,

136 1044 202 1105 set
229 1058 301 1104 non
331 1046 537 1122 permanet3
567 1041 683 1119 idest,
708 1043 803 1107 bomo
827 1042 975 1119 minatur,
1001 1048 1115 1107 utnon
1138 1046 1312 1126 permanet:

164 1166 226 1211 non
260 1150 368 1211 autem
399 1148 498 1225 Deus,
532 1168 625 1231 quem
658 1168 719 1213 nou
751 1150 902 1230 paenitet,
937 1150 1022 1215 sicut
1052 1150 1221 1216 hominem.
1251 1149 1314 1214 Ubi

165 1254 250 1319 enim
272 1254 401 1337 legitur,
427 1255 511 1336 quod
534 1255 694 1337 paeniteat
717 1274 801 1332 oum,
825 1257 961 1321 mutatio
982 1276 1084 1319 rerum
1106 1255 1314 1339 significatur,

163 1361 345 1424 inmutabili
365 1362 576 1443 praescientia
592 1364 740 1425 manente
759 1361 877 1425 diuina.
898 1362 960 1427 Ubi
980 1382 1055 1445 ergo
1076 1381 1136 1425 non
1155 1362 1314 1443 paenitere

164 1467 292 1542 dicitur,
315 1485 378 1530 uon
401 1470 524 1532 mutare
547 1468 755 1551 intellegitur.

122 1599 147 1639 ro
206 1574 345 1637 Prorsus
387 1572 589 1637 insolubilem
632 1574 780 1639 uidemus
820 1594 875 1657 per
911 1575 988 1638 haec
1025 1576 1122 1639 uerba
1157 1575 1311 1657 prolatam

164 1679 321 1744 diuinitus
349 1680 450 1743 fuisse
478 1681 666 1744 sententiam
696 1681 734 1743 de
762 1682 826 1744 ista
850 1681 1007 1745 diuisione
1030 1682 1141 1763 populi
1161 1681 1258 1745 lsrael
1282 1684 1314 1743 et

165 1786 290 1851 omniuo
314 1791 511 1867 perpetuam.
536 1784 737 1869 Quicumque
766 1789 849 1851 enim
874 1788 913 1851 ad
937 1787 1098 1853 Christum
1122 1787 1315 1851 transierunt

164 1893 216 1957 uel
247 1896 415 1957 transeunt
443 1894 496 1957 uel
524 1892 704 1957 transibunt
731 1893 813 1971 inde,
838 1912 898 1957 nou
928 1898 1016 1959 eraut
1043 1894 1115 1958 inde
1140 1894 1311 1969 secundum

164 1998 222 2063 Dei
249 1998 505 2082 praescientiam,
533 2019 595 2063 nou
623 1999 798 2064 secundnm
822 2001 946 2083 generis
969 2000 1099 2066 humani
1124 2021 1217 2065 unam
1243 2020 1312 2064 ean-

122 2129 147 2169 rs
164 2104 299 2187 demque
322 2110 478 2169 naturam.
501 2105 637 2169 Prorsus
662 2106 855 2189 quicumque
880 2126 915 2171 ex
934 2108 1088 2172 Israelitis
1108 2108 1313 2172 adhaerentes

164 2210 291 2278 Christo
324 2216 530 2293 perseueraut
559 2212 591 2275 io
624 2213 692 2286 illo,
721 2233 892 2295 numquam
923 2218 1014 2277 erunt
1042 2234 1114 2279 cum
1146 2214 1191 2278 eis
1214 2214 1312 2277 Israe-

163 2318 240 2394 litis,
270 2318 323 2401 qui
349 2318 418 2382 eius
447 2318 566 2382 inimici
591 2338 693 2401 usque
717 2319 748 2382 iu
771 2319 866 2383 finem
890 2321 977 2384 uitae
1001 2322 1097 2385 huius
1123 2340 1194 2384 esso
1216 2319 1312 2403 parsi-

163 2431 268 2500 stuot;
302 2426 358 2491 sed
385 2426 417 2490 in
446 2426 614 2504 diuisione,
645 2446 724 2510 quae
753 2428 804 2491 hio
828 2428 1046 2511 praenuntiata
1076 2432 1135 2501 est,
1159 2428 1311 2509 perpetuo

162 2534 403 2613 permanebunt.
426 2532 516 2597 Nihil
536 2533 618 2597 enim
638 2534 768 2617 prodest
785 2537 1013 2599 testamentum
1033 2537 1127 2598 uetus
1148 2532 1185 2596 de
1204 2540 1311 2595 monte

120 2662 146 2703 ro
163 2638 238 2703 Sina
265 2640 298 2703 in
327 2639 516 2704 seruitutem
543 2660 707 2723 generans
736 2640 799 2704 nisi
828 2640 902 2722 quia
926 2640 1144 2704 testimonium
1168 2638 1312 2721 perhibet

160 2748 352 2811 testamento
380 2765 473 2809 nouo.
498 2746 660 2828 Alioquin,
686 2746 837 2829 quamdiu
861 2747 979 2831 legitur
1002 2747 1141 2828 Moyses,
1165 2747 1310 2809 uelamen

162 2871 258 2934 super
289 2852 384 2916 corda
416 2872 529 2917 eorum·
556 2853 697 2934 positum
731 2855 794 2927 est3
830 2872 902 2917 cum
936 2856 1041 2917 autern
1074 2851 1147 2916 inde
1177 2852 1310 2934 quisque

160 2959 323 3023 transierit
364 2959 403 3023 ad
445 2958 619 3036 Christum,
667 2960 828 3024 auferetur·
870 2961 1024 3026 uelamen.
1067 2958 1310 3023 'transeuntium
1397 3024 1399 3033 ,

162 3066 279 3149 quippo
309 3066 444 3131 intentio
477 3068 548 3149 ipsa
579 3069 724 3130 mutatur
755 3067 793 3130 de
826 3069 932 3130 uetere
962 3066 1001 3129 ad
1028 3085 1158 3141 nouum,
1188 3064 1310 3128 utiam

118 3196 144 3235 rs
161 3190 223 3235 non
255 3170 391 3255 quisque
419 3172 561 3236 intendat
588 3172 729 3254 accipere
758 3172 924 3252 carnalem,
954 3171 1009 3237 sed
1038 3172 1214 3253 spiritalem
1242 3170 1312 3232 feli-

162 3276 301 3345 citatem.
333 3278 468 3361 Propter
499 3278 583 3361 quod
611 3278 679 3360 ipsa
709 3298 845 3362 maguus
873 3279 1028 3363 propbeta
1056 3277 1195 3346 Samuel,
1225 3279 1310 3340 ante-

163 3402 255 3465 quam
284 3385 427 3449 unxisset
455 3404 562 3469 rogem
590 3384 677 3460 Saul,
707 3385 831 3466 quando
861 3384 1049 3449 exclamauit
1073 3384 1111 3449 ad
1135 3382 1308 3449 Dominum

160 3509 217 3573 pro
244 3491 354 3566 Israel,
384 3494 416 3555 et
440 3491 601 3557 exaudiuit
625 3511 708 3571 eum,
734 3494 775 3558 et.
801 3511 873 3556 cum
898 3492 1025 3555 offerret
1048 3490 1309 3565 holocaustosim,

163 3597 386 3662 accedentibus
429 3598 613 3682 alienigenis
656 3598 695 3663 ad
735 3618 874 3682 pugnam
913 3602 1020 3663 contra
1058 3600 1211 3681 populum
1250 3596 1309 3659 Dei

119 3703 266 3768 sotonuit
296 3704 452 3769 Dominus
491 3724 585 3787 super
618 3724 681 3784 eos,
720 3710 752 3770 et
784 3705 907 3769 confusi
942 3708 1017 3771 sunt
1050 3709 1081 3769 el
1114 3703 1310 3769 offenderunt

164 3824 266 3871 coram
299 3809 398 3873 Israel
429 3809 532 3891 adque
565 3809 706 3892 superati
734 3814 823 3874 suot:
858 3810 1015 3885 adsumsit
1043 3811 1181 3892 lapidem
1211 3828 1309 3873 unum

249 4070 285 4124 ao
303 4068 363 4125 un.
383 4072 409 4134 4,
427 4070 463 4123 24
518 4071 553 4123 aa
571 4072 596 4123 2.
617 4070 677 4125 cor.
697 4070 722 4136 3,
743 4072 776 4123 ro

198 4229 275 4282 test
293 4245 345 4282 om.
362 4246 381 4298 p
463 4230 494 4282 17
514 4228 600 4282 tinec
681 4228 716 4282 20
735 4230 763 4281 in
783 4228 915 4283 seruitute
932 4246 952 4297 p
1025 4231 1059 4283 22
1080 4229 1191 4298 quisque
1210 4228 1308 4283 indeo

165 4317 198 4370 24
214 4320 273 4386 ipsa
290 4317 409 4370 intentio
428 4332 443 4371 e
495 4318 530 4371 28
549 4318 768 4381 holocaustuum,
788 4334 805 4369 a
822 4334 856 4371 m.
876 4320 896 4371 2
915 4334 947 4371 ex
965 4334 981 4369 o
1001 4334 1080 4385 corr,
1099 4334 1113 4372 e
