3192 4959
363 475 415 528 De
444 474 618 527 ciuitate
647 471 708 526 (lei
736 471 802 525 lib.
831 471 886 524 XX.
918 487 990 539 cap.
1020 470 1063 524 26.
1091 470 1135 522 27.
1249 470 1312 533 501

167 671 342 736 sentibus
366 670 402 733 in
427 669 497 747 die,
522 687 594 750 qua
616 667 807 732 iudicabit
831 667 930 730 Deus
957 663 1107 728 occulta
1125 663 1313 727 hominurn

166 778 372 844 seeundum
410 777 649 860 euangelium
692 795 813 838 meum
851 793 914 856 per
950 774 1075 836 Iesum
1114 769 1314 835 Christum.

165 886 270 949 Etiam
295 875 352 949 sie'
364 904 436 970 ergo
456 883 612 949 Dominus
633 883 759 946 futurus
779 881 872 944 testis
891 878 1124 961 intellegendus
1144 878 1194 940 est
1211 876 1314 951 uelox,

166 1011 238 1056 enm
263 992 331 1057 siue
354 1010 441 1055 mora
464 993 672 1054 reuocaturus
693 992 742 1052 est
765 987 796 1051 in
821 985 1017 1062 memoriam,
1042 984 1124 1048 uude
1148 983 1315 1048 eouuiueat

136 1098 338 1180 ipuniat-que
362 1097 595 1161 conscientiam.

594 1287 730 1353 CAPUT
754 1287 885 1351 XXVII.

165 1431 216 1495 De
241 1430 480 1513 separatione
504 1431 682 1495 bonorum
708 1429 955 1506 etmalorum,
980 1448 1043 1510 per
1062 1447 1170 1509 quam
1188 1427 1314 1492 uouis-

384 1536 470 1601 simi
493 1536 628 1601 iudieii
657 1537 840 1601 diseretio
866 1535 1092 1600 deelaratur.

953 1631 964 1654 Ι

207 1678 294 1745 Illud
326 1681 434 1759 etiarn,
468 1680 553 1764 quod
585 1680 672 1744 aliud
700 1698 796 1763 agens
825 1679 856 1742 in
888 1682 1000 1744 octauo
1026 1679 1149 1770 decimo
1172 1678 1252 1742 libro
1278 1697 1313 1741 eu

122 1814 146 1850 10
162 1787 227 1850 isto
259 1788 414 1870 propheta
445 1788 550 1868 posui,
583 1787 622 1853 ad
654 1787 808 1850 iudicium
840 1787 1052 1852 nouissimum
1079 1787 1227 1868 pertinet,
1258 1785 1315 1848 ubi

163 1895 223 1958 ait:
257 1895 377 1958 Erunt
407 1895 509 1973 mihi,
549 1893 645 1959 dicit
680 1895 863 1959 Dominus
897 1894 1146 1975 omnipotenti,
1183 1892 1220 1956 iu
1253 1892 1313 1956 die

163 2021 236 2082 qua
268 2020 336 2084 ego
363 2001 463 2066 faeie
491 2002 527 2065 iu
556 2002 864 2084 adquisitionem,
900 2006 935 2065 et
965 2001 1101 2084 eligam
1126 2019 1188 2064 eos
1214 2001 1315 2064 sieut

163 2107 278 2192 eligit
306 2108 414 2174 homo
442 2109 568 2173 filium
599 2127 707 2172 suum
737 2109 800 2190 qui
830 2109 951 2174 seruit
974 2109 1019 2183 ei;
1052 2112 1088 2172 ot
1112 2110 1314 2172 eonnertar

163 2219 202 2277 et
225 2213 411 2278 uidebitis
438 2216 526 2297 quid
551 2216 603 2280 sit
621 2216 721 2280 inter
739 2216 883 2279 iustum
903 2218 941 2278 et
958 2215 1139 2296 iniquum,
1161 2219 1196 2278 et
1214 2214 1314 2276 inter

119 2347 142 2385 rs
162 2321 393 2386 seruientem
422 2322 498 2387 Deo
527 2326 564 2387 et
591 2343 672 2387 eum
701 2322 765 2404 qni
792 2342 863 2386 non
887 2321 1008 2386 seruit
1036 2321 1077 2386 ei.
1109 2319 1203 2398 Quia
1228 2338 1313 2384 ecoe

161 2428 245 2491 dies
276 2429 384 2491 uenit
411 2429 542 2493 ardeus
572 2429 674 2493 sient
700 2428 875 2493 elibanus
905 2433 941 2492 et
970 2427 1152 2492 eouburet
1175 2445 1248 2503 eos,
1278 2431 1314 2491 et

161 2537 273 2598 eruut
301 2554 427 2599 ornnes
456 2536 693 2619 alienigenae
718 2539 755 2598 et
778 2535 960 2607 uniuersi,
990 2535 1053 2616 qui
1076 2534 1225 2597 faciunt
1246 2533 1313 2596 ini-

159 2642 359 2722 quitatem,
384 2642 541 2723 stipula,
562 2646 598 2706 et
617 2641 825 2706 sueeeudet
849 2661 910 2707 eos
932 2641 1010 2706 dies
1031 2643 1197 2720 ueniens,
1217 2641 1313 2704 dieit

158 2748 345 2814 Dominus
374 2749 622 2832 omnipotens,
654 2752 689 2812 et
712 2768 782 2814 non
808 2748 1046 2831 relinquetur
1068 2749 1104 2811 in
1130 2749 1183 2812 eis
1207 2747 1313 2811 radia

115 2873 282 2936 soueque
319 2871 454 2918 ramus.
492 2855 537 2919 ut
574 2856 719 2920 orietur
750 2856 871 2933 uobis,
906 2855 968 2938 qui
1000 2856 1147 2920 timetis
1181 2874 1310 2920 nornen

158 2981 295 3037 meum,
334 2961 391 3026 sol
429 2961 616 3039 iustitiae,
655 2966 692 3026 et
729 2962 873 3028 sanitas
911 2963 947 3026 in
985 2963 1111 3044 pinnis
1146 2962 1238 3040 eius,
1277 2966 1313 3026 et

158 3067 412 3152 egrediemini
441 3072 477 3132 et
506 3068 659 3134 salietis
688 3069 790 3134 sieut
818 3069 936 3134 uituli
960 3069 1002 3133 de
1026 3069 1193 3133 uinculis
1219 3069 1312 3133 rela-

156 3176 252 3250 xati3
298 3177 335 3238 et
371 3175 652 3240 conculcabitis
690 3177 852 3258 iniquos,
891 3179 926 3241 et
963 3179 1072 3240 eruut
1109 3177 1205 3240 einis
1244 3176 1311 3240 sub

156 3282 322 3365 pedibus
352 3283 505 3358 uestris,
540 3282 635 3346 dicit
662 3283 845 3348 Dominus
875 3285 1122 3366 omnipotens.
1156 3285 1243 3349 Haec
1268 3285 1312 3350 di-

110 3389 279 3454 restantia
323 3388 535 3469 praemiorum
576 3389 679 3471 adque
718 3408 890 3470 poenarum
937 3390 1040 3453 iustos
1082 3391 1231 3456 dirimens
1273 3393 1311 3456 ab

154 3496 302 3573 iniustis,
338 3515 418 3577 quae
456 3495 516 3560 sub
554 3496 616 3560 isto
655 3497 723 3560 sole
759 3497 791 3560 iu
830 3496 925 3560 huius
963 3497 1049 3560 uitae
1081 3499 1222 3562 uanitate
1250 3519 1310 3562 non

154 3604 310 3680 cernitur,
340 3601 464 3684 qnando
494 3602 553 3665 sub
581 3602 637 3665 illo
667 3602 733 3666 sole
762 3603 904 3667 iustitiae
933 3603 965 3666 in
990 3604 1077 3667 illius
1102 3604 1188 3667 uitae
1213 3606 1310 3667 maui-

151 3710 330 3774 sestatioue
362 3708 504 3786 clarebit,
536 3712 612 3772 tuno
644 3708 784 3790 profecto
819 3709 879 3773 erit
909 3709 1062 3773 iudicium
1097 3712 1189 3793 quale
1222 3729 1311 3774 uum-

153 3836 254 3899 quam
281 3814 351 3878 luit.

248 3974 266 4026 9
287 3989 309 4024 c.
328 3973 363 4026 35
419 3973 451 4026 11
471 3973 534 4026 Mal.
553 3973 578 4036 3,
601 3975 633 4027 17
653 3990 710 4042 sq.;
727 3977 753 4035 4,
775 3975 787 4026 l
809 3991 867 4043 sqq.

191 4097 259 4151 lin
280 4094 351 4148 diem
371 4093 466 4148 iudicii
485 4095 592 4163 quando
613 4115 630 4146 α
703 4095 827 4149 dominus
842 4113 863 4164 p
932 4097 1038 4150 3sieut
1058 4097 1086 4161 b,·
1106 4097 1165 4165 sip
1231 4099 1260 4151 ll
1282 4099 1309 4150 iu

149 4187 197 4240 die
219 4201 277 4254 qua
297 4200 480 4256 aeqppav;
500 4185 544 4237 die
563 4201 614 4239 om.
635 4186 650 4238 b
716 4186 749 4238 12
768 4185 865 4238 faciam
885 4187 900 4238 b
920 4188 999 4292 mini13
1019 4187 1104 4255 elegit
1123 4187 1165 4255 laq
1247 4205 1310 4240 cou-

149 4307 252 4357 uertar
262 4318 282 4354 a
292 4300 320 4352 b¹
330 4317 370 4368 ep
381 4319 394 4370 ρ
406 4321 423 4352 α
434 4300 550 4366 Domlr.;
565 4302 752 4356 conuertimini
762 4319 793 4370 q‚·
806 4303 950 4372 conuertit-l
962 4320 995 4358 m.
1007 4305 1027 4356 2
1041 4318 1108 4355 corr.
1123 4301 1153 4368 lq
1169 4307 1309 4356 conuerte-

149 4392 251 4446 minio
291 4390 324 4443 15
339 4389 677 4458 seruiteiaeqpao5ei
692 4390 909 4459 our-lpllouab.
948 4391 980 4444 21
998 4389 1148 4460 pinnise¹9
1185 4393 1308 4462 23eritp
