3192 4959
419 432 467 485 De
496 432 670 484 ciuitate
699 430 759 485 dei
787 430 853 484 lib.
881 430 972 483 XIIII.
1001 448 1075 500 cap.
1104 432 1129 485 3.
1322 437 1343 497 5

200 628 246 695 sic
269 628 360 703 ninii,
389 626 530 707 prefecto
555 646 614 691 non
638 626 822 691 uniuersam
845 625 983 690 heminis
1007 630 1151 691 naturam
1175 626 1344 710 diligenter

203 734 347 800 aduertit.
376 734 457 797 Nam
488 736 645 816 ‘corpus
677 732 806 815 quidem
836 732 1112 814 corruptibile
1146 732 1344 817 adgrauat

202 841 389 905 animam'.
419 840 509 905 Unde
537 839 633 903 etiam
660 839 745 903 idem
769 839 934 921 apostolus
959 858 1055 923 agens
1084 839 1122 904 de
1149 841 1210 904 hoe
1239 859 1343 905 corru-

200 948 305 1030 ptibili
332 965 471 1030 corpore,
502 946 540 1009 de
569 965 631 1027 quo
659 946 753 1028 paulo
784 947 856 1010 ante
884 944 1016 1009 dixerat:
1049 946 1138 1009 Etsi
1166 947 1344 1012 exterior

171 1039 314 1120 rhomo
343 1058 482 1119 noster
510 1054 803 1136 corrumpitur:
833 1052 1003 1125 Scimus.
1030 1054 1146 1136 inquit,
1175 1054 1279 1135 quia,
1309 1054 1344 1119 si

198 1159 1343 1239 terrenanostrademuslrabItatIonisresoluatur,aedi-

198 1268 435 1331 ficationem
477 1264 670 1329 habemus
714 1284 755 1329 ex
794 1264 887 1343 Deo,
928 1264 1085 1329 domum
1123 1285 1195 1331 non
1227 1286 1342 1330 manu

196 1376 345 1439 factam
369 1376 574 1437 aeternam
598 1372 636 1435 ln
660 1371 798 1437 caelis.
822 1371 980 1436 Etenim
1004 1372 1043 1436 in
1070 1373 1143 1436 hoo
1170 1373 1343 1457 ingeme-

197 1480 360 1556 scimus,
392 1479 677 1544 hebitaculum
711 1481 894 1542 nostrum
927 1479 1029 1559 quod
1062 1479 1107 1543 de
1140 1480 1252 1545 caelo
1282 1483 1345 1545 est

156 1610 179 1649 io
197 1585 440 1670 superindui
465 1586 693 1667 cupientem
719 1584 753 1649 si
776 1587 906 1649 tamen
933 1586 1135 1661 etinduti,
1154 1606 1228 1651 non
1248 1586 1345 1651 nudi

195 1692 459 1757 iunoniamur.
483 1691 642 1755 Etenim
667 1690 734 1773 qui
760 1710 900 1755 sumus
924 1692 963 1754 in
984 1692 1055 1757 bac
1073 1692 1343 1769 habitatione,

194 1798 514 1883 ingemescimus
539 1797 711 1881 grauati,
735 1798 773 1861 in
798 1815 873 1881 quo
897 1799 1085 1864 nolumus
1106 1800 1344 1882 exspoliari,

196 1906 267 1971 sed
300 1904 588 1987 superaestiri‚
622 1909 666 1969 ut
699 1904 969 1970 absorbeatur
999 1907 1171 1971 mortale
1204 1908 1343 1973 auita.

194 2014 233 2077 ut
265 2010 475 2095 adgreuamur
502 2030 575 2095 ergo
605 2012 805 2093 corruptibili
833 2030 972 2095 corpore.
1005 2018 1037 2077 et
1063 2012 1166 2095 ipsius
1193 2014 1344 2096 adgraua-

155 2145 177 2184 na
194 2119 293 2184 tionis
316 2138 445 2183 oausam
469 2137 530 2183 non
554 2122 696 2183 naturam
722 2118 998 2200 substantiamque
1021 2120 1172 2201 corporis,
1196 2120 1252 2185 sed
1276 2121 1345 2185 aius

195 2226 428 2308 corruptionem
471 2224 606 2289 scientes
648 2225 796 2291 nolumus
838 2245 967 2309 corpore
1004 2227 1144 2309 spoliari,
1182 2228 1238 2291 sed
1275 2228 1344 2291 eius

192 2332 422 2397 inmortalitate
445 2331 569 2397 uestiri.
592 2332 634 2395 Et
656 2335 732 2396 tunc
757 2332 840 2396 enim
864 2332 934 2409 erit,
963 2332 1020 2397 sed
1042 2333 1118 2415 quin
1140 2333 1346 2417 corruptibile

194 2459 256 2503 non
281 2439 352 2515 erit,
376 2457 437 2502 non
461 2438 616 2523 grauabit.
638 2438 851 2523 Adgrauat
874 2458 948 2522 ergo
968 2458 1050 2504 nunc
1074 2439 1240 2504 animam
1265 2459 1345 2505 cor·

194 2566 268 2629 pua
299 2545 585 2627 corruptibile,
614 2549 654 2609 et
682 2544 878 2627 deprimit
904 2548 1069 2610 terrena
1091 2546 1344 2611 inhabitatio

152 2671 358 2717 assensum
394 2653 523 2717 multa
559 2652 823 2735 cogitantem.
855 2652 974 2717 Verum
1010 2656 1116 2718 tamen
1154 2654 1209 2735 qui
1241 2654 1346 2718 omnio

192 2761 277 2825 mala
302 2759 423 2824 animae
447 2777 635 2842 excerpere
659 2762 772 2839 putent
795 2758 959 2837 accidisse,
983 2760 1014 2823 in
1039 2778 1141 2824 errore
1164 2764 1249 2825 sunt.

239 2864 396 2945 Quamuis
438 2865 520 2929 enim
555 2864 716 2949 Vergilius
758 2864 955 2929 Platonicam
992 2865 1139 2931 uideatur
1173 2866 1346 2931 luculentis

192 2974 342 3038 uersibus
366 2972 519 3055 explicare
543 2971 730 3036 sententiam
755 2970 878 3037 dicens:

338 3102 448 3174 Igneus
472 3102 516 3159 est
538 3099 597 3159 illis
620 3100 705 3174 nigor
728 3103 757 3158 et
780 3100 916 3159 caelestis
939 3100 1020 3173 origo

150 3214 175 3253 es
340 3190 513 3259 Seminibus
538 3192 679 3265 quantum
702 3206 760 3249 non
784 3190 872 3249 noxia
894 3206 1015 3264 corpora
1036 3190 1155 3249 tardant

339 3279 514 3352 Terreniqno
541 3279 682 3337 hebetant
705 3285 785 3337 artus
809 3278 1039 3353 moribundaque
1062 3280 1202 3350 membra,

193 3418 366 3481 omnesque
389 3399 461 3463 illas
485 3398 669 3463 notissimus
692 3402 843 3480 quattuor
861 3398 958 3462 animi
975 3398 1239 3481 perturbationes,
1259 3380 1358 3479 cupi-'

191 3506 328 3571 ditetem
355 3505 513 3582 timorem,
541 3504 694 3569 laetitiam
722 3504 898 3581 tristitiam,
928 3504 1019 3587 quasi
1043 3504 1179 3587 origines
1204 3504 1345 3568 omnium

286 3678 430 3749 asapia,
451 3678 484 3731 15
539 3678 601 3732 42.
621 3676 726 3741 Cori,
749 3678 780 3732 16
836 3677 1070 3747 sib.5,1sqq.
1129 3677 1161 3731 18
1184 3678 1245 3747 Sap.
1265 3678 1290 3743 9,
1312 3680 1345 3730 lb

191 3769 228 3821 24
250 3767 332 3836 Verg.
352 3768 417 3821 Aen.
437 3766 483 3829 VI,
504 3766 557 3821 730
576 3782 634 3835 sqq.

229 3894 246 3945 6
272 3894 366 3944 nostra
388 3908 439 3945 om.
464 3908 482 3944 a
608 3890 788 3945 habitationis
818 3890 1022 3960 Vublpc¹o;
1046 3891 1126 3944 huius
1150 3890 1235 3943 babit.
1260 3887 1348 3950 cu²f

193 3981 350 4033 resoluatur
367 3980 446 4033 codd.
460 3985 574 4048 praeter
593 3996 624 4044 a;
643 3977 811 4033 dissoluatur
831 3997 873 4033 an
982 3980 998 4033 8
1023 3980 1051 4034 in
1076 3979 1159 4033 caelis
1178 3983 1316 4032 aeternnm
1338 3977 1348 4028 l

194 4073 210 4121 8
230 4076 257 4122 et
278 4068 313 4121 12
331 4068 539 4137 ingemescimus
562 4066 671 4134 Vliet·
688 4068 829 4137 ingemisc.
850 4084 920 4137 apo
1013 4068 1046 4121 10
1066 4072 1093 4121 et
1111 4082 1162 4120 om.
1183 4067 1193 4120 1
1265 4066 1298 4118 12
1317 4066 1346 4116 in

195 4173 248 4225 quo
279 4156 428 4225 Vabelp
452 4156 565 4221 Domb.,·
589 4174 619 4210 eo
646 4155 756 4226 quoda
828 4156 973 4225 spolieris
1064 4157 1098 4209 16
1117 4155 1229 4225 spoliari
1253 4153 1347 4220 Velp

194 4246 475 4315 Domb.‚·erspoliari
494 4246 564 4299 abu
625 4246 657 4301 17
678 4246 748 4303 enim
768 4246 845 4301 conl
900 4247 931 4298 21
954 4246 1060 4298 animae
1079 4244 1184 4297 maluo
1237 4242 1346 4295 24illis

201 4333 339 4401 Vbelp,·
357 4334 418 4387 ollis
438 4350 484 4386 αα
497 4333 542 4394 fu
561 4333 660 4387 Domb.
717 4335 750 4387 25
771 4336 910 4402 quamtum
935 4333 961 4385 V
