3192 4959
273 381 346 469 436
615 401 642 453 S.
670 399 827 452 Aurelii
856 399 1075 467 Augustini

272 599 311 660 et
346 596 454 660 Filio
492 595 640 660 habere
673 595 800 658 uitam
834 594 870 658 in
905 597 1031 658 semet
1066 593 1167 676 ipso.
1200 593 1350 660 Nondum
1382 595 1416 659 de

271 704 411 768 secunda
433 701 673 779 resurreetione,
697 701 729 766 id
753 705 803 766 est
827 720 1003 783 corporum,
1028 700 1181 782 loquitur,
1205 720 1285 782 quae
1309 701 1340 764 in
1359 699 1417 765 tine

271 812 379 875 futura
411 814 471 888 est,
504 811 559 874 sed
593 809 631 873 de
664 810 775 892 primu,
811 828 889 891 quae
912 821 1004 872 ‘rinno
1034 811 1091 874 est.
1125 808 1215 872 Hunc
1243 809 1361 891 quippe
1384 813 1419 872 ut

272 918 493 1000 distingueret,
527 917 588 980 ait:
613 916 734 979 Venit
766 915 871 993 hora,
907 918 945 978 et
976 933 1077 978 nuno
1108 918 1180 979 est.
1213 913 1284 978 Non
1314 919 1416 979 autern

269 1024 333 1088 ista
366 1042 541 1106 corporum,
576 1023 632 1086 sed
664 1021 839 1086 animarum
872 1024 930 1086 est.
963 1021 1091 1086 Habent
1124 1021 1208 1086 enim
1237 1025 1269 1085 ot
1297 1021 1416 1086 animae
1445 1039 1457 1078 ⁵

272 1134 405 1195 mortem
438 1150 529 1194 suam
561 1129 593 1194 in
625 1129 777 1210 inpietate
806 1127 908 1211 adque
936 1128 1087 1210 peccatis,
1121 1127 1296 1192 seeundum
1326 1147 1415 1212 quarn

271 1240 404 1301 mortem
438 1235 555 1300 mortui
588 1240 673 1312 sunt,
706 1235 745 1299 do
778 1235 893 1317 quibus
926 1234 1008 1298 idem
1042 1234 1199 1299 Dominus
1232 1235 1292 1299 ait:
1328 1234 1416 1298 Sine

270 1345 451 1408 mortuos
480 1342 659 1423 sepelire
687 1347 869 1405 mortuos
899 1360 1011 1416 suos;
1041 1343 1077 1404 ut
1106 1342 1229 1406 scilicet
1256 1341 1287 1405 in
1315 1342 1418 1406 anima

270 1449 387 1514 mortui
410 1449 441 1512 in
462 1467 591 1531 corpore
611 1452 753 1513 mortuos
773 1446 953 1530 sepelirent.
977 1448 1111 1530 Propter
1128 1448 1209 1512 istos
1229 1467 1303 1534 orgo
1322 1449 1418 1531 inpio·

269 1560 335 1622 tate
368 1558 401 1619 et
431 1555 597 1638 iniquitate
629 1556 659 1619 in
690 1555 795 1620 anima
822 1559 982 1620 mortuos:
1007 1555 1137 1631 Venit,
1168 1555 1282 1635 inquit,
1312 1555 1415 1623 hora.
1434 1571 1456 1610 u

271 1667 310 1727 et
342 1682 444 1726 nuno
477 1665 549 1734 ost,
583 1662 737 1744 quando
771 1661 921 1726 mortui
959 1661 1128 1726 studiant
1160 1680 1299 1726 uooem
1332 1661 1415 1727 filii

272 1770 360 1844 Dei;
396 1773 434 1833 et
467 1769 535 1852 qui
564 1769 783 1845 audierint,
815 1770 967 1833 uiuent.
1002 1769 1078 1849 Qui
1105 1769 1315 1834 audierint
1343 1769 1418 1833 dixit

268 1877 335 1959 ‘qui
358 1876 562 1952 oboedierint,
592 1875 647 1957 qui
670 1875 858 1939 crediderint
881 1879 1038 1958 utusque
1067 1877 1098 1940 iu
1121 1875 1216 1940 finem
1238 1895 1417 1957 perseuera-

269 1983 394 2047 uerint’.
421 1981 489 2046 Neo
507 1981 584 2046 fecit
600 1983 653 2046 hio
676 1983 774 2046 ullam
800 1981 1006 2047 differentiam
1030 1982 1183 2047 bonorum
1205 1983 1237 2046 et
1254 1981 1417 2047 malorum.

269 2087 426 2153 Omnibus
460 2089 542 2153 enim
576 2088 692 2153 bouum
726 2090 776 2152 est
808 2088 916 2152 audire
948 2107 1061 2153 uocem
1090 2089 1158 2153 eius
1187 2091 1219 2152 et
1246 2089 1356 2153 uiuere
1380 2089 1415 2153 ad
1435 2103 1454 2141 1⁵

269 2196 370 2258 uitam
397 2194 526 2277 pietatis
555 2214 590 2258 ex
620 2193 782 2277 inpietatis
806 2198 908 2259 morte
930 2194 1131 2259 transeundo.
1160 2195 1208 2258 De
1233 2214 1295 2277 qua
1318 2198 1417 2260 morte

271 2301 315 2364 ait
342 2299 505 2383 apostolus
528 2300 665 2364 Paulus:
693 2301 795 2384 Ergo
822 2319 953 2366 omnes
978 2301 1128 2365 mortui
1153 2305 1257 2369 sunt.
1287 2308 1326 2365 et
1350 2321 1416 2384 pro

268 2408 458 2471 omnibus
487 2410 671 2471 mortuus
701 2411 773 2485 est,
801 2411 844 2472 ut
873 2408 939 2489 qui
965 2406 1111 2472 uiuunt
1133 2407 1210 2472 iarn
1238 2427 1312 2472 non
1338 2408 1415 2474 sibi

270 2515 424 2592 uiuant,
449 2517 518 2579 sed
541 2515 586 2590 ei,
612 2515 679 2596 qui
711 2535 779 2598 pro
805 2516 910 2598 ipsis
934 2519 1115 2582 mortuus
1141 2519 1203 2579 est
1227 2518 1266 2580 et
1289 2534 1416 2580 resur-

268 2621 383 2685 rexit.
409 2619 526 2685 Omnes
550 2621 657 2702 itaque
680 2623 798 2686 mortui
823 2629 899 2686 sunt
922 2622 952 2685 in
973 2623 1124 2704 peccatis,
1144 2621 1268 2686 nemine
1287 2641 1417 2706 prorsus
1434 2635 1456 2672 ²⁰

268 2731 409 2810 excepto.
442 2728 510 2792 siue
544 2727 750 2811 originalibus
783 2728 852 2792 siue
885 2729 980 2792 etiam
1009 2729 1175 2793 uoluntate
1203 2728 1332 2806 additis,
1365 2730 1417 2794 uel

267 2833 440 2917 ignorando
468 2834 521 2898 uel
549 2834 676 2898 sciendo
704 2853 761 2898 noo
784 2835 927 2899 faciendo
956 2836 1040 2917 quod
1059 2837 1185 2900 iustum
1210 2839 1276 2908 est;
1306 2841 1339 2900 et
1362 2856 1416 2918 pro

269 2941 416 3004 omuibus
448 2941 582 3005 mortuis
619 2941 716 3005 uiuus
748 2945 894 3006 mortuus
934 2945 984 3006 est
1015 2961 1108 3021 unus,
1140 2942 1174 3006 id
1206 2946 1255 3006 est
1291 2942 1415 3006 nullum

267 3047 386 3110 habens
411 3046 535 3110 omnino
559 3052 742 3128 peecatum3
762 3051 809 3124 ut,
830 3048 884 3131 qui
904 3067 958 3129 per
976 3049 1193 3114 remissionem
1212 3053 1414 3132 peecatorum

268 3153 394 3227 uiuunt,
418 3154 480 3215 iam
503 3172 564 3216 non
588 3153 650 3216 sibi
673 3154 795 3231 uiuant,
816 3154 872 3218 sed
891 3153 930 3234 ei,
951 3154 1005 3236 qui
1023 3173 1078 3236 pro
1104 3155 1251 3219 omnibus
1271 3161 1416 3220 mortuus
1434 3169 1455 3204 θ’

268 3263 320 3323 est
341 3263 469 3342 propter
490 3262 620 3340 peccata
643 3264 750 3324 nostra
768 3263 801 3324 et
824 3261 993 3324 resurrexit
1010 3265 1140 3343 propter
1156 3262 1417 3328 iustificationem

268 3368 417 3445 nostram,
441 3368 478 3429 ut
501 3365 664 3431 eredentes
689 3367 720 3430 in
746 3387 829 3444 eum,
854 3369 908 3450 qui
931 3366 1086 3431 iustificat
1103 3367 1238 3450 inpium,
1264 3388 1300 3433 es
1318 3370 1417 3451 inpie-

268 3474 334 3537 tate
357 3471 531 3550 iustifieati‚
554 3478 718 3555 tamquam
738 3492 772 3537 ex
791 3478 893 3538 morte
913 3474 1077 3548 uiuificati
1103 3474 1141 3537 ud
1160 3473 1294 3556 primam
1313 3493 1417 3538 resur-

267 3579 449 3656 rectionem,
478 3599 557 3663 quae
581 3599 663 3643 nuno
687 3582 746 3654 est,
775 3581 929 3662 pertinere
953 3581 1123 3662 possimus.
1154 3581 1202 3644 Ad
1226 3581 1307 3645 bano
1331 3581 1414 3645 enirn

357 3825 372 3876 1
391 3823 440 3876 Mt.
459 3824 484 3882 8.
503 3825 538 3877 22
597 3824 628 3876 17
648 3825 672 3877 2.
693 3824 753 3879 Cor.
773 3827 798 3886 5,
821 3826 853 3878 14
873 3842 912 3894 sq.

305 3948 425 4000 luitam
442 3946 576 4000 haberes
611 3948 792 4018 binpietute]
812 3949 957 4018 iniquitute
973 3967 994 4018 p
1033 3949 1163 4004 edicite
1217 3951 1280 4006 Sine
1298 3955 1366 4005 cett.
1386 3959 1415 4004 ut

267 4034 360 4088 editur
374 4035 558 4103 abepparn
577 4037 634 4088 sine
653 4037 753 4090 mortui
771 4040 892 4092 mortuos
912 4055 974 4091 suos
994 4039 1128 4108 sepeliant
1143 4058 1156 4108 ρ
1170 4039 1269 4093 Dorub.
1306 4041 1324 4092 9
1345 4059 1413 4094 mur·

186 4195 191 4202 Ι
267 4126 330 4175 tuos
349 4139 399 4177 om.
415 4140 436 4190 p
493 4125 525 4176 10
546 4128 573 4176 et
591 4124 736 4192 iniquitate
754 4143 839 4179 onae
895 4127 926 4178 11
948 4144 994 4196 pro
1015 4127 1139 4180 omnibus
1159 4133 1266 4182 exstare
1283 4129 1315 4182 in
1336 4130 1414 4184 codri.

267 4211 350 4266 Porr.
372 4212 465 4280 abep
483 4217 581 4265 contro
599 4213 760 4266 Drtbnerum
779 4220 804 4267 et
824 4214 1009 4268 Domburtura
1031 4232 1126 4270 moneo
1236 4215 1268 4270 18
1287 4221 1316 4270 et
1338 4219 1384 4288 qui
1403 4237 1416 4272 e

267 4301 302 4352 26
321 4303 363 4352 est
381 4316 431 4355 om.
451 4316 465 4352 e
519 4302 553 4352 29
574 4302 707 4369 possimus
727 4319 836 4370 oppon·
855 4320 994 4372 possemus
1015 4303 1107 4372 bopu
1124 4305 1223 4360 Domb.
