3192 4959
298 438 360 501 176
640 433 667 489 s,
693 433 849 487 eureus
876 392 1094 503 Augustini

295 649 384 693 mum
416 628 476 693 Dei
509 628 700 712 dissipatum
730 631 779 693 est
811 630 1048 707 testamentum,
1083 630 1242 713 generatio
1271 628 1438 710 disperdet,

295 738 356 800 nisi
374 735 570 820 regeneratio
588 734 716 799 liberet:
736 735 783 799 sic
803 734 1015 819 intellegenda
1029 738 1105 800 sunt
1119 736 1196 799 haec
1209 734 1308 800 uerba
1322 732 1438 810 diuina,

294 848 458 926 tamquam
490 841 613 906 dictum
645 842 701 906 sit:
734 839 808 920 ‘Qui
839 860 900 907 non
929 842 1026 906 luent
1052 845 1266 927 regeneratus,
1298 840 1440 904 interibit

295 950 399 1014 anima
424 949 481 1013 illa
504 948 541 1013 de
565 966 679 1031 genere
708 948 798 1025 eins’,
828 947 902 1029 quia
925 950 1153 1012 testamentum
1176 948 1236 1012 Dei
1260 946 1438 1029 dissipauit,

296 1055 419 1139 quando
448 1055 480 1119 in
503 1054 604 1119 Adam
633 1073 707 1119 cnm
730 1055 878 1119 omnibus
907 1054 1002 1119 etiam
1025 1054 1094 1139 ipse
1117 1054 1272 1137 peccauit.
1299 1052 1334 1119 Si
1358 1054 1439 1117 enim
1468 1074 1479 1113 o

295 1162 441 1228 dixisset:
469 1159 561 1240 ‘Quia
588 1162 649 1225 hoc
676 1164 905 1225 testamentum
934 1180 1041 1225 meum
1071 1161 1261 1244 dissipauit',
1289 1179 1350 1224 non
1380 1160 1440 1224 nisi

295 1270 333 1334 de
360 1270 425 1335 ista
452 1268 692 1333 circumcisione
721 1268 867 1352 intellegi
895 1270 1037 1353 cogeret;
1066 1287 1149 1333 nnnc
1175 1287 1263 1346 uero,
1292 1268 1440 1349 qnoniam

294 1395 356 1441 non
383 1375 539 1457 expressit
567 1375 659 1439 culus
687 1373 773 1439 modi
796 1378 1024 1440 testamentum
1047 1376 1202 1458 paruulus
1226 1374 1439 1455 dissipauerit,

294 1481 428 1546 liberum
452 1484 502 1545 est
523 1482 710 1564 intellegere
734 1480 772 1544 de
794 1480 850 1545 illo
874 1482 1064 1546 testamento
1084 1481 1216 1560 dictum,
1236 1480 1329 1545 cuius
1349 1479 1440 1543 dissi-

295 1588 381 1671 patio
410 1587 565 1670 portinere
593 1591 705 1668 posset
732 1586 773 1651 ad
794 1587 973 1670 paruulum.
1004 1587 1036 1653 Si
1061 1590 1166 1653 autem
1192 1587 1251 1651 hoc
1271 1586 1437 1670 quisquam
1458 1608 1479 1645 u

295 1715 355 1759 non
388 1694 450 1760 nisi
482 1694 520 1759 de
547 1694 611 1758 ista
638 1693 878 1759 circumcisione
907 1694 1029 1759 dictum
1058 1714 1128 1759 osse
1156 1693 1328 1771 contendit,
1358 1692 1441 1775 quod

294 1804 325 1867 iu
356 1821 393 1865 ea
419 1803 646 1865 testamentum
674 1800 745 1879 Dei,
776 1800 924 1883 quoniam
948 1820 1008 1866 non
1034 1804 1084 1866 est
1108 1802 1324 1875 circumcisus,
1351 1800 1441 1865 dissi-

253 1932 258 1939 ·
296 1910 420 1989 praeerit
440 1908 608 1991 paruulus:
634 1911 764 1991 quaerat
784 1908 956 1973 locutionis
980 1908 1119 1991 aliquem
1138 1908 1278 1985 modum,
1299 1926 1362 1991 quo
1383 1926 1441 1970 non

296 2016 432 2079 absurde
463 2014 567 2097 possit
598 2014 752 2097 intellegi,
784 2013 856 2079 ideo
890 2014 1064 2097 dissipasse
1095 2014 1335 2091 testamentum,
1369 2014 1443 2095 quia

296 2122 371 2185 licet
403 2141 464 2186 non
497 2121 535 2185 ab
569 2122 636 2198 illo,
668 2125 774 2186 tamen
802 2121 834 2185 in
862 2122 918 2186 illo
947 2124 996 2187 ost
1024 2121 1224 2205 dissipatum.
1248 2120 1367 2185 Verum
1397 2120 1481 2184 sica

297 2248 423 2311 quoque
460 2228 774 2293 animaduertendum
813 2231 863 2293 est
898 2228 987 2292 nulla
1018 2228 1050 2292 in
1069 2246 1117 2292 ,11
1150 2227 1353 2313 neglegentia
1385 2246 1443 2291 sua

296 2336 413 2400 iniuste
446 2334 572 2399 interire
608 2336 823 2400 incircumcisi
861 2335 997 2400 animam
1029 2336 1155 2419 paruuli
1186 2334 1248 2399 nisi
1278 2333 1442 2418 originalis

296 2441 490 2525 obligatione
512 2443 645 2523 peccati.

714 2634 852 2700 CAPUT
875 2634 1023 2699 XXVIII.

298 2777 349 2839 lle
382 2776 678 2841 commutatione
710 2776 900 2841 nominum
931 2777 1101 2841 Abrahae
1135 2780 1171 2841 11
1204 2776 1346 2849 Sarrae,
1379 2776 1484 2857 quino

299 2902 381 2947 curn
406 2881 450 2945 ob
476 2882 586 2945 unius
611 2881 870 2961 sterilitatem,
890 2884 934 2948 ob
954 2884 1153 2965 utriusque
1174 2886 1297 2947 autem
1317 2900 1444 2947 sonec-

297 2993 418 3053 tutem
468 3006 645 3073 generare
690 3008 760 3053 non
802 2993 970 3071 possent,
1018 3010 1149 3054 munus
1193 2988 1444 3054 fecunditatis

735 3094 883 3178 indepti
909 3098 1005 3159 sunt.

342 3238 440 3301 Facta
472 3235 572 3321 igitur
601 3236 812 3321 promissione
845 3240 910 3301 tarn
939 3256 1052 3321 magna
1080 3244 1208 3319 tamque
1237 3235 1377 3300 dilucida
1407 3236 1445 3298 ad

297 3344 468 3421 Abraham,
494 3344 544 3407 cui
569 3344 808 3408 euidentissime
832 3343 952 3409 dictum
978 3348 1041 3409 est:
1069 3344 1216 3407 Patrem
1239 3343 1443 3407 multarum
1462 3360 1486 3400 a

299 3450 468 3535 gentium
492 3451 603 3532 posui
626 3454 676 3524 te;
703 3455 739 3515 11
763 3470 917 3535 augeam
937 3456 973 3515 te
993 3450 1105 3515 ualde
1125 3450 1235 3514 ualde
1256 3453 1292 3514 11
1309 3468 1444 3531 ponam

296 3562 333 3622 te
363 3558 399 3621 in
430 3562 572 3641 gentes,
602 3561 637 3621 11
664 3578 773 3642 reges
803 3578 843 3621 er
867 3560 902 3622 te
928 3556 1091 3622 exibunt.
1122 3556 1165 3620 Et
1188 3557 1281 3621 dabo
1305 3555 1379 3620 tibi
1405 3576 1443 3619 er

300 3665 409 3729 Sarra
430 3664 568 3741 filium,
593 3669 629 3729 et
651 3663 868 3729 benedicam
893 3664 1017 3742 illum,
1043 3668 1078 3729 11
1102 3665 1174 3729 erit
1197 3666 1232 3727 in
1257 3664 1444 3737 nationes,

333 3891 349 3943 2
369 3890 463 3943 diuina
481 3890 598 3943 uerbac
651 3891 786 3958 lgeuere
810 3888 933 3957 Vbegp
953 3888 1066 3955 Domb.;
1084 3888 1184 3959 populo
1203 3889 1250 3951 fo
1316 3887 1333 3941 8
1355 3889 1389 3943 10
1411 3888 1444 3942 13

299 3980 435 4047 paruolp
527 3977 1074 4048 11111111ν1219ρ1;111111111
1155 3978 1246 4030 autem
1264 3991 1325 4044 sup.
1346 3976 1397 4029 lin.
1422 3974 1449 4027 V

299 4068 440 4136 quisquam
460 4067 545 4121 hoco
600 4067 631 4119 ll
653 4066 772 4120 ostendit
790 4065 816 4119 e¹
872 4068 904 4120 13
924 4066 1051 4135 paruulos
1075 4065 1101 4119 V
1172 4056 1287 4134 qnodV
1341 4066 1374 4117 14
1395 4062 1445 4117 ob·

299 4156 427 4209 surdeV
498 4155 691 4225 disstassete
747 4158 779 4208 15
798 4160 888 4209 tamon
907 4156 935 4210 in
955 4155 1002 4209 illo
1022 4170 1073 4209 om.
1093 4154 1116 4208 e¹
1176 4155 1211 4207 23
1229 4152 1293 4206 indo
1312 4152 1408 4221 adepti
1422 4168 1445 4221 p

298 4246 333 4299 25
353 4248 468 4313 partem,
487 4246 519 4297 in
536 4261 621 4313 marg.
640 4248 787 4312 pstremo
859 4246 893 4298 26
913 4260 1026 4313 augeam
1045 4260 1121 4309 msa.‚·
1141 4241 1279 4311 sugeboo
1361 4240 1446 4293 ualde

298 4333 378 4386 ualde
402 4333 476 4401 V¹p,·
497 4332 576 4386 ualde
597 4333 715 4402 abege
769 4336 802 4385 27
824 4333 935 4386 exibunt
955 4350 985 4385 ex
1004 4336 1032 4384 to
1052 4348 1067 4384 1
