3192 4959
313 475 365 530 De
395 476 567 530 ciuitate
597 475 657 531 dei
685 477 750 532 lib.
776 478 863 534 XXII.
893 497 967 551 cap.
995 482 1039 535 29.
1068 481 1111 535 30.
1223 483 1286 548 665

138 670 332 752 sempiterna
356 671 503 748 felicitas,
527 672 694 754 proficient
715 671 747 736 in
771 672 921 738 laudibus
940 673 1009 739 Dei.
1033 672 1152 739 Omnes
1171 674 1289 759 quippe

136 778 196 854 illi,
226 777 264 842 de
293 778 408 860 quibus
431 779 495 842 iam
519 797 591 844 sum
614 781 755 857 loeutus,
786 781 841 862 qni
863 799 947 844 nuno
969 780 1080 859 latent,
1104 780 1289 846 harmoniae

137 883 309 967 corporalis
333 885 456 948 numeri
479 904 539 950 non
562 885 718 965 latebunt,
741 887 934 951 intrinsecus
958 890 992 951 et
1013 887 1209 952 extrinsecus
1233 905 1289 971 per

137 991 278 1074 eorporis
312 993 427 1055 cuneta
459 990 618 1073 dispositi,
657 996 689 1057 et
726 1013 798 1058 oum
833 993 947 1058 ceteris
980 993 1086 1072 rebus,
1125 1011 1206 1077 quae
1242 993 1288 1058 ibi

105 1115 270 1182 emagnuo
294 1097 396 1181 adque
414 1098 576 1163 mirabiles
595 1099 798 1171 uidebuntur.
822 1099 994 1164 rationales
1012 1103 1136 1165 mentes
1154 1101 1187 1164 in
1205 1099 1286 1165 tanti

136 1203 267 1270 artificis
290 1205 418 1271 laudem
442 1205 637 1271 rationabilis
661 1205 910 1289 pulchritudinis
930 1207 1139 1272 delectatione
1159 1225 1289 1272 suecen-

136 1312 220 1376 dent.
253 1309 316 1389 Qui
349 1314 461 1376 motus
488 1311 555 1376 illio
586 1313 700 1376 talium
730 1331 898 1395 oon-porum
928 1313 994 1376 sint
1024 1312 1135 1388 futuri,
1168 1315 1287 1377 temere

136 1416 266 1481 definire
298 1437 359 1483 non
393 1418 505 1496 audeo,
544 1417 629 1500 quod
662 1419 840 1503 exooffl‘tare
872 1437 935 1483 non
967 1420 1079 1495 ualeo;
1115 1423 1221 1484 tamen
1256 1421 1289 1483 et

135 1527 243 1590 motus
268 1527 300 1589 et
323 1527 437 1603 status,
468 1525 553 1589 siout
575 1525 646 1607 ipso
669 1525 803 1608 speeies,
828 1525 1036 1604 detenuerit,
1064 1525 1120 1590 ubi
1144 1525 1287 1609 quicum-

92 1657 118 1696 ιο
136 1649 198 1712 qne
223 1630 292 1708 erit,
317 1631 402 1715 quod
426 1649 487 1696 non
511 1631 636 1696 docebit
658 1651 720 1696 non
744 1632 813 1696 erit.
838 1631 929 1697 Certe
952 1632 1009 1696 nbi
1032 1631 1122 1697 uolet
1143 1631 1286 1714 spiritus,

134 1737 179 1800 ibi
204 1737 265 1802 erit
285 1737 430 1822 protinus
455 1755 588 1820 oorpus3
612 1757 669 1802 neo
693 1739 783 1803 uolet
806 1737 928 1821 aliquid
952 1738 1096 1821 spiritus,
1122 1737 1206 1820 qood
1227 1757 1287 1803 nee

135 1843 284 1926 spiritum
315 1844 419 1927 possit
446 1843 556 1909 decere
583 1863 640 1909 neo
668 1863 792 1926 eorpus.
823 1844 907 1909 Vera
932 1845 978 1910 ibi
1009 1845 1111 1929 gloria
1133 1845 1202 1923 erit,
1230 1843 1288 1908 ubi

133 1949 296 2015 laudantis
315 1970 373 2015 neo
392 1969 494 2016 errore
514 1951 683 2034 quisquam
702 1971 760 2016 neo
775 1951 957 2017 adulatione
970 1952 1170 2028 laudabitur3
1190 1970 1286 2016 oenus

134 2058 244 2135 honor,
269 2058 324 2141 qui
348 2058 427 2122 nulli
451 2058 619 2142 negabitur
642 2058 748 2142 digno,
773 2058 853 2123 nulli
877 2059 1036 2124 deferetur
1056 2058 1203 2143 indigno;
1227 2058 1285 2122 sed

90 2189 116 2230 rs
134 2184 192 2229 nes
225 2164 265 2228 ad
298 2183 370 2229 eum
404 2164 525 2229 ambiet
556 2165 640 2229 ullus
668 2165 829 2250 indignus,
862 2166 918 2230 ubi
945 2166 1055 2231 nullus
1081 2165 1285 2248 permittetur

135 2290 206 2335 esse
234 2271 295 2336 nisi
324 2271 457 2355 dignus3
486 2290 562 2336 uero
588 2290 658 2353 pax,
687 2272 743 2337 ubi
771 2273 852 2336 nihil
880 2272 1006 2337 aduersi
1037 2291 1132 2337 neoa
1155 2271 1283 2354 seipso

134 2396 191 2442 neo
221 2377 259 2442 ab
288 2378 394 2460 aliquo
423 2377 559 2461 quisque
585 2377 733 2462 patietur.
761 2378 942 2444 Praemium
970 2379 1102 2444 uirtutis
1125 2379 1185 2444 erit
1202 2379 1283 2462 ipse,

135 2485 189 2566 qni
222 2485 376 2549 uirtutem
409 2483 498 2549 dedit
529 2485 622 2567 eique
655 2503 688 2550 se
720 2485 838 2569 ipsum,
873 2505 934 2568 qno
967 2486 1083 2551 melius
1117 2489 1149 2550 et
1178 2485 1282 2550 maius

132 2591 214 2655 nihil
245 2592 350 2674 possit
381 2611 461 2668 esse,
495 2592 651 2674 promisit.
686 2590 769 2671 Quid
802 2596 853 2657 est
884 2592 967 2657 enim
996 2591 1084 2656 aliud
1112 2591 1195 2674 quod
1227 2610 1284 2674 per

86 2725 113 2764 ro
132 2697 320 2780 prophetam
344 2697 438 2762 dixit:
463 2699 538 2764 Ero
561 2698 729 2763 illorum
750 2700 867 2775 Deus,
888 2703 927 2763 et
944 2698 1027 2782 ipsi
1046 2701 1166 2764 erunt
1183 2697 1282 2763 mihi

131 2804 261 2886 plebs,
289 2804 368 2869 nisi:
398 2805 476 2889 ‘Ego
506 2823 558 2870 ero
586 2805 670 2870 unde
698 2807 867 2883 satientur,
895 2823 954 2890 ego
983 2823 1035 2871 ero
1063 2823 1283 2889 quaecumque

222 3061 257 3118 20
275 3063 364 3118 Leuit.
385 3064 428 3128 26,
450 3066 482 3120 12

169 3237 391 3294 Ιίιιωη.αὺε
449 3239 503 3294 iarn
523 3256 615 3294 ormo
668 3240 1283 3313 2quinuuobep;qupnunoap25qnoe

127 3332 197 3382 tuno
216 3327 270 3399 p¹a
351 3329 487 3383 armoniae
507 3329 602 3398 obep
692 3331 757 3384 3et
776 3330 1048 3385 extrinsecarum
1135 3331 1175 3400 et]
1195 3330 1243 3385 sed
1262 3348 1281 3384 a

126 3421 145 3472 4
166 3417 335 3487 dispositae
391 3421 406 3472 5
426 3417 604 3472 rationabiles
623 3418 638 3472 d
711 3419 739 3471 in
758 3421 838 3472 tanta
855 3418 928 3472 artis.
946 3418 1028 3473 leude
1048 3419 1064 3472 b
1125 3420 1141 3473 6
1162 3419 1282 3474 delectu·

126 3536 220 3588 tiones
239 3552 266 3601 e;
285 3534 438 3588 delectione
453 3551 475 3602 p
548 3533 694 3588 succedent
714 3534 786 3603 obp
861 3500 1013 3597 lmotisb
1086 3535 1244 3606 deogitare
1264 3552 1282 3588 a

126 3627 144 3679 9
164 3623 281 3694 species]
307 3623 481 3694 pulchritudo
501 3641 514 3692 p
540 3623 650 3688 (mereto
674 3639 712 3676 oa
734 3623 771 3677 sit
792 3629 941 3692 utrumque
960 3625 1095 3694 ploasema
1118 3629 1143 3678 et
1165 3625 1225 3693 ipsa
1244 3623 1283 3677 ad

127 3728 243 3781 corporo
259 3711 297 3766 sit
314 3711 496 3780 referendum'
515 3711 626 3776 Domb.)
708 3712 756 3766 ubi
775 3713 937 3781 quicumque
957 3713 1010 3766 erit
1027 3712 1139 3780 seipsa·
1158 3712 1280 3780 quicum-

126 3818 182 3873 que
202 3802 255 3855 erit
274 3800 321 3855 ubi
340 3816 436 3856 mmo
515 3802 546 3853 11
567 3801 691 3870 protinus
711 3801 796 3855 erito
888 3799 960 3870 quod
979 3817 1067 3869 noup
1141 3801 1174 3854 12
1193 3801 1282 3870 possit

126 3935 145 3972 a
156 3915 277 3985 d²epo;
295 3921 389 3987 posset
407 3915 435 3969 b¹
453 3916 553 3970 Domo.
644 3932 747 3985 corpus.
768 3917 851 3986 Vera]
871 3932 1001 3985 corporea
1019 3917 1035 3970 b
1118 3915 1280 3970 ubilantisb

127 4011 162 4064 13
184 4005 376 4074 adolationep
469 4006 502 4058 15
522 4003 624 4058 ambiet
643 4004 678 4058 ad
698 4021 757 4058 enm
778 4021 797 4058 o
870 4004 993 4074 ambiget
1010 4005 1038 4058 δ’
1111 4003 1158 4058 ubi
1177 4005 1281 4075 nullus]

123 4099 172 4153 die
191 4096 294 4150 desinet
313 4095 371 4150 cod.
389 4111 409 4164 p
488 4095 691 4165 permittiturp
766 4095 797 4147 17
818 4093 910 4163 aliquo
930 4095 1044 4163 quisque
1064 4110 1172 4163 (sepau
1190 4095 1282 4164 aliquo

123 4211 325 4286 quiequamd;
342 4210 396 4264 alio
416 4210 594 4280 quisquamv
664 4175 766 4280 Partem
765 4209 858 4272 mium,
877 4225 943 4280 prae
960 4225 995 4264 m
1016 4210 1074 4276 ab
1130 4209 1164 4263 18
1181 4210 1280 4280 moins]

121 4297 440 4366 malusb¹;n1eliusb²
540 4300 574 4352 19
592 4303 686 4369 posset
706 4315 749 4352 ae
838 4299 927 4367 possit
945 4298 1014 4368 esee]
1033 4297 1150 4368 possed
1240 4305 1283 4355 est

121 4389 269 4450 mommo
343 4387 424 4459 qnod,
442 4405 477 4442 m.
496 4393 516 4444 2
534 4389 717 4458 superscripto
737 4387 863 4457 quomo
917 4388 951 4442 21
972 4387 1173 4458 quicumqueb
