3192 4959
331 473 382 527 De
411 471 584 527 ciuitate
613 470 674 525 dci
702 470 767 525 Iib.
791 468 882 523 XIIII.
910 485 985 538 cap.
1006 468 1124 522 11-13.
1258 469 1298 531 31

604 665 740 733 CAPUT
764 665 852 729 XIII.

152 809 258 890 Quod
285 810 322 875 in
351 809 685 894 praeuaricatione
709 808 810 872 Adae
839 826 932 889 opus
959 807 1097 871 malum
1120 804 1302 869 uoluntas

537 915 793 998 praecesserit
816 915 922 979 male.

197 1058 233 1121 In
263 1058 389 1123 occulto
418 1058 524 1121 eutem
552 1055 629 1120 meli
658 1074 729 1121 esse
757 1057 939 1138 coeperunt,
963 1056 1001 1117 ut
1027 1054 1058 1117 in
1088 1056 1228 1135 apertam
1257 1050 1302 1114 in·

118 1164 387 1229 ooboedientiam
415 1164 605 1231 laberentur.
642 1162 714 1229 Non
743 1162 828 1227 euim
850 1161 890 1226 ad
912 1162 1040 1226 malum.
1057 1179 1137 1243 opus
1160 1157 1303 1241 perueni-

152 1274 251 1346 retur,
270 1271 332 1335 nisi
355 1270 584 1353 praecessisset
602 1272 752 1335 uoluntas
771 1270 865 1333 male.
888 1269 985 1334 Porro
1004 1268 1107 1333 malae
1125 1264 1302 1331 uoluntatis

151 1376 280 1443 initium
300 1396 379 1458 quae
398 1377 505 1460 potuit
523 1396 593 1442 osse
613 1378 673 1442 nisi
699 1376 868 1459 superbio?
891 1375 1049 1440 Initium
1073 1374 1155 1438 enim
1182 1371 1301 1435 omnis

152 1484 301 1566 peccati
330 1484 509 1566 superbia
537 1485 605 1547 est.
645 1482 729 1563 Quid
758 1488 808 1548 est
835 1486 942 1547 autem
971 1478 1209 1563 supernia'nisi
1235 1496 1303 1561 per·

152 1608 266 1655 uersae
298 1590 498 1656 celsitudinis
531 1590 713 1673 adpetitus?
750 1589 907 1653 Peruerso
939 1589 1021 1654 enim
1059 1590 1109 1651 est
1146 1583 1302 1650 celsitudo

107 1718 134 1757 ro
154 1695 281 1761 deserto
301 1714 348 1777 eo,
369 1696 421 1761 cui
445 1696 539 1761 debet
563 1696 686 1760 enimus
710 1696 884 1772 inhaerere,
903 1694 1057 1779 principio
1080 1692 1143 1757 sibi
1165 1690 1302 1774 quodam

152 1802 249 1866 modo
276 1802 344 1866 fieri
367 1803 469 1885 adque
497 1821 567 1867 esse
594 1802 797 1885 principium.
833 1803 903 1867 Hoc
933 1800 980 1880 ur,
1009 1820 1081 1865 cum
1113 1799 1175 1865 sibi
1208 1796 1302 1861 nimis

152 1910 266 1991 placet
304 1908 371 1973 Sibi
397 1927 473 1973 uero
496 1908 543 1973 ita
565 1909 680 1991 placet,
706 1928 778 1974 cum
802 1909 841 1973 ab
864 1908 920 1973 illo
944 1908 1024 1972 bono
1048 1904 1228 1971 inmutabili
1252 1903 1304 1967 de·

151 2014 231 2092 ficit,
257 2015 341 2097 quod
370 2016 398 2079 ei
427 2016 530 2100 magis
557 2016 683 2098 placere
711 2015 823 2083 debuit
849 2036 943 2099 quem
966 2016 1035 2098 ipsc
1059 2014 1131 2078 sibi.
1170 2012 1303 2095 Sponte·

152 2140 232 2185 neus
262 2124 312 2185 est
336 2126 441 2186 autern
466 2122 528 2187 iste
552 2122 707 2199 defectus
732 2123 893 2205 quoniam,
918 2122 944 2186 si
968 2123 1118 2188 uoluntas
1141 2119 1172 2183 in
1197 2136 1303 2183 amore

105 2251 133 2291 rs
152 2228 326 2309 superioris
349 2228 548 2293 inmutabilis
571 2229 656 2305 boni,
681 2248 699 2292 a
723 2248 784 2311 quo
808 2229 1039 2294 inlustrabetur
1061 2232 1099 2293 ut
1120 2226 1244 2290 uideret
1271 2228 1304 2289 et

152 2332 386 2398 accendebatur
407 2338 445 2398 ut
468 2338 598 2413 emeret,
623 2335 748 2399 stabilis
772 2338 981 2419 permaneret,
999 2354 1059 2399 non
1083 2333 1155 2397 iude
1179 2331 1218 2396 ad
1242 2331 1303 2395 sibi

150 2440 343 2521 placendum
372 2444 569 2505 auerteretur
596 2445 629 2505 et
657 2461 692 2505 en
714 2442 774 2506 hoc
798 2441 1031 2506 tenebresceret
1053 2444 1086 2503 et
1107 2440 1302 2523 frigesceret,

150 2550 189 2610 ut
222 2547 276 2609 uei
304 2545 361 2611 ilie
393 2547 535 2612 crederet
566 2566 676 2611 uerum
710 2547 827 2613 dixisse
859 2551 1048 2632 serpentem,
1075 2547 1129 2611 uel
1159 2545 1215 2610 ille
1242 2544 1304 2609 Dei

151 2652 301 2717 mandato
330 2650 436 2719 uioris
466 2656 671 2737 praeponeret
698 2655 894 2720 uoluntatem
919 2658 1108 2739 putaretque
1136 2672 1170 2717 se
1197 2651 1304 2716 uenia-

103 2783 131 2823 m
149 2758 227 2823 liter
248 2762 516 2843 transgressorem
541 2779 610 2825 esse
635 2762 805 2844 praecepti,
831 2762 859 2825 si
882 2763 969 2826 uitae
992 2780 1068 2826 suae
1094 2760 1215 2825 sociem
1241 2777 1303 2822 non

151 2866 313 2929 desereret
341 2867 437 2929 etiem
464 2866 495 2930 in
526 2869 679 2933 societate
707 2869 840 2952 peccati.
878 2868 949 2933 Non
977 2887 1051 2952 ergo
1079 2868 1198 2931 molum
1223 2884 1303 2947 opus

150 2971 274 3035 factum
303 2976 363 3049 est,
387 2972 420 3036 id
447 2977 497 3037 est
524 2974 579 3038 illu
607 2976 818 3059 transgressio
848 2978 886 3039 ut
918 2975 988 3040 cibo
1011 2972 1170 3057 prohibito
1194 2990 1303 3036 uesce-

150 3082 271 3155 rentur,
296 3078 359 3141 nisi
383 3079 421 3143 ab
446 3079 491 3143 eis
516 3080 570 3162 qui
593 3079 655 3144 iam
680 3081 756 3146 maii
780 3085 877 3146 erent.
899 3080 1011 3163 Neque
1036 3080 1118 3144 enim
1140 3078 1231 3143 tieret
1247 3077 1302 3141 ille

150 3182 278 3247 frocus
312 3184 416 3249 maius
450 3186 510 3250 nIsi
543 3186 582 3250 ab
615 3186 723 3251 arbore
756 3189 851 3252 male
888 3187 932 3252 Ut
919 3191 1072 3251 ttauem
1100 3188 1184 3250 esset
1212 3184 1304 3249 arbor

103 3314 132 3355 ee
150 3292 248 3365 mala,
273 3294 383 3356 centra
410 3296 555 3357 naturam
583 3294 649 3357 icet
635 3297 704 3357 tum
734 3295 892 3377 estquis
919 3295 982 3358 nisi
1010 3294 1088 3357 uitio
1113 3292 1302 3366 uoluntatis

151 3396 238 3479 quod
263 3399 372 3459 contra
394 3402 539 3461 naturam
564 3403 706 3474 estnon
731 3400 843 3483 utique
866 3400 964 3465 fieret.
1001 3398 1062 3464 Sed
1090 3398 1170 3463 uitio
1195 3398 1303 3481 depra-

151 3502 221 3565 unri
249 3500 312 3566 nisi
341 3520 376 3564 er
405 3502 504 3568 nihilo
533 3504 617 3568 fucta
645 3509 758 3570 nature
786 3526 846 3570 non
874 3509 994 3590 posset.
1030 3508 1077 3570 Ac
1106 3524 1161 3590 per
1182 3505 1242 3569 boc
1266 3508 1303 3570 ut

152 3612 267 3672 natura
295 3608 348 3684 sit,
374 3627 408 3672 ex
438 3628 474 3673 eo
503 3610 599 3675 habet
627 3613 711 3695 quod
735 3632 753 3677 e
775 3614 843 3678 Deo
869 3614 952 3679 fecte
976 3616 1039 3689 est;
1072 3615 1239 3677 utentem
1263 3611 1302 3675 ab

243 3782 260 3835 7
280 3782 363 3835 Eccii.
386 3783 428 3850 10,
449 3783 481 3837 13
536 3785 571 3839 23
589 3786 639 3840 Mt.
660 3786 684 3851 7,
706 3788 738 3841 18

187 3906 205 3959 2
224 3906 374 3975 praebaric.
399 3905 425 3958 V
508 3925 575 3978 opus
600 3908 636 3977 V,·
654 3909 687 3963 ed
708 3928 774 3981 opus
788 3929 862 3981 pqo
934 3913 950 3965 3
970 3910 1147 3982 praecesserit
1170 3910 1208 3977 V‚·
1225 3926 1302 3979 pree·

151 3994 236 4047 cessit
249 4010 324 4063 ppo
388 3998 492 4065 bopus
510 4012 570 4066 sup.
590 3998 639 4051 lin
664 3998 690 4051 V
760 4001 949 4069 perueniture
1016 3999 1124 4053 brnalo
1142 4000 1303 4053 uoluntero

154 4083 259 4151 anec
283 4082 544 4189 Velameomb5
562 4086 628 4155 quid
648 4088 707 4156 cb;
727 4090 798 4157 quod
812 4105 861 4157 pv
941 4090 1033 4160 potuit
1050 4106 1084 4142 m.
1105 4092 1175 4143 2ex
1193 4086 1303 4155 putauit

151 4212 224 4252 corr.
245 4198 276 4264 b;
293 4164 408 4269 pruteni¹¹²
410 4164 446 4253 ΙΙΙα
502 4201 624 4257 beelsit
644 4208 719 4258 esto
776 4206 810 4258 12
827 4205 899 4259 bone
922 4206 956 4258 V¹
1030 4204 1163 4259 defecite
1212 4204 1245 4255 13
1264 4202 1301 4270 ei]

153 4287 213 4347 etz
279 4289 310 4341 15
328 4286 432 4342 bonol
496 4290 527 4345 18
547 4290 669 4345 crederet
687 4308 772 4346 om.e
844 4310 935 4347 nerum
956 4293 1112 4348 credereto
1172 4291 1206 4345 20
1225 4306 1302 4359 prae-

152 4378 234 4443 cepto
259 4374 293 4427 V*
349 4378 382 4431 21
406 4376 544 4433 deserete
616 4381 717 4435 melum
737 4398 835 4451 ergov
889 4385 923 4437 24
943 4388 1015 4437 esset
1032 4399 1093 4452 cop.
1113 4382 1196 4437 lice
