3192 4959
304 455 346 519 48
651 452 677 505 S.
707 451 864 505 Aurelii
891 451 1106 520 Augustini

303 665 436 730 rumque
466 666 595 728 operum
624 646 845 729 corporalium,
874 646 929 711 ubi
957 646 996 709 ad
1020 645 1223 710 exercendam
1246 644 1450 709 infirmiorem

303 752 535 834 tardioremque
563 756 707 816 naturam
736 752 849 835 agilior
876 753 1013 817 accessit
1038 751 1208 829 industria3
1237 754 1270 815 et
1295 769 1357 815 non
1386 768 1450 813 cre·

304 858 409 921 dimus
442 858 482 924 ad
514 877 595 941 opus
628 858 839 943 generationis
867 858 1016 937 filiorum,
1050 858 1079 923 si
1105 857 1205 923 libido
1233 878 1295 922 non
1323 856 1449 934 fuisset,

304 984 384 1047 quae
411 968 543 1048 peceato
571 964 824 1029 inoboedientiae
852 966 1008 1029 retributa
1036 969 1094 1040 est,
1124 964 1327 1030 oboedienter
1349 964 1451 1028 homi·

304 1070 397 1135 nibus
432 1071 470 1135 ad
503 1071 678 1135 uoluntatis
707 1074 821 1135 nutum
849 1071 999 1135 similiter
1026 1076 1063 1136 ut
1091 1075 1195 1136 cetera
1221 1070 1366 1153 potuisse
1393 1070 1450 1133 1113
1480 1095 1492 1133 1

303 1176 445 1241 membra
472 1176 613 1241 seruire?
641 1177 751 1241 Nonne
781 1176 889 1241 Cicero
917 1177 1067 1242 inlibris
1097 1177 1134 1240 de
1157 1197 1190 1241 re
1213 1176 1352 1259 publica,
1376 1196 1449 1241 cum

304 1283 342 1346 de
365 1282 568 1366 imperiorum
588 1282 765 1347 differentia
783 1283 962 1365 disputaret
979 1286 1012 1347 et
1029 1282 1125 1347 huius
1144 1284 1189 1347 rei
1208 1282 1450 1347 similitudinem

304 1409 339 1453 ex
368 1392 481 1453 nature
503 1389 639 1454 hominis
664 1390 854 1467 adsumeret,
877 1394 915 1454 ut
938 1390 1012 1453 filiis
1037 1389 1116 1453 dixit
1137 1390 1285 1472 imperari
1308 1389 1449 1470 corporis

303 1496 452 1561 membris
480 1498 608 1579 propter
636 1496 822 1560 oboediendi
850 1495 1050 1570 facilitatem
1085 1495 1220 1560 uitiosos
1248 1516 1323 1561 uero
1352 1495 1450 1560 animi

302 1606 407 1685 partes
430 1606 468 1666 ut
491 1620 600 1666 seruos
621 1603 776 1685 asperiore
794 1602 927 1685 imperio
948 1602 1127 1667 coherceri?
1151 1603 1192 1665 ut
1210 1601 1322 1683 utique
1342 1602 1450 1666 ordine
1469 1630 1494 1669 ro

303 1708 439 1773 naturali
472 1708 595 1773 animus
629 1710 830 1792 anteponitur
863 1709 996 1791 corpori,
1030 1711 1063 1773 et
1094 1712 1199 1774 tamen
1227 1710 1295 1791 ipse
1324 1710 1449 1775 animus

302 1814 438 1897 imperat
461 1815 583 1895 corpori
606 1814 732 1879 facilius
757 1834 853 1898 quam
876 1815 948 1879 sibi.
974 1815 1093 1879 Verum
1117 1819 1222 1879 tamen
1242 1815 1319 1879 imec
1337 1816 1450 1894 libido,

304 1922 341 1985 de
371 1941 433 2004 qua
460 1940 544 1986 nunc
573 1922 768 2000 disserimus,
799 1942 835 1987 eo
859 1924 962 2006 magis
988 1923 1201 1988 erubescenda
1224 1924 1338 2000 extitit,
1365 1924 1451 2005 quod

303 2028 428 2093 animus
461 2029 493 2093 iu
526 2048 562 2092 33
595 2048 652 2092 333
685 2029 746 2092 sibi
780 2029 950 2093 efficaciter
981 2030 1126 2113 imperat,
1160 2033 1196 2094 ut
1228 2031 1354 2094 omnino
1387 2049 1450 2094 non

302 2135 411 2212 libeat,
435 2154 493 2199 neo
518 2135 603 2199 31331
628 2134 719 2199 modo
745 2136 878 2218 corpori,
908 2139 944 2200 ut
966 2136 1113 2219 pudenda
1135 2136 1277 2201 membra
1298 2136 1494 2201 3313313313
1575 2201 1576 2218 ,

301 2242 410 2323 potius
439 2260 534 2323 quam
560 2240 659 2305 libido
692 2246 904 2317 commoueat,
939 2242 1024 2324 quod
1052 2242 1078 2306 si
1106 2241 1153 2307 ita
1181 2246 1275 2319 esset,
1301 2242 1451 2325 pudenda

303 2368 364 2411 non
394 2350 507 2413 essent.
538 2345 630 2411 Nunc
660 2365 733 2411 uero
762 2347 862 2429 pudet
889 2348 1451 2431 3313133113313113111133313313,

302 2454 389 2537 quod
416 2454 445 2518 31
473 2457 584 2517 natura
608 2453 752 2518 inferiore
777 2453 958 2518 subiectum
983 2458 1041 2518 est.
1070 2456 1105 2520 In
1131 2455 1201 2520 aliis
1225 2456 1341 2537 quippe
1365 2455 1453 2519 adfe-

302 2561 463 2625 ctionibus
493 2579 565 2623 curn
594 2560 655 2623 sibi
683 2560 816 2636 resistit,
845 2559 916 2625 ideo
945 2561 1050 2625 minus
1077 2560 1186 2644 pudet,
1216 2562 1299 2644 qnia,
1328 2580 1401 2625 cum
1430 2581 1452 2625 a

303 2686 336 2731 se
359 2668 429 2749 ipso
454 2666 601 2743 uincitur,
626 2666 694 2748 ipse
720 2685 754 2730 se
777 2666 893 2741 uincit3
919 2668 980 2732 etsi
1002 2668 1179 2732 inordinate
1200 2668 1300 2749 adque
1320 2667 1451 2746 uitiose,
1470 2696 1496 2735 20

303 2774 378 2855 quia
410 2792 446 2836 ex
479 2774 530 2836 bis
562 2773 718 2856 partibus,
753 2792 833 2855 quae
864 2774 978 2838 rationi
1011 2774 1116 2839 subici
1143 2774 1268 2851 debent,
1300 2776 1404 2838 tamen
1430 2794 1452 2839 a

302 2880 446 2960 partibus
476 2880 543 2944 suis
572 2898 608 2943 ac
635 2899 691 2961 per
718 2885 788 2956 hoc,
817 2884 855 2943 ut
878 2879 999 2945 dictum
1024 2885 1083 2958 est,
1108 2900 1126 2945 a
1149 2900 1183 2945 se
1205 2881 1275 2963 ipso
1298 2880 1451 2947 uincitur.

302 2984 382 3049 Nam
408 3003 481 3048 cum
505 2984 645 3048 ordinate
670 3004 703 3048 se
733 2984 857 3049 animus
881 2986 991 3060 uincit,
1019 2990 1057 3049 ut
1079 2987 1316 3052 inrationabiles
1339 2991 1450 3054 motus

302 3092 371 3155 eius
395 3090 494 3155 menti
517 3090 693 3172 rationique
718 3091 903 3167 subdantur,
929 3092 956 3157 si
979 3095 1085 3157 tamen
1110 3096 1141 3157 et
1158 3092 1215 3157 illa
1231 3093 1299 3157 Deo
1318 3094 1451 3160 subdita

302 3199 361 3274 est,
385 3196 488 3261 laudis
513 3197 615 3279 adque
644 3197 772 3263 uirtutis
802 3200 861 3263 est.
890 3198 997 3263 Minus
1021 3203 1127 3264 tamen
1151 3199 1260 3282 pudet,
1289 3218 1362 3263 oum
1385 3201 1495 3269 sibiae

300 3303 425 3367 animus
454 3322 489 3367 ex
516 3304 642 3369 uitiosis
672 3305 740 3368 suis
762 3305 907 3388 partibus
938 3325 998 3370 non
1022 3307 1230 3389 obtemperat,
1255 3326 1349 3389 quam
1374 3326 1449 3373 3331

302 3410 329 3473 31
355 3428 479 3493 corpus,
510 3410 595 3492 quod
622 3411 757 3475 alterum
782 3412 819 3477 ab
844 3412 900 3476 1113
924 3416 974 3477 est
997 3412 1099 3495 adque
1122 3413 1203 3476 infra
1225 3412 1319 3477 illum
1342 3417 1392 3478 est
1416 3419 1450 3480 et

301 3516 393 3581 cuius
419 3518 487 3581 sine
511 3518 567 3582 illo
591 3520 703 3583 natura
726 3538 786 3583 non
810 3518 905 3593 uiuit,
925 3519 1047 3583 uolenti
1066 3520 1250 3602 iubentique
1269 3539 1330 3583 non
1350 3520 1448 3585 cedit.

347 3620 410 3687 Sed
443 3642 515 3688 cum
544 3623 606 3687 adia
633 3624 773 3688 membra
801 3626 976 3689 retinentur
1003 3624 1178 3690 uoluntatis
1206 3624 1349 3707 imperio,
1378 3627 1448 3692 sine

301 3730 417 3811 quibus
445 3729 511 3807 illa,
549 3749 628 3812 quae
657 3736 765 3795 contra
793 3732 991 3796 uoluntatem
1018 3731 1149 3796 libidine
1178 3732 1385 3810 concitantur,
1414 3734 1449 3797 id
1468 3764 1496 3802 ao
1575 3789 1576 3810 2

391 3962 473 4017 3111.
492 3964 542 4031 13,
561 3964 611 4034 ag.
631 3964 665 4017 aa

338 4086 407 4141 lad
427 4086 601 4142 exercendam
621 4104 705 4143 orne
769 4092 899 4143 5nutum
917 4106 976 4158 sup.
996 4091 1044 4145 lin.
1069 4092 1095 4144 V
1153 4093 1278 4145 633333
1301 4091 1450 4161 V¹etpe3

301 4193 390 4230 33333
409 4177 461 4231 1133
485 4175 574 4230 V²ao
621 4178 636 4230 7
656 4178 827 4247 imperatoris
848 4178 858 4231 1
908 4180 941 4234 13
961 4180 1053 4233 extitit
1071 4178 1204 4249 e²lpaf
1218 4180 1333 4245 Domb.,·
1352 4181 1449 4235 existit

306 4266 443 4320 Vobe¹o
499 4267 532 4321 16
552 4266 629 4335 quot
684 4268 717 4321 23
738 4268 778 4336 ut]
798 4271 898 4323 tunca
969 4270 1211 4338 inrationabilesp
1231 4274 1256 4323 et
1273 4272 1313 4323 sir
1329 4269 1450 4335 Durat,-

299 4355 474 4409 inrationales
498 4353 632 4408 Verrito
686 4356 847 4411 abiliane
900 4360 1069 4428 21311311
1124 4361 1159 4414 30
1177 4360 1263 4413 31131
