3192 4959
307 426 371 487 546
652 423 679 474 S.
706 421 866 474 Aurelii
893 420 1111 489 Augustini

307 637 379 681 cum
407 617 453 680 ibi
480 617 586 694 fuerit,
614 616 671 681 ubi
700 615 833 679 tentatio
862 615 950 678 nulla
979 615 1051 690 erit3
1085 615 1147 678 nisi
1173 633 1284 696 pacem
1309 616 1450 683 tenuerit.

307 743 402 806 quam
429 723 507 788 belli
535 723 642 794 buius,
665 722 697 786 in
722 740 784 804 quo
812 740 882 785 caro
907 720 1106 802 concupiscit
1128 721 1283 786 aduersus
1309 721 1450 804 spiritum

307 832 339 893 et
371 829 503 911 spiritus
536 829 689 894 aduersus
723 847 860 906 caruem,
888 827 1001 891 multis
1035 831 1067 891 θῖ
1099 827 1195 892 uariis
1229 829 1449 893 certaminibus

306 936 439 1018 quaerit.
477 936 547 1000 Hoc
571 939 678 999 autem
701 935 823 999 bellurn
847 953 1019 1016 numquam
1045 934 1148 997 ullum
1173 940 1270 1011 esset,
1296 933 1324 998 si
1347 939 1449 1024 natura

305 1044 444 1107 humana
465 1061 522 1125 per
544 1042 680 1106 liberum
705 1041 870 1105 arbitrium
890 1042 921 1104 iu
941 1040 1140 1116 rectitudine,
1160 1041 1192 1103 in
1213 1059 1276 1122 qua
1294 1040 1378 1104 facta
1396 1045 1448 1111 est,
1473 1061 1484 1098 r

305 1134 507 1231 perstitisset.
544 1148 637 1213 Nunc
667 1169 753 1226 uero,
782 1167 862 1230 quae
890 1167 1002 1228 pacem
1029 1147 1106 1211 felix
1139 1166 1211 1211 oum
1240 1145 1308 1211 Deo
1342 1147 1448 1211 habere

307 1255 419 1334 uoluit,
445 1275 553 1320 secum
582 1259 704 1340 pugnat
730 1255 848 1333 infelix,
874 1258 906 1319 et
934 1273 1006 1318 cum
1034 1254 1159 1318 sithoc
1183 1254 1303 1318 malum
1328 1253 1448 1318 misera·

235 1380 239 1387 “
306 1363 379 1441 bile,
404 1363 519 1427 melius
543 1366 722 1427 esttamen
747 1381 842 1443 quarn
866 1361 970 1442 priora
994 1361 1079 1426 uitae
1103 1359 1210 1424 buiur.
1241 1359 1360 1424 Melius
1384 1379 1447 1424 con·

304 1467 427 1550 digitur
455 1469 570 1551 quippe
600 1487 672 1532 cum
701 1467 803 1545 uitiis,
828 1487 923 1550 quam
951 1468 1019 1532 cirre
1044 1467 1109 1530 ulla
1133 1466 1333 1530 conflictione
1358 1465 1446 1530 domi-

305 1578 429 1638 nantur.
466 1574 583 1638 Melius
617 1578 676 1650 est,
701 1576 842 1656 iuquam,
867 1575 989 1638 bellum
1018 1592 1089 1638 cum
1118 1592 1174 1656 spe
1199 1573 1288 1656 pacis
1312 1575 1445 1636 aeternae
1461 1593 1481 1630 ιο

306 1699 400 1761 quam
433 1681 500 1745 sinc
532 1681 600 1744 ulla
630 1681 834 1745 liberationis¹
857 1679 1050 1764 cogitatione
1079 1680 1261 1762 captiuitas
1300 1677 1445 1760 Cupimus

306 1786 433 1868 quidem
462 1787 557 1850 etiarn
586 1787 646 1850 boc
673 1786 757 1850 bello
786 1805 892 1850 carere
921 1788 953 1850 et
976 1785 1015 1850 ad
1040 1783 1264 1869 capessendam
1289 1783 1445 1850 ordinatis·

306 1893 420 1956 simam
452 1912 573 1975 pacem,
597 1893 653 1957 ubi
681 1893 865 1958 firmissima
893 1892 1069 1958 stabilitate
1098 1889 1275 1975 potioribus
1308 1891 1444 1956 interiora

305 1998 490 2078 subdantur,
515 2000 588 2083 igue
611 1999 713 2063 diuini
736 1999 853 2063 amoris
873 1998 1084 2064 accendimur.
1110 1997 1173 2064 Sed
1192 1999 1219 2062 si
1239 1997 1339 2084 (quod
1357 1993 1442 2069 absit)

304 2103 393 2168 illius
422 2105 501 2168 tanti
528 2105 603 2169 boni
631 2123 703 2186 spes
732 2104 820 2168 nulla
848 2107 942 2183 esset,
967 2106 1062 2168 malle
1091 2103 1260 2168 debuimus
1293 2104 1325 2167 in
1356 2103 1441 2166 huius
1458 2121 1479 2160 o

305 2211 550 2275 conflictationis
577 2210 728 2276 molestia
753 2229 916 2276 remanere
946 2230 1040 2293 quam
1064 2209 1154 2275 uitiis
1177 2211 1209 2275 in
1233 2229 1291 2276 nos
1316 2210 1442 2275 domina-

305 2317 424 2382 tionem
448 2337 510 2382 uon
534 2317 579 2381 eis
603 2317 780 2382 resistendo
804 2317 997 2398 permittere.

756 2508 893 2574 CAPUT
918 2507 1004 2573 XVI.

346 2650 420 2716 Sub
446 2651 583 2735 quibus
608 2651 754 2734 gratiae
776 2651 930 2736 legibus
956 2671 1083 2716 omnes
1106 2655 1405 2736 regeneratorum

678 2757 887 2822 habeantur
918 2762 1074 2822 aetates.
1454 2777 1480 2814 eo

348 2900 465 2962 Verum
498 2902 603 2963 tamen
630 2902 718 2963 tauta
747 2902 797 2963 est
826 2899 885 2963 Dei
912 2898 1129 2964 misericordia
1161 2901 1192 2964 in
1223 2920 1301 2966 uasa
1329 2899 1437 2964 miscri-

304 3006 439 3081 cordiae‚
465 3025 544 3088 quae
567 3006 821 3088 praeparabitis
847 3005 989 3090 gloriam,
1010 3009 1047 3069 ut
1070 3006 1165 3070 etiam
1188 3007 1292 3088 prima
1314 3004 1436 3071 hominis

303 3117 401 3189 aetas,
430 3111 462 3175 id
496 3115 546 3176 est
576 3113 717 3188 infautia,
746 3132 826 3194 quae
855 3112 922 3176 sine
951 3112 1016 3176 ullo
1047 3112 1154 3176 renisu
1183 3113 1329 3178 subiacet
1353 3111 1438 3176 carui.

304 3221 336 3282 et
360 3219 506 3296 secunda,
532 3238 612 3301 quae
635 3219 772 3302 pueritia
795 3223 1006 3302 nuncupatur,
1030 3219 1086 3283 ubi
1110 3218 1250 3283 nondum
1274 3221 1351 3286 ratio
1377 3236 1440 3282 sus-

304 3325 390 3407 cepit
416 3325 497 3390 hauc
524 3345 664 3409 pugnam
694 3331 727 3390 θῖ
753 3327 817 3390 sere
848 3327 907 3390 sub
937 3326 1084 3390 omnibus
1112 3327 1241 3391 uitiosis
1271 3325 1440 3392 delectatio·
1459 3341 1485 3381 re

302 3431 396 3495 uibus
427 3431 521 3510 iacet,
555 3432 638 3514 quia,
672 3433 747 3496 licet
779 3432 839 3495 fari
870 3433 933 3496 iarn
966 3433 1073 3496 ualeat
1109 3436 1141 3498 et
1177 3433 1248 3498 ideo
1287 3432 1439 3496 infantiam

394 3712 406 3763 1
428 3708 488 3763 Gal.
507 3710 531 3775 5,
554 3711 586 3762 17
641 3711 673 3764 21
694 3711 772 3764 Rom.
791 3711 817 3775 9,
836 3713 871 3765 23

337 3877 545 3945 2bellu‚um.
565 3881 625 3939 2‚e
724 3878 875 3949 baberep
975 3845 1167 3934 lmiiabilee
1267 3881 1445 3944 Sostomy

301 3966 398 4019 melius
418 3969 460 4019 est
478 3967 578 4036 quippe
598 3983 656 4019 cum
677 3968 831 4036 confligitur
851 3985 869 4020 o
959 3971 975 4022 9
995 3986 1074 4038 quarn
1094 3969 1172 4025 codd.
1187 3975 1300 4037 praeter
1317 3986 1345 4032 a;
1361 3981 1444 4033 quarn

302 4071 362 4107 cum
382 4071 425 4107 uo
497 4054 699 4109 conflictatione
719 4057 762 4126 dp
829 4059 861 4112 10
882 4061 1006 4112 aeternae
1026 4059 1134 4127 paciso
1205 4059 1237 4112 12
1258 4058 1334 4111 etiam
1351 4069 1400 4106 ora.
1424 4069 1444 4104 α

300 4145 456 4213 bocom.p
527 4145 600 4198 bello
620 4145 703 4200 hoco
776 4149 808 4201 16
830 4147 1042 4215 conflictionisp
1115 4147 1146 4200 2]
1169 4149 1447 4210 uerunrtarneuyp:

299 4238 392 4286 tamen
411 4249 461 4286 om.
480 4235 539 4287 rell.
558 4251 574 4288 o
592 4234 690 4288 Domb.
759 4237 794 4288 24
813 4235 961 4290 uecdume
1026 4237 1061 4289 25
1079 4235 1270 4298 horninibuse
1334 4231 1363 4284 ab
1382 4231 1448 4284 iam

300 4322 386 4375 fario
