<?xml version="1.0" encoding="UTF-8"?>
<!DOCTYPE html PUBLIC "-//W3C//DTD XHTML 1.0 Transitional//EN"
    "http://www.w3.org/TR/xhtml1/DTD/xhtml1-transitional.dtd">
<html xmlns="http://www.w3.org/1999/xhtml" xml:lang="en" lang="en">
 <head>
  <title>
</title>
<meta http-equiv="Content-Type" content="text/html;charset=utf-8" />
  <meta name='ocr-system' content='tesseract 3.04.00' />
  <meta name='ocr-capabilities' content='ocr_page ocr_carea ocr_par ocr_line ocrx_word'/>
</head>
<body>
  <div class='ocr_page' id='page_1' title='image "./corpusscriptoru07wiengoog/corpusscriptoru07wiengoog_0360.png"; bbox 0 0 3192 4959; ppageno 0'>
   <div class='ocr_carea' id='block_1_1' title="bbox 340 462 1138 531">
    <p class='ocr_par' dir='ltr' id='par_1_1' title="bbox 340 462 1138 531">
     <span class='ocr_line' id='line_1_1' title="bbox 340 462 1138 531; baseline -0.018 -3"><span class='ocrx_word' id='word_1_1' title='bbox 340 465 405 528; x_wconf 84' lang='grc'>342</span> <span class='ocrx_word' id='word_1_2' title='bbox 679 463 706 517; x_wconf 84' lang='lat' dir='ltr'>S.</span> <span class='ocrx_word' id='word_1_3' title='bbox 734 462 892 516; x_wconf 82' lang='lat' dir='ltr'>Aurelii</span> <span class='ocrx_word' id='word_1_4' title='bbox 919 462 1138 531; x_wconf 75' lang='lat' dir='ltr'>Augustini</span> 
     </span>
    </p>
   </div>
   <div class='ocr_carea' id='block_1_2' title="bbox 336 656 1559 3830">
    <p class='ocr_par' dir='ltr' id='par_1_2' title="bbox 336 656 1474 948">
     <span class='ocr_line' id='line_1_2' title="bbox 337 656 1473 739; baseline -0.001 -19"><span class='ocrx_word' id='word_1_5' title='bbox 337 674 446 721; x_wconf 91' lang='lat' dir='ltr'>eorum</span> <span class='ocrx_word' id='word_1_6' title='bbox 479 657 720 721; x_wconf 82' lang='lat' dir='ltr'><strong>strenuissimus</strong></span> <span class='ocrx_word' id='word_1_7' title='bbox 749 656 860 734; x_wconf 86' lang='lat' dir='ltr'>Iudas,</span> <span class='ocrx_word' id='word_1_8' title='bbox 893 657 947 739; x_wconf 86' lang='lat' dir='ltr'>qui</span> <span class='ocrx_word' id='word_1_9' title='bbox 985 656 1079 720; x_wconf 88' lang='lat' dir='ltr'>etiam</span> <span class='ocrx_word' id='word_1_10' title='bbox 1113 656 1344 721; x_wconf 88' lang='lat' dir='ltr'>Macchabaeus</span> <span class='ocrx_word' id='word_1_11' title='bbox 1381 656 1473 721; x_wconf 88' lang='lat' dir='ltr'>dictus</span> 
     </span>
     <span class='ocr_line' id='line_1_3' title="bbox 337 763 1474 846; baseline -0.002 -19"><span class='ocrx_word' id='word_1_12' title='bbox 337 767 396 841; x_wconf 81' lang='lat' dir='ltr'>est,</span> <span class='ocrx_word' id='word_1_13' title='bbox 425 764 574 828; x_wconf 76' lang='lat' dir='ltr'><strong>Antiochi</strong></span> <span class='ocrx_word' id='word_1_14' title='bbox 601 763 737 828; x_wconf 84' lang='lat' dir='ltr'>ducibus</span> <span class='ocrx_word' id='word_1_15' title='bbox 760 764 865 846; x_wconf 91' lang='lat' dir='ltr'>pulsis</span> <span class='ocrx_word' id='word_1_16' title='bbox 890 763 927 827; x_wconf 90' lang='lat' dir='ltr'>ab</span> <span class='ocrx_word' id='word_1_17' title='bbox 957 763 1042 828; x_wconf 90' lang='lat' dir='ltr'>omni</span> <span class='ocrx_word' id='word_1_18' title='bbox 1065 764 1123 827; x_wconf 88' lang='lat' dir='ltr'>ille</span> <span class='ocrx_word' id='word_1_19' title='bbox 1146 763 1311 827; x_wconf 88' lang='lat' dir='ltr'>idolatriae</span> <span class='ocrx_word' id='word_1_20' title='bbox 1335 764 1474 828; x_wconf 89' lang='lat' dir='ltr'>contami-</span> 
     </span>
     <span class='ocr_line' id='line_1_4' title="bbox 336 867 662 948; baseline -0.003 -17"><span class='ocrx_word' id='word_1_21' title='bbox 336 868 462 933; x_wconf 81' lang='lat' dir='ltr'>natione</span> <span class='ocrx_word' id='word_1_22' title='bbox 485 867 662 948; x_wconf 77' lang='lat' dir='ltr'>mandauit.</span> 
     </span>
    </p>

    <p class='ocr_par' dir='ltr' id='par_1_3' title="bbox 336 973 1559 3830">
     <span class='ocr_line' id='line_1_5' title="bbox 380 973 1474 1057; baseline -0.002 -18"><span class='ocrx_word' id='word_1_23' title='bbox 380 974 452 1039; x_wconf 92' lang='lat' dir='ltr'>Non</span> <span class='ocrx_word' id='word_1_24' title='bbox 484 979 590 1040; x_wconf 85' lang='lat' dir='ltr'>autem</span> <span class='ocrx_word' id='word_1_25' title='bbox 621 975 724 1039; x_wconf 89' lang='lat' dir='ltr'>multo</span> <span class='ocrx_word' id='word_1_26' title='bbox 756 977 831 1057; x_wconf 88' lang='lat' dir='ltr'>post</span> <span class='ocrx_word' id='word_1_27' title='bbox 857 973 1001 1039; x_wconf 79' lang='lat' dir='ltr'><strong>Alcimus</strong></span> <span class='ocrx_word' id='word_1_28' title='bbox 1030 974 1158 1057; x_wconf 90' lang='lat' dir='ltr'>quidam</span> <span class='ocrx_word' id='word_1_29' title='bbox 1186 994 1242 1057; x_wconf 91' lang='lat' dir='ltr'>per</span> <span class='ocrx_word' id='word_1_30' title='bbox 1269 975 1474 1051; x_wconf 70' lang='lat' dir='ltr'>ambitionem,</span> 
     </span>
     <span class='ocr_line' id='line_1_6' title="bbox 337 1080 1509 1166; baseline 0 -22"><span class='ocrx_word' id='word_1_31' title='bbox 337 1100 410 1146; x_wconf 91' lang='lat' dir='ltr'>cum</span> <span class='ocrx_word' id='word_1_32' title='bbox 434 1100 452 1146; x_wconf 86' lang='lat' dir='ltr'>a</span> <span class='ocrx_word' id='word_1_33' title='bbox 474 1100 587 1166; x_wconf 85' lang='lat' dir='ltr'>genere</span> <span class='ocrx_word' id='word_1_34' title='bbox 610 1081 798 1146; x_wconf 83' lang='lat' dir='ltr'>sacerdotali</span> <span class='ocrx_word' id='word_1_35' title='bbox 823 1084 909 1146; x_wconf 87' lang='lat' dir='ltr'>asset</span> <span class='ocrx_word' id='word_1_36' title='bbox 931 1082 1063 1161; x_wconf 90' lang='lat' dir='ltr'>alienus,</span> <span class='ocrx_word' id='word_1_37' title='bbox 1093 1080 1178 1163; x_wconf 91' lang='lat' dir='ltr'>quod</span> <span class='ocrx_word' id='word_1_38' title='bbox 1201 1083 1289 1147; x_wconf 88' lang='lat' dir='ltr'>nefas</span> <span class='ocrx_word' id='word_1_39' title='bbox 1315 1086 1388 1159; x_wconf 79' lang='lat' dir='ltr'>erut,</span> <span class='ocrx_word' id='word_1_40' title='bbox 1407 1100 1475 1165; x_wconf 92' lang='lat' dir='ltr'>pon·</span> <span class='ocrx_word' id='word_1_41' title='bbox 1499 1106 1509 1144; x_wconf 76' lang='lat' dir='ltr'>s</span> 
     </span>
     <span class='ocr_line' id='line_1_7' title="bbox 336 1188 1474 1273; baseline -0.001 -20"><span class='ocrx_word' id='word_1_42' title='bbox 336 1190 414 1255; x_wconf 83' lang='lat' dir='ltr'><strong>tifex</strong></span> <span class='ocrx_word' id='word_1_43' title='bbox 435 1190 539 1254; x_wconf 84' lang='lat' dir='ltr'>factus</span> <span class='ocrx_word' id='word_1_44' title='bbox 564 1191 623 1253; x_wconf 89' lang='lat' dir='ltr'>est.</span> <span class='ocrx_word' id='word_1_45' title='bbox 646 1189 730 1253; x_wconf 88' lang='lat' dir='ltr'>Hinc</span> <span class='ocrx_word' id='word_1_46' title='bbox 753 1190 816 1253; x_wconf 89' lang='lat' dir='ltr'>iam</span> <span class='ocrx_word' id='word_1_47' title='bbox 841 1192 915 1271; x_wconf 88' lang='lat' dir='ltr'>post</span> <span class='ocrx_word' id='word_1_48' title='bbox 942 1208 1040 1254; x_wconf 91' lang='lat' dir='ltr'>annos</span> <span class='ocrx_word' id='word_1_49' title='bbox 1064 1190 1161 1253; x_wconf 84' lang='lat' dir='ltr'>ferme</span> <span class='ocrx_word' id='word_1_50' title='bbox 1185 1188 1419 1273; x_wconf 83' lang='lat' dir='ltr'>quinquaginta.</span> <span class='ocrx_word' id='word_1_51' title='bbox 1445 1190 1474 1252; x_wconf 92' lang='lat' dir='ltr'>in</span> 
     </span>
     <span class='ocr_line' id='line_1_8' title="bbox 337 1296 1475 1381; baseline -0.003 -20"><span class='ocrx_word' id='word_1_52' title='bbox 337 1297 454 1381; x_wconf 90' lang='lat' dir='ltr'>quibus</span> <span class='ocrx_word' id='word_1_53' title='bbox 482 1298 528 1361; x_wconf 92' lang='lat' dir='ltr'>eis</span> <span class='ocrx_word' id='word_1_54' title='bbox 556 1300 662 1361; x_wconf 90' lang='lat' dir='ltr'>tamen</span> <span class='ocrx_word' id='word_1_55' title='bbox 690 1314 748 1379; x_wconf 87' lang='lat' dir='ltr'>pax</span> <span class='ocrx_word' id='word_1_56' title='bbox 775 1314 836 1359; x_wconf 93' lang='lat' dir='ltr'>non</span> <span class='ocrx_word' id='word_1_57' title='bbox 866 1296 937 1374; x_wconf 88' lang='lat' dir='ltr'>fuit,</span> <span class='ocrx_word' id='word_1_58' title='bbox 970 1296 1117 1378; x_wconf 89' lang='lat' dir='ltr'>quemuis</span> <span class='ocrx_word' id='word_1_59' title='bbox 1146 1296 1252 1379; x_wconf 89' lang='lat' dir='ltr'>aliqua</span> <span class='ocrx_word' id='word_1_60' title='bbox 1280 1300 1313 1361; x_wconf 92' lang='lat' dir='ltr'>et</span> <span class='ocrx_word' id='word_1_61' title='bbox 1339 1314 1475 1379; x_wconf 83' lang='lat' dir='ltr'>prospere</span> 
     </span>
     <span class='ocr_line' id='line_1_9' title="bbox 337 1402 1475 1488; baseline -0.004 -19"><span class='ocrx_word' id='word_1_62' title='bbox 337 1403 503 1488; x_wconf 73' lang='lat' dir='ltr'>gesserint,</span> <span class='ocrx_word' id='word_1_63' title='bbox 526 1404 648 1485; x_wconf 89' lang='lat' dir='ltr'>primus</span> <span class='ocrx_word' id='word_1_64' title='bbox 672 1405 750 1486; x_wconf 91' lang='lat' dir='ltr'>aput</span> <span class='ocrx_word' id='word_1_65' title='bbox 773 1422 826 1468; x_wconf 88' lang='lat' dir='ltr'>eos</span> <span class='ocrx_word' id='word_1_66' title='bbox 851 1403 1052 1468; x_wconf 78' lang='lat' dir='ltr'>Aristobolus</span> <span class='ocrx_word' id='word_1_67' title='bbox 1076 1403 1224 1468; x_wconf 87' lang='lat' dir='ltr'>adsumto</span> <span class='ocrx_word' id='word_1_68' title='bbox 1254 1402 1425 1467; x_wconf 84' lang='lat' dir='ltr'>diademate</span> <span class='ocrx_word' id='word_1_69' title='bbox 1449 1406 1475 1465; x_wconf 86' lang='lat' dir='ltr'>et</span> 
     </span>
     <span class='ocr_line' id='line_1_10' title="bbox 337 1509 1474 1594; baseline -0.004 -19"><span class='ocrx_word' id='word_1_70' title='bbox 337 1530 389 1575; x_wconf 87' lang='lat' dir='ltr'>rex</span> <span class='ocrx_word' id='word_1_71' title='bbox 416 1514 447 1575; x_wconf 89' lang='lat' dir='ltr'>et</span> <span class='ocrx_word' id='word_1_72' title='bbox 474 1509 613 1594; x_wconf 76' lang='lat' dir='ltr'>pontifex</span> <span class='ocrx_word' id='word_1_73' title='bbox 640 1511 745 1574; x_wconf 85' lang='lat' dir='ltr'>factus</span> <span class='ocrx_word' id='word_1_74' title='bbox 769 1514 828 1574; x_wconf 87' lang='lat' dir='ltr'>est.</span> <span class='ocrx_word' id='word_1_75' title='bbox 852 1510 955 1575; x_wconf 83' lang='lat' dir='ltr'>Antea</span> <span class='ocrx_word' id='word_1_76' title='bbox 979 1511 1106 1593; x_wconf 82' lang='lat' dir='ltr'>quippe,</span> <span class='ocrx_word' id='word_1_77' title='bbox 1136 1528 1171 1575; x_wconf 88' lang='lat' dir='ltr'>ex</span> <span class='ocrx_word' id='word_1_78' title='bbox 1201 1528 1263 1591; x_wconf 89' lang='lat' dir='ltr'>quo</span> <span class='ocrx_word' id='word_1_79' title='bbox 1289 1509 1327 1574; x_wconf 92' lang='lat' dir='ltr'>de</span> <span class='ocrx_word' id='word_1_80' title='bbox 1350 1509 1474 1592; x_wconf 80' lang='lat' dir='ltr'>Babylo·</span> 
     </span>
     <span class='ocr_line' id='line_1_11' title="bbox 336 1617 1508 1700; baseline -0.003 -19"><span class='ocrx_word' id='word_1_81' title='bbox 336 1618 406 1682; x_wconf 89' lang='lat' dir='ltr'>niae</span> <span class='ocrx_word' id='word_1_82' title='bbox 439 1617 626 1699; x_wconf 86' lang='lat' dir='ltr'>captiuitate</span> <span class='ocrx_word' id='word_1_83' title='bbox 656 1617 776 1680; x_wconf 90' lang='lat' dir='ltr'>reuersi</span> <span class='ocrx_word' id='word_1_84' title='bbox 814 1620 889 1681; x_wconf 89' lang='lat' dir='ltr'>sunt</span> <span class='ocrx_word' id='word_1_85' title='bbox 920 1619 1138 1700; x_wconf 88' lang='lat' dir='ltr'>templumque</span> <span class='ocrx_word' id='word_1_86' title='bbox 1175 1617 1385 1681; x_wconf 84' lang='lat' dir='ltr'>instauratum</span> <span class='ocrx_word' id='word_1_87' title='bbox 1422 1618 1473 1691; x_wconf 81' lang='lat' dir='ltr'>est,</span> <span class='ocrx_word' id='word_1_88' title='bbox 1490 1639 1508 1677; x_wconf 88' lang='lat' dir='ltr'>o</span> 
     </span>
     <span class='ocr_line' id='line_1_12' title="bbox 336 1722 1475 1808; baseline -0.004 -21"><span class='ocrx_word' id='word_1_89' title='bbox 336 1743 398 1789; x_wconf 93' lang='lat' dir='ltr'>non</span> <span class='ocrx_word' id='word_1_90' title='bbox 430 1742 531 1808; x_wconf 83' lang='lat' dir='ltr'>reges,</span> <span class='ocrx_word' id='word_1_91' title='bbox 564 1722 622 1788; x_wconf 88' lang='lat' dir='ltr'>sed</span> <span class='ocrx_word' id='word_1_92' title='bbox 654 1722 750 1788; x_wconf 86' lang='lat' dir='ltr'>duces</span> <span class='ocrx_word' id='word_1_93' title='bbox 783 1725 836 1787; x_wconf 93' lang='lat' dir='ltr'>uel</span> <span class='ocrx_word' id='word_1_94' title='bbox 868 1723 1025 1807; x_wconf 85' lang='lat' dir='ltr'>principes</span> <span class='ocrx_word' id='word_1_95' title='bbox 1055 1723 1246 1797; x_wconf 62' lang='lat' dir='ltr'>habuerunt</span> <span class='ocrx_word' id='word_1_96' title='bbox 1278 1724 1421 1806; x_wconf 89' lang='lat' dir='ltr'>quamuis</span> <span class='ocrx_word' id='word_1_97' title='bbox 1448 1727 1475 1785; x_wconf 88' lang='lat' dir='ltr'>et</span> 
     </span>
     <span class='ocr_line' id='line_1_13' title="bbox 338 1828 1474 1913; baseline -0.003 -19"><span class='ocrx_word' id='word_1_98' title='bbox 338 1830 392 1912; x_wconf 92' lang='lat' dir='ltr'>qui</span> <span class='ocrx_word' id='word_1_99' title='bbox 424 1850 476 1895; x_wconf 89' lang='lat' dir='ltr'>rex</span> <span class='ocrx_word' id='word_1_100' title='bbox 508 1835 559 1895; x_wconf 88' lang='lat' dir='ltr'>est</span> <span class='ocrx_word' id='word_1_101' title='bbox 590 1828 694 1913; x_wconf 89' lang='lat' dir='ltr'>possit</span> <span class='ocrx_word' id='word_1_102' title='bbox 726 1829 788 1893; x_wconf 91' lang='lat' dir='ltr'>dici</span> <span class='ocrx_word' id='word_1_103' title='bbox 819 1829 964 1912; x_wconf 89' lang='lat' dir='ltr'>princeps</span> <span class='ocrx_word' id='word_1_104' title='bbox 997 1849 1015 1893; x_wconf 89' lang='lat' dir='ltr'>a</span> <span class='ocrx_word' id='word_1_105' title='bbox 1042 1830 1222 1912; x_wconf 89' lang='lat' dir='ltr'>principatu</span> <span class='ocrx_word' id='word_1_106' title='bbox 1250 1828 1422 1912; x_wconf 87' lang='lat' dir='ltr'>imperandi</span> <span class='ocrx_word' id='word_1_107' title='bbox 1448 1834 1474 1891; x_wconf 87' lang='lat' dir='ltr'>et</span> 
     </span>
     <span class='ocr_line' id='line_1_14' title="bbox 338 1935 1474 2019; baseline -0.001 -19"><span class='ocrx_word' id='word_1_108' title='bbox 338 1937 399 2002; x_wconf 87' lang='lat' dir='ltr'>dux</span> <span class='ocrx_word' id='word_1_109' title='bbox 418 1956 465 2011; x_wconf 82' lang='lat' dir='ltr'>ao,</span> <span class='ocrx_word' id='word_1_110' title='bbox 485 1937 570 2019; x_wconf 89' lang='lat' dir='ltr'>quod</span> <span class='ocrx_word' id='word_1_111' title='bbox 592 1938 636 2001; x_wconf 87' lang='lat' dir='ltr'>sit</span> <span class='ocrx_word' id='word_1_112' title='bbox 659 1936 771 2001; x_wconf 90' lang='lat' dir='ltr'>ductor</span> <span class='ocrx_word' id='word_1_113' title='bbox 795 1937 964 2013; x_wconf 68' lang='lat' dir='ltr'>exercitum</span> <span class='ocrx_word' id='word_1_114' title='bbox 991 1937 1047 2001; x_wconf 90' lang='lat' dir='ltr'>sed</span> <span class='ocrx_word' id='word_1_115' title='bbox 1071 1956 1132 2003; x_wconf 93' lang='lat' dir='ltr'>non</span> <span class='ocrx_word' id='word_1_116' title='bbox 1156 1937 1317 2015; x_wconf 88' lang='lat' dir='ltr'>continuo,</span> <span class='ocrx_word' id='word_1_117' title='bbox 1341 1935 1474 2018; x_wconf 90' lang='lat' dir='ltr'>quicum·</span> 
     </span>
     <span class='ocr_line' id='line_1_15' title="bbox 338 2040 1473 2135; baseline -0.004 -27"><span class='ocrx_word' id='word_1_118' title='bbox 338 2062 399 2126; x_wconf 87' lang='lat' dir='ltr'>que</span> <span class='ocrx_word' id='word_1_119' title='bbox 422 2042 581 2126; x_wconf 85' lang='lat' dir='ltr'>principes</span> <span class='ocrx_word' id='word_1_120' title='bbox 605 2043 658 2106; x_wconf 92' lang='lat' dir='ltr'>uel</span> <span class='ocrx_word' id='word_1_121' title='bbox 682 2042 780 2106; x_wconf 87' lang='lat' dir='ltr'>duces</span> <span class='ocrx_word' id='word_1_122' title='bbox 805 2044 890 2119; x_wconf 81' lang='lat' dir='ltr'>sunt,</span> <span class='ocrx_word' id='word_1_123' title='bbox 915 2044 1010 2107; x_wconf 86' lang='lat' dir='ltr'>etiam</span> <span class='ocrx_word' id='word_1_124' title='bbox 1035 2061 1127 2127; x_wconf 88' lang='lat' dir='ltr'>reges</span> <span class='ocrx_word' id='word_1_125' title='bbox 1148 2042 1210 2107; x_wconf 91' lang='lat' dir='ltr'>dici</span> <span class='ocrx_word' id='word_1_126' title='bbox 1229 2047 1374 2126; x_wconf 85' lang='lat' dir='ltr'>possunt,</span> <span class='ocrx_word' id='word_1_127' title='bbox 1398 2040 1473 2135; x_wconf 87' lang='lat' dir='ltr'>quod</span> 
     </span>
     <span class='ocr_line' id='line_1_16' title="bbox 337 2148 1507 2231; baseline -0.003 -18"><span class='ocrx_word' id='word_1_128' title='bbox 337 2152 398 2215; x_wconf 90' lang='lat' dir='ltr'>iste</span> <span class='ocrx_word' id='word_1_129' title='bbox 420 2149 623 2214; x_wconf 80' lang='lat' dir='ltr'>Aristobolus</span> <span class='ocrx_word' id='word_1_130' title='bbox 646 2149 719 2215; x_wconf 88' lang='lat' dir='ltr'>fuit.</span> <span class='ocrx_word' id='word_1_131' title='bbox 744 2148 804 2214; x_wconf 86' lang='lat' dir='ltr'>Cui</span> <span class='ocrx_word' id='word_1_132' title='bbox 828 2149 985 2214; x_wconf 87' lang='lat' dir='ltr'>successit</span> <span class='ocrx_word' id='word_1_133' title='bbox 1006 2148 1192 2221; x_wconf 77' lang='lat' dir='ltr'>Alexander,</span> <span class='ocrx_word' id='word_1_134' title='bbox 1221 2150 1316 2214; x_wconf 88' lang='lat' dir='ltr'>etiam</span> <span class='ocrx_word' id='word_1_135' title='bbox 1341 2150 1407 2231; x_wconf 88' lang='lat' dir='ltr'>ipse</span> <span class='ocrx_word' id='word_1_136' title='bbox 1428 2166 1474 2211; x_wconf 83' lang='lat' dir='ltr'>rex</span> <span class='ocrx_word' id='word_1_137' title='bbox 1489 2166 1507 2203; x_wconf 78' lang='lat' dir='ltr'>a</span> 
     </span>
     <span class='ocr_line' id='line_1_17' title="bbox 337 2254 1474 2340; baseline -0.004 -19"><span class='ocrx_word' id='word_1_138' title='bbox 337 2262 369 2323; x_wconf 90' lang='lat' dir='ltr'>et</span> <span class='ocrx_word' id='word_1_139' title='bbox 405 2256 554 2339; x_wconf 85' lang='lat' dir='ltr'>pontifex,</span> <span class='ocrx_word' id='word_1_140' title='bbox 592 2256 646 2339; x_wconf 93' lang='lat' dir='ltr'>qui</span> <span class='ocrx_word' id='word_1_141' title='bbox 684 2255 854 2319; x_wconf 88' lang='lat' dir='ltr'>crudeliter</span> <span class='ocrx_word' id='word_1_142' title='bbox 883 2256 916 2320; x_wconf 93' lang='lat' dir='ltr'>in</span> <span class='ocrx_word' id='word_1_143' title='bbox 949 2275 1024 2321; x_wconf 90' lang='lat' dir='ltr'>suos</span> <span class='ocrx_word' id='word_1_144' title='bbox 1052 2274 1201 2340; x_wconf 77' lang='lat' dir='ltr'>regnasse</span> <span class='ocrx_word' id='word_1_145' title='bbox 1234 2254 1378 2320; x_wconf 86' lang='lat' dir='ltr'>traditur.</span> <span class='ocrx_word' id='word_1_146' title='bbox 1405 2254 1474 2318; x_wconf 86' lang='lat' dir='ltr'>Post</span> 
     </span>
     <span class='ocr_line' id='line_1_18' title="bbox 337 2360 1473 2447; baseline -0.004 -20"><span class='ocrx_word' id='word_1_147' title='bbox 337 2363 420 2427; x_wconf 90' lang='lat' dir='ltr'>hunc</span> <span class='ocrx_word' id='word_1_148' title='bbox 452 2382 530 2427; x_wconf 89' lang='lat' dir='ltr'>uxor</span> <span class='ocrx_word' id='word_1_149' title='bbox 561 2363 630 2427; x_wconf 89' lang='lat' dir='ltr'>eius</span> <span class='ocrx_word' id='word_1_150' title='bbox 664 2363 838 2427; x_wconf 80' lang='lat' dir='ltr'>Alexandra</span> <span class='ocrx_word' id='word_1_151' title='bbox 870 2364 978 2447; x_wconf 83' lang='lat' dir='ltr'>regina</span> <span class='ocrx_word' id='word_1_152' title='bbox 1004 2363 1193 2428; x_wconf 88' lang='lat' dir='ltr'>Iudaeorum</span> <span class='ocrx_word' id='word_1_153' title='bbox 1223 2363 1294 2441; x_wconf 83' lang='lat' dir='ltr'>fuit,</span> <span class='ocrx_word' id='word_1_154' title='bbox 1328 2382 1363 2427; x_wconf 88' lang='lat' dir='ltr'>ex</span> <span class='ocrx_word' id='word_1_155' title='bbox 1391 2360 1473 2426; x_wconf 90' lang='lat' dir='ltr'>cuius</span> 
     </span>
     <span class='ocr_line' id='line_1_19' title="bbox 337 2468 1473 2554; baseline -0.004 -21"><span class='ocrx_word' id='word_1_156' title='bbox 337 2474 478 2552; x_wconf 85' lang='lat' dir='ltr'>ternpore</span> <span class='ocrx_word' id='word_1_157' title='bbox 503 2470 651 2552; x_wconf 88' lang='lat' dir='ltr'>deinceps</span> <span class='ocrx_word' id='word_1_158' title='bbox 674 2470 759 2534; x_wconf 89' lang='lat' dir='ltr'>mala</span> <span class='ocrx_word' id='word_1_159' title='bbox 781 2474 858 2534; x_wconf 88' lang='lat' dir='ltr'>suut</span> <span class='ocrx_word' id='word_1_160' title='bbox 881 2490 934 2535; x_wconf 92' lang='lat' dir='ltr'>eos</span> <span class='ocrx_word' id='word_1_161' title='bbox 959 2474 1069 2535; x_wconf 87' lang='lat' dir='ltr'>secuta</span> <span class='ocrx_word' id='word_1_162' title='bbox 1092 2469 1249 2554; x_wconf 81' lang='lat' dir='ltr'>grauiora.</span> <span class='ocrx_word' id='word_1_163' title='bbox 1273 2470 1348 2534; x_wconf 78' lang='lat' dir='ltr'>Filii</span> <span class='ocrx_word' id='word_1_164' title='bbox 1366 2468 1473 2552; x_wconf 86' lang='lat' dir='ltr'>quippe</span> 
     </span>
     <span class='ocr_line' id='line_1_20' title="bbox 337 2573 1559 2667; baseline -0.002 -29"><span class='ocrx_word' id='word_1_165' title='bbox 337 2575 432 2639; x_wconf 92' lang='lat' dir='ltr'>huius</span> <span class='ocrx_word' id='word_1_166' title='bbox 455 2576 648 2639; x_wconf 79' lang='lat' dir='ltr'>Alexandros</span> <span class='ocrx_word' id='word_1_167' title='bbox 671 2576 874 2641; x_wconf 83' lang='lat' dir='ltr'>Aristobolus</span> <span class='ocrx_word' id='word_1_168' title='bbox 900 2578 932 2639; x_wconf 88' lang='lat' dir='ltr'>et</span> <span class='ocrx_word' id='word_1_169' title='bbox 953 2576 1121 2659; x_wconf 84' lang='lat' dir='ltr'>Hyrcanus</span> <span class='ocrx_word' id='word_1_170' title='bbox 1139 2576 1221 2639; x_wconf 90' lang='lat' dir='ltr'>inter</span> <span class='ocrx_word' id='word_1_171' title='bbox 1240 2594 1274 2641; x_wconf 91' lang='lat' dir='ltr'>se</span> <span class='ocrx_word' id='word_1_172' title='bbox 1294 2575 1332 2639; x_wconf 92' lang='lat' dir='ltr'>de</span> <span class='ocrx_word' id='word_1_173' title='bbox 1351 2573 1472 2660; x_wconf 87' lang='lat' dir='ltr'>imperio</span> <span class='ocrx_word' id='word_1_174' title='bbox 1558 2620 1559 2667; x_wconf 54' lang='lat'>3</span> 
     </span>
     <span class='ocr_line' id='line_1_21' title="bbox 337 2682 1507 2765; baseline -0.005 -20"><span class='ocrx_word' id='word_1_175' title='bbox 337 2682 524 2746; x_wconf 79' lang='lat' dir='ltr'>dimicantes</span> <span class='ocrx_word' id='word_1_176' title='bbox 559 2682 645 2746; x_wconf 90' lang='lat' dir='ltr'>uires</span> <span class='ocrx_word' id='word_1_177' title='bbox 684 2682 838 2746; x_wconf 89' lang='lat' dir='ltr'>aduersus</span> <span class='ocrx_word' id='word_1_178' title='bbox 870 2682 1078 2746; x_wconf 87' lang='lat' dir='ltr'>israeliticam</span> <span class='ocrx_word' id='word_1_179' title='bbox 1111 2686 1239 2765; x_wconf 82' lang='lat' dir='ltr'>gentem</span> <span class='ocrx_word' id='word_1_180' title='bbox 1271 2698 1507 2765; x_wconf 79' lang='lat' dir='ltr'>prouocauerea</span> 
     </span>
     <span class='ocr_line' id='line_1_22' title="bbox 337 2786 1474 2871; baseline -0.004 -19"><span class='ocrx_word' id='word_1_181' title='bbox 337 2788 505 2852; x_wconf 88' lang='lat' dir='ltr'>Romanas.</span> <span class='ocrx_word' id='word_1_182' title='bbox 538 2789 704 2870; x_wconf 85' lang='lat' dir='ltr'>Hyrcanus</span> <span class='ocrx_word' id='word_1_183' title='bbox 737 2807 874 2871; x_wconf 91' lang='lat' dir='ltr'>namque</span> <span class='ocrx_word' id='word_1_184' title='bbox 907 2788 944 2853; x_wconf 90' lang='lat' dir='ltr'>ab</span> <span class='ocrx_word' id='word_1_185' title='bbox 979 2789 1025 2852; x_wconf 90' lang='lat' dir='ltr'>eis</span> <span class='ocrx_word' id='word_1_186' title='bbox 1054 2794 1163 2852; x_wconf 88' lang='lat' dir='ltr'>contra</span> <span class='ocrx_word' id='word_1_187' title='bbox 1184 2789 1314 2852; x_wconf 88' lang='lat' dir='ltr'>fratrem</span> <span class='ocrx_word' id='word_1_188' title='bbox 1338 2786 1474 2870; x_wconf 84' lang='lat' dir='ltr'>poposcit</span> 
     </span>
     <span class='ocr_line' id='line_1_23' title="bbox 338 2894 1475 2979; baseline -0.002 -22"><span class='ocrx_word' id='word_1_189' title='bbox 338 2894 500 2961; x_wconf 90' lang='lat' dir='ltr'>auxilium.</span> <span class='ocrx_word' id='word_1_190' title='bbox 524 2895 612 2959; x_wconf 88' lang='lat' dir='ltr'>Tunc</span> <span class='ocrx_word' id='word_1_191' title='bbox 634 2895 697 2959; x_wconf 85' lang='lat' dir='ltr'>iarn</span> <span class='ocrx_word' id='word_1_192' title='bbox 719 2896 821 2962; x_wconf 88' lang='lat' dir='ltr'>Roma</span> <span class='ocrx_word' id='word_1_193' title='bbox 841 2896 1068 2979; x_wconf 86' lang='lat' dir='ltr'>subiugauerat</span> <span class='ocrx_word' id='word_1_194' title='bbox 1085 2896 1235 2973; x_wconf 75' lang='lat' dir='ltr'>Africam,</span> <span class='ocrx_word' id='word_1_195' title='bbox 1256 2895 1475 2979; x_wconf 84' lang='lat' dir='ltr'>subiugauerat</span> 
     </span>
     <span class='ocr_line' id='line_1_24' title="bbox 339 2999 1473 3084; baseline -0.002 -19"><span class='ocrx_word' id='word_1_196' title='bbox 339 2999 503 3065; x_wconf 85' lang='lat' dir='ltr'>Graeciam</span> <span class='ocrx_word' id='word_1_197' title='bbox 522 3001 648 3083; x_wconf 87' lang='lat' dir='ltr'>lateque</span> <span class='ocrx_word' id='word_1_198' title='bbox 668 3002 763 3067; x_wconf 89' lang='lat' dir='ltr'>etiarn</span> <span class='ocrx_word' id='word_1_199' title='bbox 783 3003 855 3068; x_wconf 89' lang='lat' dir='ltr'>aliis</span> <span class='ocrx_word' id='word_1_200' title='bbox 876 3002 959 3067; x_wconf 89' lang='lat' dir='ltr'>orbis</span> <span class='ocrx_word' id='word_1_201' title='bbox 978 3002 1121 3084; x_wconf 87' lang='lat' dir='ltr'>partibus</span> <span class='ocrx_word' id='word_1_202' title='bbox 1136 3002 1306 3084; x_wconf 89' lang='lat' dir='ltr'>imperans,</span> <span class='ocrx_word' id='word_1_203' title='bbox 1320 3006 1473 3083; x_wconf 72' lang='lat' dir='ltr'>mmquaru</span> 
     </span>
     <span class='ocr_line' id='line_1_25' title="bbox 338 3105 1474 3192; baseline 0 -24"><span class='ocrx_word' id='word_1_204' title='bbox 338 3105 493 3188; x_wconf 86' lang='lat' dir='ltr'>seipsam</span> <span class='ocrx_word' id='word_1_205' title='bbox 516 3126 577 3171; x_wconf 93' lang='lat' dir='ltr'>non</span> <span class='ocrx_word' id='word_1_206' title='bbox 601 3108 711 3172; x_wconf 82' lang='lat' dir='ltr'>rualene</span> <span class='ocrx_word' id='word_1_207' title='bbox 734 3108 825 3186; x_wconf 82' lang='lat' dir='ltr'>ferre,</span> <span class='ocrx_word' id='word_1_208' title='bbox 850 3128 908 3174; x_wconf 89' lang='lat' dir='ltr'>sua</span> <span class='ocrx_word' id='word_1_209' title='bbox 928 3128 962 3174; x_wconf 92' lang='lat' dir='ltr'>se</span> <span class='ocrx_word' id='word_1_210' title='bbox 986 3108 1122 3191; x_wconf 89' lang='lat' dir='ltr'>quodam</span> <span class='ocrx_word' id='word_1_211' title='bbox 1145 3108 1241 3173; x_wconf 91' lang='lat' dir='ltr'>modo</span> <span class='ocrx_word' id='word_1_212' title='bbox 1265 3106 1474 3192; x_wconf 86' lang='lat' dir='ltr'>magnitudine</span> 
     </span>
     <span class='ocr_line' id='line_1_26' title="bbox 336 3213 1508 3299; baseline -0.002 -24"><span class='ocrx_word' id='word_1_213' title='bbox 336 3213 483 3295; x_wconf 83' lang='lat' dir='ltr'>fregerat.</span> <span class='ocrx_word' id='word_1_214' title='bbox 515 3213 707 3278; x_wconf 87' lang='lat' dir='ltr'>Perueuerat</span> <span class='ocrx_word' id='word_1_215' title='bbox 738 3215 854 3298; x_wconf 87' lang='lat' dir='ltr'>quippe</span> <span class='ocrx_word' id='word_1_216' title='bbox 883 3214 922 3279; x_wconf 86' lang='lat' dir='ltr'>ad</span> <span class='ocrx_word' id='word_1_217' title='bbox 950 3215 1120 3280; x_wconf 88' lang='lat' dir='ltr'>seditiones</span> <span class='ocrx_word' id='word_1_218' title='bbox 1152 3214 1345 3279; x_wconf 87' lang='lat' dir='ltr'>domesticas</span> <span class='ocrx_word' id='word_1_219' title='bbox 1369 3229 1508 3299; x_wconf 76' lang='lat' dir='ltr'>grauesa</span> 
     </span>
     <span class='ocr_line' id='line_1_27' title="bbox 337 3319 1475 3405; baseline -0.002 -23"><span class='ocrx_word' id='word_1_220' title='bbox 337 3319 439 3400; x_wconf 88' lang='lat' dir='ltr'>adque</span> <span class='ocrx_word' id='word_1_221' title='bbox 471 3319 544 3383; x_wconf 90' lang='lat' dir='ltr'>inde</span> <span class='ocrx_word' id='word_1_222' title='bbox 577 3320 616 3386; x_wconf 88' lang='lat' dir='ltr'>ad</span> <span class='ocrx_word' id='word_1_223' title='bbox 647 3320 730 3385; x_wconf 85' lang='lat' dir='ltr'>bella</span> <span class='ocrx_word' id='word_1_224' title='bbox 762 3322 893 3386; x_wconf 87' lang='lat' dir='ltr'>socialia</span> <span class='ocrx_word' id='word_1_225' title='bbox 924 3340 1059 3404; x_wconf 87' lang='lat' dir='ltr'>moxque</span> <span class='ocrx_word' id='word_1_226' title='bbox 1087 3322 1204 3400; x_wconf 82' lang='lat' dir='ltr'>ciuilia,</span> <span class='ocrx_word' id='word_1_227' title='bbox 1233 3326 1421 3405; x_wconf 87' lang='lat' dir='ltr'>tantumque</span> <span class='ocrx_word' id='word_1_228' title='bbox 1446 3338 1475 3383; x_wconf 91' lang='lat' dir='ltr'>se</span> 
     </span>
     <span class='ocr_line' id='line_1_28' title="bbox 337 3424 1474 3511; baseline 0 -23"><span class='ocrx_word' id='word_1_229' title='bbox 337 3424 565 3490; x_wconf 87' lang='lat' dir='ltr'>comminuerat</span> <span class='ocrx_word' id='word_1_230' title='bbox 588 3429 620 3490; x_wconf 91' lang='lat' dir='ltr'>et</span> <span class='ocrx_word' id='word_1_231' title='bbox 642 3427 826 3505; x_wconf 75' lang='lat' dir='ltr'>adiuuaret,</span> <span class='ocrx_word' id='word_1_232' title='bbox 845 3432 883 3492; x_wconf 91' lang='lat' dir='ltr'>ut</span> <span class='ocrx_word' id='word_1_233' title='bbox 901 3427 929 3492; x_wconf 91' lang='lat' dir='ltr'>ei</span> <span class='ocrx_word' id='word_1_234' title='bbox 949 3428 1120 3492; x_wconf 89' lang='lat' dir='ltr'>mutandus</span> <span class='ocrx_word' id='word_1_235' title='bbox 1139 3428 1184 3491; x_wconf 92' lang='lat' dir='ltr'>rei</span> <span class='ocrx_word' id='word_1_236' title='bbox 1202 3428 1349 3511; x_wconf 87' lang='lat' dir='ltr'>publicae</span> <span class='ocrx_word' id='word_1_237' title='bbox 1367 3430 1474 3491; x_wconf 83' lang='lat' dir='ltr'>status.</span> 
     </span>
     <span class='ocr_line' id='line_1_29' title="bbox 337 3520 1556 3619; baseline -0.002 -23"><span class='ocrx_word' id='word_1_238' title='bbox 337 3551 399 3613; x_wconf 88' lang='lat' dir='ltr'>quo</span> <span class='ocrx_word' id='word_1_239' title='bbox 437 3538 597 3616; x_wconf 84' lang='lat' dir='ltr'>regeretur</span> <span class='ocrx_word' id='word_1_240' title='bbox 632 3534 772 3617; x_wconf 84' lang='lat' dir='ltr'>regibus,</span> <span class='ocrx_word' id='word_1_241' title='bbox 814 3534 990 3599; x_wconf 88' lang='lat' dir='ltr'>inmineret.</span> <span class='ocrx_word' id='word_1_242' title='bbox 1031 3534 1203 3617; x_wconf 89' lang='lat' dir='ltr'>Pompeius</span> <span class='ocrx_word' id='word_1_243' title='bbox 1246 3554 1336 3619; x_wconf 84' lang='lat' dir='ltr'>ergo,</span> <span class='ocrx_word' id='word_1_244' title='bbox 1372 3532 1473 3617; x_wconf 90' lang='lat' dir='ltr'>populi</span> <span class='ocrx_word' id='word_1_245' title='bbox 1502 3538 1505 3545; x_wconf 83' lang='lat'>&#39;</span> <span class='ocrx_word' id='word_1_246' title='bbox 1555 3520 1556 3557; x_wconf 64' lang='lat' dir='ltr'>r</span> 
     </span>
     <span class='ocr_line' id='line_1_30' title="bbox 336 3638 1475 3724; baseline 0 -22"><span class='ocrx_word' id='word_1_247' title='bbox 336 3639 471 3703; x_wconf 81' lang='lat' dir='ltr'>iiomani</span> <span class='ocrx_word' id='word_1_248' title='bbox 501 3640 774 3721; x_wconf 88' lang='lat' dir='ltr'>praeclarissimus</span> <span class='ocrx_word' id='word_1_249' title='bbox 803 3641 960 3724; x_wconf 84' lang='lat' dir='ltr'>princeps,</span> <span class='ocrx_word' id='word_1_250' title='bbox 993 3641 1142 3706; x_wconf 87' lang='lat' dir='ltr'>Iudaeam</span> <span class='ocrx_word' id='word_1_251' title='bbox 1172 3660 1244 3705; x_wconf 88' lang='lat' dir='ltr'>cum</span> <span class='ocrx_word' id='word_1_252' title='bbox 1274 3642 1410 3707; x_wconf 87' lang='lat' dir='ltr'>exercitu</span> <span class='ocrx_word' id='word_1_253' title='bbox 1436 3638 1475 3703; x_wconf 87' lang='lat' dir='ltr'>in·</span> 
     </span>
     <span class='ocr_line' id='line_1_31' title="bbox 338 3745 1509 3830; baseline 0.001 -22"><span class='ocrx_word' id='word_1_254' title='bbox 338 3763 467 3829; x_wconf 81' lang='lat' dir='ltr'>gressus</span> <span class='ocrx_word' id='word_1_255' title='bbox 491 3745 655 3809; x_wconf 88' lang='lat' dir='ltr'>ciuitatem</span> <span class='ocrx_word' id='word_1_256' title='bbox 679 3748 773 3830; x_wconf 82' lang='lat' dir='ltr'>capit.</span> <span class='ocrx_word' id='word_1_257' title='bbox 801 3748 958 3829; x_wconf 91' lang='lat' dir='ltr'>templum</span> <span class='ocrx_word' id='word_1_258' title='bbox 980 3750 1110 3826; x_wconf 87' lang='lat' dir='ltr'>reserat,</span> <span class='ocrx_word' id='word_1_259' title='bbox 1133 3766 1193 3811; x_wconf 91' lang='lat' dir='ltr'>non</span> <span class='ocrx_word' id='word_1_260' title='bbox 1217 3746 1387 3813; x_wconf 90' lang='lat' dir='ltr'>deuotione</span> <span class='ocrx_word' id='word_1_261' title='bbox 1410 3762 1509 3826; x_wconf 70' lang='lat' dir='ltr'>sup-⁴⁰</span> 
     </span>
    </p>
   </div>
   <div class='ocr_carea' id='block_1_3' title="bbox 336 4007 1474 4431">
    <p class='ocr_par' dir='ltr' id='par_1_4' title="bbox 336 4007 1474 4431">
     <span class='ocr_line' id='line_1_32' title="bbox 371 4007 1474 4078; baseline -0.001 -19"><span class='ocrx_word' id='word_1_262' title='bbox 371 4007 471 4075; x_wconf 82' lang='lat' dir='ltr'>4post</span> <span class='ocrx_word' id='word_1_263' title='bbox 490 4007 605 4060; x_wconf 89' lang='lat' dir='ltr'>multum</span> <span class='ocrx_word' id='word_1_264' title='bbox 626 4024 670 4075; x_wconf 82' lang='lat' dir='ltr'>ap</span> <span class='ocrx_word' id='word_1_265' title='bbox 743 4007 856 4061; x_wconf 85' lang='lat' dir='ltr'>alcimus</span> <span class='ocrx_word' id='word_1_266' title='bbox 872 4025 904 4077; x_wconf 78' lang='lat' dir='ltr'>p;</span> <span class='ocrx_word' id='word_1_267' title='bbox 924 4008 1055 4062; x_wconf 86' lang='lat' dir='ltr'>alchimus</span> <span class='ocrx_word' id='word_1_268' title='bbox 1076 4007 1223 4078; x_wconf 75' lang='lat' dir='ltr'>obeppa</span> <span class='ocrx_word' id='word_1_269' title='bbox 1277 4012 1394 4065; x_wconf 67' lang='lat' dir='ltr'>basset.</span> <span class='ocrx_word' id='word_1_270' title='bbox 1413 4008 1474 4061; x_wconf 66' lang='grc' dir='ltr'><em>Μ</em></span> 
     </span>
     <span class='ocr_line' id='line_1_33' title="bbox 336 4096 1472 4167; baseline 0.001 -20"><span class='ocrx_word' id='word_1_271' title='bbox 336 4096 522 4163; x_wconf 74' lang='lat' dir='ltr'>mperacrr&#39;ptc</span> <span class='ocrx_word' id='word_1_272' title='bbox 541 4112 637 4163; x_wconf 69' lang='lat' dir='ltr'>none</span> <span class='ocrx_word' id='word_1_273' title='bbox 708 4096 812 4150; x_wconf 83' lang='lat' dir='ltr'>alienus</span> <span class='ocrx_word' id='word_1_274' title='bbox 831 4112 916 4151; x_wconf 85' lang='lat' dir='ltr'>om.e</span> <span class='ocrx_word' id='word_1_275' title='bbox 965 4098 1116 4153; x_wconf 76' lang='lat' dir='ltr'>detincre</span> <span class='ocrx_word' id='word_1_276' title='bbox 1163 4098 1193 4149; x_wconf 93' lang='lat' dir='ltr'>ll</span> <span class='ocrx_word' id='word_1_277' title='bbox 1215 4097 1271 4167; x_wconf 90' lang='lat' dir='ltr'>uel]</span> <span class='ocrx_word' id='word_1_278' title='bbox 1292 4102 1328 4161; x_wconf 73' lang='lat' dir='ltr'>et,</span> <span class='ocrx_word' id='word_1_279' title='bbox 1346 4096 1379 4151; x_wconf 74' lang='lat' dir='ltr'>in</span> <span class='ocrx_word' id='word_1_280' title='bbox 1397 4110 1472 4163; x_wconf 65' lang='lat' dir='ltr'>morra.</span> 
     </span>
     <span class='ocr_line' id='line_1_34' title="bbox 337 4183 1474 4257; baseline 0 -22"><span class='ocrx_word' id='word_1_281' title='bbox 337 4183 427 4251; x_wconf 86' lang='lat' dir='ltr'>uel,p</span> <span class='ocrx_word' id='word_1_282' title='bbox 500 4185 624 4252; x_wconf 85' lang='lat' dir='ltr'>quamuis</span> <span class='ocrx_word' id='word_1_283' title='bbox 644 4186 715 4238; x_wconf 89' lang='lat' dir='ltr'>enirn</span> <span class='ocrx_word' id='word_1_284' title='bbox 734 4202 748 4239; x_wconf 81' lang='lat' dir='ltr'>e</span> <span class='ocrx_word' id='word_1_285' title='bbox 838 4186 872 4239; x_wconf 90' lang='lat'>18</span> <span class='ocrx_word' id='word_1_286' title='bbox 891 4186 1018 4255; x_wconf 83' lang='lat' dir='ltr'>deinceps</span> <span class='ocrx_word' id='word_1_287' title='bbox 1039 4186 1203 4257; x_wconf 53' lang='lat' dir='ltr'>ubeppfi</span> <span class='ocrx_word' id='word_1_288' title='bbox 1221 4190 1250 4239; x_wconf 88' lang='lat' dir='ltr'>et</span> <span class='ocrx_word' id='word_1_289' title='bbox 1268 4185 1397 4255; x_wconf 80' lang='lat' dir='ltr'>deinceps</span> <span class='ocrx_word' id='word_1_290' title='bbox 1412 4200 1474 4254; x_wconf 77' lang='lat' dir='ltr'>por</span> 
     </span>
     <span class='ocr_line' id='line_1_35' title="bbox 337 4270 1472 4345; baseline 0.001 -21"><span class='ocrx_word' id='word_1_291' title='bbox 337 4270 568 4327; x_wconf 80' lang='lat' dir='ltr'>20aduersume</span> <span class='ocrx_word' id='word_1_292' title='bbox 656 4274 796 4344; x_wconf 79' lang='lat' dir='ltr'>24ipram</span> <span class='ocrx_word' id='word_1_293' title='bbox 817 4274 1266 4345; x_wconf 66' lang='lat' dir='ltr'>obeppfmipsapoDomb.</span> <span class='ocrx_word' id='word_1_294' title='bbox 1338 4274 1472 4328; x_wconf 83' lang='lat' dir='ltr'>serrenou</span> 
     </span>
     <span class='ocr_line' id='line_1_36' title="bbox 337 4360 749 4431; baseline 0.012 -19"><span class='ocrx_word' id='word_1_295' title='bbox 337 4360 466 4415; x_wconf 85' lang='lat' dir='ltr'>ualensv</span> <span class='ocrx_word' id='word_1_296' title='bbox 520 4361 553 4414; x_wconf 81' lang='lat'>27</span> <span class='ocrx_word' id='word_1_297' title='bbox 573 4362 613 4431; x_wconf 86' lang='lat' dir='ltr'>et]</span> <span class='ocrx_word' id='word_1_298' title='bbox 633 4365 749 4431; x_wconf 83' lang='lat' dir='ltr'>atqueu</span> 
     </span>
    </p>
   </div>
   <div class='ocr_carea' id='block_1_4' title="bbox 0 0 1600 4959">
    <p class='ocr_par' dir='ltr' id='par_1_5' title="bbox 0 0 1600 4959">
     <span class='ocr_line' id='line_1_37' title="bbox 0 0 1600 4959; baseline 0 0"><span class='ocrx_word' id='word_1_299' title='bbox 0 0 1600 4959; x_wconf 95' lang='lat' dir='ltr'> </span> 
     </span>
    </p>
   </div>
  </div>
 </body>
</html>
