3192 4959
330 434 395 496 322
587 447 590 452 ’
678 431 705 485 S.
734 429 891 483 Aurelii
919 430 1133 499 Augustini

329 626 462 707 loquens
495 625 533 689 de
560 625 746 689 remissione
774 626 977 707 peccatorum
1010 642 1066 704 per
1093 623 1161 687 eius
1190 622 1390 706 sangninem:
1416 622 1461 685 Tu

330 752 501 815 quoque,
525 730 639 813 iuquit,
662 732 702 794 in
726 730 922 813 sanguine
947 730 1189 795 testamenti
1213 728 1272 793 tui
1293 730 1461 793 emisisti
1560 720 1561 737 ³

329 838 494 903 uinctos
528 839 620 900 tuos
653 836 698 899 dc
730 838 832 913 lacu,
865 835 904 898 iu
937 854 1011 918 quo
1047 854 1120 900 non
1153 840 1214 899 est
1249 854 1359 916 aqua
1388 832 1461 913 Quid

329 964 385 1027 per
408 944 490 1008 hunc
520 942 624 1007 lacum
655 943 736 1007 uelit
757 941 911 1025 intellegi,
935 944 1072 1024 posenni
1095 942 1222 1005 diuersa
1246 941 1355 1005 sentiri
1377 941 1461 1005 etiam

328 1050 503 1115 secundum
530 1053 648 1113 rectam
676 1048 780 1113 fidem.
807 1048 888 1112 Mihi
915 1053 1019 1113 tamen
1048 1047 1176 1112 uidetur
1202 1068 1263 1111 non
1292 1066 1327 1113 eo
1356 1046 1493 1131 signifi-s

328 1158 391 1222 cari
428 1156 554 1227 melius,
596 1155 658 1219 nisi
694 1155 849 1219 hnmanae
886 1154 1032 1219 miseriae
1072 1155 1319 1238 profunditatem
1356 1154 1460 1218 siccam

328 1262 464 1345 quodam
487 1261 582 1325 modo
608 1264 640 1325 et
663 1262 815 1337 sterilem,
839 1260 894 1323 ubi
919 1280 979 1324 non
1005 1264 1080 1325 sunt
1101 1261 1220 1326 fluenta
1242 1261 1391 1339 iustitiae,
1413 1260 1460 1325 sed

326 1368 507 1451 iniquitatis
539 1369 655 1434 lutum.
688 1367 736 1431 Dc
767 1368 827 1431 hoc
860 1367 976 1450 quippe
1010 1368 1104 1432 etiam
1131 1368 1162 1432 in
1190 1368 1314 1452 psalmo
1342 1367 1458 1431 dicitur:

327 1475 373 1539 Et
398 1474 540 1539 eduxit
562 1494 620 1538 me
644 1473 689 1539 dc
712 1474 806 1538 lacu
829 1473 1020 1538 miseriae
1045 1476 1083 1539 et
1107 1474 1150 1538 de
1174 1474 1261 1539 luto
1286 1474 1380 1539 limi.

371 1582 545 1646 Malachiae
578 1582 769 1663 prophetans
804 1580 981 1659 ecclesiam,
1012 1601 1106 1663 quam
1133 1601 1189 1665 per
1217 1582 1377 1647 Christum
1402 1600 1493 1645 cer-10

326 1689 432 1753 nimus
459 1690 675 1771 propagatam,
703 1686 829 1750 Iudaeis
854 1687 1053 1769 apertissime
1082 1688 1160 1753 dicit
1183 1708 1219 1753 es
1241 1708 1372 1771 persons
1393 1688 1457 1751 Dei:

325 1795 409 1859 Non
449 1796 511 1857 cst
549 1794 646 1859 mihi
684 1793 876 1857 uoluntas
914 1793 951 1857 in
992 1794 1119 1870 uobis,
1158 1798 1196 1859 et
1233 1814 1457 1860 munusnon

328 1900 554 1982 suscipiam
595 1899 638 1963 de
675 1919 790 1963 manu
828 1903 978 1964 uestra.
1015 1900 1069 1966 Ab
1109 1904 1199 1967 ortu
1232 1902 1333 1965 enim
1366 1900 1457 1966 solis
1560 1926 1561 1983 p

326 2027 456 2089 usque
489 2006 534 2070 ad
568 2025 754 2070 occasum
787 2026 967 2089 magnum
1003 2027 1139 2072 nomen
1169 2027 1294 2072 meum
1325 2010 1360 2071 in
1382 2026 1457 2091 gen·

326 2113 450 2188 tibus,
479 2120 517 2176 et
543 2113 582 2176 iu
611 2112 713 2176 omni
741 2111 831 2178 loco
860 2112 1180 2178 sacrificabitur
1202 2116 1240 2177 et
1270 2114 1492 2179 offereturn

326 2219 478 2283 nomini
506 2238 589 2283 meo
618 2219 776 2283 oblatio
806 2220 966 2294 munda;
1001 2221 1095 2302 quia
1122 2240 1307 2304 magnum
1332 2239 1456 2284 nomer

327 2346 453 2390 meum
486 2326 524 2390 in
558 2326 761 2410 gentibus,
801 2325 905 2389 dicit
936 2326 1140 2393 Dominus.
1174 2328 1243 2393 Hoc
1282 2326 1456 2392 sacrificium

323 2452 379 2516 per
402 2432 614 2497 sacerdotium
639 2431 757 2497 Christi
781 2431 956 2495 secundum
981 2433 1120 2497 ordinem
1144 2432 1376 2497 Melchisedech
1394 2452 1457 2496 curn

323 2540 354 2603 in
379 2539 464 2602 omui
494 2540 563 2603 loco
589 2558 607 2601 a
630 2537 707 2601 solis
732 2540 802 2602 ortu
827 2538 992 2619 usquead
1017 2558 1165 2603 occasum
1190 2540 1256 2603 Deo
1280 2540 1343 2603 iarn
1365 2538 1457 2603 uidca-
1560 2516 1561 2583 i

324 2665 395 2710 mus
420 2646 533 2723 offerri,
558 2644 749 2709 sacrificium
774 2648 879 2708 autern
903 2645 1103 2723 Iudaeorum,
1129 2645 1244 2728 quibus
1265 2645 1381 2710 dictum
1399 2648 1455 2708 cst:
1472 2664 1491 2702 so

323 2752 407 2817 Non
446 2756 508 2816 est
548 2751 646 2815 mihi
683 2752 880 2815 uoluntas
917 2752 954 2815 in
993 2752 1121 2829 uobis,
1163 2771 1233 2817 nec
1272 2751 1454 2835 accipian]

323 2878 465 2923 munus
486 2858 530 2922 de
550 2857 736 2922 manibus
756 2858 923 2933 uestris,
943 2876 1086 2923 cessasse
1106 2878 1218 2943 negare
1238 2878 1300 2924 non
1318 2861 1454 2943 possunt:

323 2965 400 3047 quid
424 2964 527 3029 adhuc
553 2967 734 3044 exspectant
762 2965 859 3027 alium
889 2964 1062 3043 Christum,
1092 2984 1164 3029 curn
1192 2966 1262 3044 hoc,
1292 2966 1375 3049 quod
1395 2982 1455 3047 pro-

322 3072 487 3153 phetatum
519 3072 631 3153 legunt
667 3073 698 3135 et
733 3071 889 3153 inpletum
926 3072 1045 3149 uident,
1082 3072 1195 3155 inpleri
1232 3093 1294 3137 nou
1330 3072 1456 3157 potuerit

322 3175 384 3239 nisi
415 3195 471 3257 per
500 3175 628 3257 ipsum?
660 3176 747 3239 Dicit
775 3176 857 3239 enim
885 3178 979 3257 paulo
1008 3181 1081 3259 post
1108 3178 1146 3242 de
1173 3178 1244 3261 ipso
1275 3200 1311 3243 ex
1336 3196 1491 3263 personas

322 3281 396 3345 Dei:
417 3282 721 3345 Testamentum
739 3301 866 3346 meum
886 3288 972 3346 erat
992 3303 1076 3349 curn
1098 3304 1137 3349 eo
1157 3285 1267 3350 uitae
1288 3291 1326 3350 et
1343 3284 1453 3369 pacis.

322 3387 478 3452 et-dedi
502 3388 547 3467 ei,
572 3390 616 3451 ut
635 3389 780 3453 timore
801 3389 966 3453 timeret
984 3410 1051 3469 mc,
1072 3396 1110 3455 et
1129 3412 1147 3456 a
1165 3392 1273 3457 facie
1292 3389 1452 3457 nominis

321 3495 396 3557 mei
425 3498 697 3559 reuereretur.
726 3494 801 3559 Lex
830 3497 1025 3561 ueritatis
1055 3501 1141 3562 erat
1162 3498 1201 3561 in
1230 3518 1298 3564 ore
1322 3497 1452 3582 ipsius.

322 3600 361 3665 in
384 3621 481 3683 pace
507 3602 692 3686 dirigens
717 3602 946 3668 arnbulauit
974 3622 1123 3668 mecum
1148 3608 1186 3668 et
1209 3606 1356 3671 multos
1379 3622 1453 3668 con-

321 3709 451 3771 uertit
488 3710 533 3773 ab
570 3708 814 3790 iniquitate3
858 3710 1043 3791 quoniam
1085 3711 1193 3775 labia
1230 3709 1486 3777 sacerdotisa·

413 3932 524 3990 lZach.
544 3934 569 3997 9,
591 3935 621 3986 11
678 3934 857 3999 9Ps.39‚3
915 3936 1177 4007 12Ms1.1,10sq.
1233 3940 1267 3993 26
1283 3938 1317 3992 ib.
1332 3939 1450 4005 25892·

355 4057 524 4109 isentirec
589 4058 723 4111 dsiccam
742 4058 844 4128 proto
919 4060 1213 4132 11deisuscipiam·9
1286 4064 1318 4116 14
1336 4074 1450 4129 magnum

318 4144 465 4213 hcpppa
474 4150 509 4210 ἧ·
527 4162 654 4213 magnum
675 4150 716 4199 cst
736 4164 778 4201 ao
832 4148 867 4200 22
887 4147 919 4201 de
938 4150 1062 4203 manibus
1083 4152 1180 4204 uestris
1199 4168 1329 4205 nrunnsc
1393 4164 1450 4217 pos·

320 4234 407 4285 sinte
479 4234 514 4285 24
534 4236 704 4303 potueriirte
783 4236 880 4306 adhuc]
901 4238 974 4291 aliud
989 4257 1011 4307 p
1084 4241 1118 4293 26
1138 4256 1197 4293 cum
1216 4242 1275 4309 ipso
1292 4258 1311 4309 p
1378 4236 1408 4291 27
1428 4236 1452 4288 ei

319 4338 403 4377 ome
458 4322 492 4374 28
511 4327 681 4377 reuereturc
735 4328 770 4379 29
789 4326 941 4379 ambulabit
960 4344 998 4397 ep
1071 4333 1270 4399 conuertetcp
