3192 4959
415 446 465 498 De
493 443 671 498 ciuitate
699 445 761 498 dei
789 445 853 498 lib.
883 445 967 500 XXII.
997 463 1072 516 cap.
1101 448 1143 500 24.
1286 452 1350 514 643

244 639 389 705 Duorum
418 639 518 723 igitur
545 639 684 716 illorum,
712 659 793 723 quae
818 639 953 706 diximus
982 642 1063 706 bona
1086 643 1181 706 etiam
1205 643 1235 707 in
1261 647 1351 710 natu-

198 765 268 810 ram
305 749 436 829 peccato
472 745 620 818 uitiatam
658 747 882 829 supplicioque
915 747 1093 812 damnatam
1127 748 1164 813 de
1196 749 1350 816 bonitatis

201 853 270 917 eius
303 852 439 934 quodam
473 852 577 916 ueluti
604 852 691 916 fonte
718 871 855 928 manare,
888 853 1146 939 propagationem
1175 855 1206 918 in
1238 856 1349 936 primis

200 957 311 1023 mundi
338 959 488 1042 operibus
515 957 735 1022 benedictione
762 958 898 1042 largitus
927 962 986 1036 est,
1014 978 1033 1023 a
1061 960 1177 1043 quibus
1202 961 1349 1043 operibus

163 1064 251 1130 sdic
275 1065 412 1147 septimo
436 1063 610 1145 requieuit;
634 1064 841 1129 conformatio
867 1083 941 1130 uero
964 1065 995 1128 in
1014 1065 1070 1130 illo
1091 1066 1159 1130 eius
1179 1069 1229 1131 est
1245 1087 1348 1149 opere,

199 1190 262 1253 quo
291 1190 393 1252 usque
423 1189 504 1234 nunc
533 1173 690 1253 operatur.
717 1168 888 1235 Effioaeem
918 1171 1034 1255 quippe
1057 1171 1233 1254 pitantiam
1258 1193 1348 1238 suam

199 1278 227 1342 si
254 1277 349 1342 rebus
379 1277 556 1358 subtrahat,
588 1296 645 1342 nec
672 1277 818 1360 progredi
850 1281 1000 1359 poterunt
1031 1281 1064 1343 et
1097 1279 1163 1344 suis
1198 1279 1348 1344 dimensis

199 1384 341 1449 motibus
373 1401 524 1466 peragere
555 1387 701 1466 tempora
732 1401 789 1448 nec
822 1401 951 1465 prorsus
984 1383 1015 1448 in
1048 1404 1084 1450 eo
1114 1386 1197 1468 quod
1227 1390 1349 1450 creatae

199 1494 275 1555 sunt
312 1489 513 1571 aliquatenus
550 1489 787 1572 permanebunt.
832 1487 884 1554 Sic
920 1508 994 1573 ergo
1032 1492 1152 1556 creauit
1189 1492 1347 1557 hominem

151 1622 180 1660 ro
198 1596 299 1672 Deus,
326 1599 365 1659 ut
392 1594 421 1658 ei
445 1593 576 1659 adderet
604 1595 802 1661 fertilitatem
826 1594 992 1677 quandam,
1017 1615 1080 1679 qua
1102 1598 1245 1662 homines
1269 1599 1349 1663 alios

196 1705 397 1786 propagaret,
426 1721 640 1784 congenerans
669 1702 715 1766 eis
744 1701 840 1768 etiam
867 1703 970 1785 ipsam
997 1703 1191 1787 propagandi
1213 1705 1348 1787 possibi-
1440 1699 1441 1702 ’

195 1809 331 1882 litatem.
364 1827 426 1873 uon
458 1808 697 1873 necessitatem:
736 1808 852 1891 quibus
890 1813 996 1873 tamen
1029 1806 1135 1873 uoluit
1165 1808 1348 1874 hominibus

196 1916 333 1980 abstulit
364 1934 433 1979 eam
465 1914 575 1989 Deus‘
599 1919 632 1979 et
663 1914 789 1978 steriles
823 1914 965 1990 fuerunt3
1004 1935 1065 1981 non
1099 1918 1204 1980 tamen
1241 1918 1347 2000 generi

196 2023 335 2087 humano
360 2021 496 2086 abstulit
518 2021 618 2084 semel
641 2019 748 2084 datam
770 2021 883 2104 primis
903 2021 1028 2086 duobus
1048 2020 1237 2106 coniugibus
1256 2022 1348 2088 bene-

148 2152 176 2192 ss
198 2127 335 2193 dictione
355 2127 503 2211 generali.
522 2127 611 2191 Haec
630 2145 703 2210 ergo
722 2127 909 2210 propagatio
929 2127 1075 2210 quamuis
1094 2130 1223 2210 peccato
1243 2127 1349 2193 ablata

196 2252 258 2298 non
286 2233 393 2308 fuerit,
422 2238 613 2298 nontamen
638 2233 735 2297 etiam
758 2231 829 2315 ipsa
851 2233 926 2297 talis
950 2239 1010 2308 est,
1039 2233 1140 2316 qualis
1164 2234 1290 2311 fuisset,
1320 2235 1348 2300 si

197 2358 290 2404 nemo
313 2343 487 2423 peccasset.
511 2339 556 2403 lix
580 2358 641 2421 quo
666 2338 750 2402 euim
774 2338 870 2404 homo
894 2339 925 2403 in
945 2339 1062 2404 honore
1080 2339 1216 2423 positus.
1236 2345 1348 2423 postea

197 2465 292 2528 quam
325 2445 469 2528 deliquit,
508 2447 698 2526 conparatus
731 2449 781 2508 ost
811 2445 991 2526 pecoribus,
1024 2444 1171 2510 similiter
1200 2451 1345 2526 generat;

196 2571 259 2616 non
277 2552 308 2616 iu
329 2571 366 2616 eo
384 2554 491 2616 tamen
509 2551 637 2634 penitus
662 2551 816 2616 exstincta
840 2554 890 2616 est
913 2551 1066 2634 quaedam
1093 2553 1183 2616 uelut
1206 2551 1348 2618 scintilla

143 2659 340 2735 errationis,
372 2660 404 2723 in
438 2678 501 2741 qua
532 2659 637 2724 lactus
670 2663 719 2724 est
751 2658 790 2723 ad
822 2659 992 2744 imaginem
1021 2659 1090 2722 Del.
1124 2657 1209 2723 Huic
1239 2663 1346 2724 autem

194 2765 416 2848 propagationi
444 2766 472 2830 si
501 2765 709 2831 conformatio
737 2785 798 2830 non
823 2765 1036 2842 adhiberetur,
1067 2783 1123 2830 nac
1146 2765 1272 2847 ipsein
1296 2767 1345 2831 sui

195 2872 320 2956 generis
343 2873 461 2937 formas
485 2872 659 2955 modosque
686 2871 882 2955 procederet.
911 2871 944 2938 Si
967 2871 1050 2937 euim
1074 2891 1135 2937 non
1160 2872 1347 2938 concubuis-

194 2983 269 3043 sent
299 2977 445 3044 hominos
483 2983 515 3044 ot
546 2978 645 3044 nihilo
683 2978 788 3042 minus
822 2977 910 3044 Deus
948 2979 1048 3042 uallet
1088 2979 1208 3061 inplere
1246 2983 1345 3044 terras

193 3083 396 3149 hominibus:
425 3103 487 3165 quo
516 3083 613 3148 modo
642 3085 763 3148 creauit
790 3103 889 3149 unum
913 3083 980 3150 sine
1004 3084 1226 3150 commixtione
1249 3086 1345 3150 maris

144 3215 176 3258 as
195 3194 227 3255 et
258 3190 405 3266 feminae,
437 3191 485 3256 sic
516 3194 627 3274 posset
656 3210 781 3266 omnes;
817 3190 1062 3256 concumbentes
1090 3211 1167 3257 uero
1195 3191 1256 3257 nisi
1288 3191 1345 3256 illo

195 3301 320 3361 creante
344 3298 531 3380 generantes
555 3315 709 3362 essenon
735 3302 878 3380 possunt.
903 3297 996 3364 Sicut
1018 3317 1092 3382 ergo
1113 3298 1158 3362 ait
1181 3298 1345 3382 apostolus

194 3402 233 3466 ds
260 3403 463 3468 institutione
492 3403 639 3485 spiritali,
668 3423 730 3485 qua
758 3403 853 3469 bomo
883 3402 922 3467 ad
948 3403 1099 3486 pietatem
1123 3405 1345 3486 iustitiamque

285 3645 361 3702 610.
381 3648 406 3713 5,
428 3647 460 3699 u
518 3647 550 3700 rs
569 3645 613 3699 rs.
632 3645 677 3709 rs,
698 3643 730 3699 13

228 3811 492 3867 aseneureaonse
564 3829 658 3882 amp.
678 3813 764 3882 aeq
818 3779 980 3884 srempore'
992 3831 1011 3883 9
1065 3813 1123 3866 oa
1143 3829 1162 3865 a
1217 3812 1250 3868 1o
1269 3811 1344 3866 illio

191 3900 329 3969 adderebt
345 3918 363 3970 9
428 3903 458 3955 ll
480 3902 567 3971 ipsam
586 3903 704 3956 etiams
769 3903 802 3955 12
820 3919 874 3955 non
893 3902 1017 3955 uoluitb
1074 3902 1184 3956 laeam
1203 3917 1287 3970 uepres
1306 3901 1346 3954 ad

194 3989 310 4043 abstulit
329 3989 347 4046 l.
367 3993 403 4042 14
421 3990 508 4046 om.b
562 3990 595 4044 14
614 3990 751 4059 primusp
824 3988 939 4060 duobus]
959 3988 1149 4042 hominibusb
1222 3989 1344 4058 coniugi·

194 4077 293 4132 onibus
312 4077 354 4143 b¹;
373 4077 608 4132 coniunctionibus
626 4077 657 4132 b²
744 4077 937 4132 benedictione
956 4077 1156 4146 (benedictione
1176 4081 1203 4142 α)
1223 4077 1345 4146 generali

186 4167 276 4238 p⁴por
294 4166 409 4231 Domb.;
426 4165 647 4220 benedictionem
665 4166 814 4236 generandi
830 4166 987 4236 abe9p²o
1038 4169 1071 4220 15
1087 4183 1139 4220 non
1154 4165 1238 4219 fuerit
1251 4164 1344 4219 ablata

192 4255 294 4309 Domb.
374 4255 554 4324 llonorep¹
633 4257 665 4308 19
683 4271 738 4308 non
756 4272 843 4324 aesque
861 4255 900 4308 od
917 4255 969 4309 Dei
989 4257 1008 4310 l.
1027 4259 1068 4310 20
1085 4255 1207 4309 aa2ia
1225 4269 1345 4323 maroe

192 4345 227 4398 26
246 4348 364 4413 possunt
382 4343 568 4414 abeppeaa·
588 4347 701 4413 possent
720 4361 733 4412 p
752 4344 851 4400 Domo.

1256 4447 1308 4501 41*
