3192 4959
363 502 413 557 De
443 502 616 557 ciuitate
646 502 708 556 dei
736 502 801 557 lib.
829 501 918 559 XIIII.
947 519 1022 571 cap.
1046 502 1090 555 24.

196 694 278 761 Nam
318 700 350 761 et
387 696 551 763 bominum
589 698 786 781 quorundam
819 702 947 763 naturas
980 695 1128 762 nouimus
1161 696 1301 759 multum

151 804 268 867 ceteris
298 804 440 886 dispares
469 810 501 869 et
523 806 593 887 ipsa
615 807 744 869 raritate
768 806 931 870 mirabiles
954 803 1106 868 uounulla
1129 804 1165 866 ut
1189 800 1302 866 uolunt

151 910 191 973 de
215 928 347 992 corpore
369 909 564 988 facientium,
591 928 670 993 quae
694 910 748 975 alii
767 912 856 976 nullo
877 910 970 975 modo
988 911 1125 993 possunt
1143 913 1176 972 et
1193 906 1303 971 audita

150 1016 205 1079 uix
236 1016 381 1082 creduut.
410 1014 491 1081 Sunt
518 1018 614 1093 enirn,
643 1018 697 1099 qui
726 1020 757 1082 ot
785 1036 876 1082 aures
904 1019 1054 1081 moueant
1081 1016 1134 1079 uel
1158 1015 1301 1099 singulas

119 1121 206 1185 sual
240 1122 350 1187 ambas
381 1121 486 1187 simul.
517 1121 598 1187 Sunt
626 1124 679 1207 qui
707 1128 809 1189 totam
837 1123 1007 1189 caesariem
1037 1123 1141 1207 capite
1168 1123 1300 1201 inmoto,

151 1231 309 1309 quantum
339 1228 445 1311 capilli
474 1232 638 1311 occupant,
668 1230 830 1315 deponunt
856 1230 896 1295 ad
923 1232 1058 1295 frontem
1086 1235 1300 1313 reuocantque

152 1354 225 1398 cum
259 1336 384 1399 uolunt.
419 1334 501 1399 Sunt
534 1336 588 1418 qui
618 1356 726 1402 eorum
755 1356 835 1421 quae
865 1336 1047 1402 uorauerint
1073 1335 1302 1401 incredibiliter

150 1442 292 1525 plurima
319 1446 349 1505 ct
379 1441 465 1505 uaria
492 1442 658 1525 paululum
687 1443 880 1527 praecordiis
911 1443 1115 1508 contrectatis
1137 1446 1301 1524 tamquam

152 1548 191 1611 de
225 1547 354 1612 sacculo
392 1548 475 1629 quod
512 1550 669 1631 placuerit
699 1548 922 1633 integerimum
953 1549 1126 1631 proterunt.
1165 1545 1300 1627 Quidam

106 1674 132 1711 1⁰
151 1674 251 1718 uoces
285 1654 394 1719 auium
426 1672 639 1737 pecorumque
672 1659 704 1720 et
732 1657 866 1721 aliorum
894 1656 1111 1738 quorumlibet
1138 1654 1302 1720 bominum

151 1762 200 1824 sic
233 1760 399 1825 imitantur
430 1760 533 1845 adque
565 1762 752 1845 exprimunt,
786 1768 833 1840 ut,
866 1763 927 1827 uisi
955 1762 1132 1839 uideantur,
1165 1761 1301 1826 discerni

150 1868 281 1931 omuino
314 1888 375 1932 non
408 1870 542 1951 possint.
572 1868 725 1933 Nonnulli
758 1871 796 1935 ab
831 1871 895 1935 imo
929 1870 997 1935 siue
1024 1874 1137 1954 putore
1166 1868 1231 1933 ullo
1255 1868 1301 1932 ita

149 1994 340 2039 numerosos
368 1994 423 2057 pro
452 1976 580 2041 arbitrio
610 1976 734 2041 sonitus
758 1977 866 2055 edunt,
894 1980 932 2041 ut
956 1998 990 2042 eu
1013 1977 1069 2041 illa
1093 1977 1187 2040 etiam
1211 1979 1300 2058 parte

150 2086 278 2146 cantare
302 2082 481 2147 uideantur.
504 2084 577 2167 Ipse
601 2102 672 2148 sum
697 2088 844 2166 expertus
869 2084 983 2149 sudare
1007 2083 1165 2149 bominem
1187 2082 1300 2160 solere,

106 2208 132 2246 15
150 2208 226 2253 cum
259 2189 370 2253 uellet.
403 2189 523 2253 Notum
557 2193 606 2253 est
639 2191 793 2274 quosdam
826 2192 910 2270 flere,
944 2210 1017 2256 cum
1045 2190 1168 2268 uolunt,
1197 2190 1299 2271 adque

150 2296 292 2359 ubertim
319 2295 466 2361 lacrimas
495 2296 634 2364 fundere.
663 2297 730 2361 Iam
758 2297 839 2361 illud
863 2298 964 2362 multo
994 2299 1044 2361 ost
1070 2295 1301 2385 incredibilius

148 2402 236 2484 quod
260 2402 404 2485 plerique
427 2403 539 2467 fratres
564 2403 715 2467 momoria
738 2404 958 2468 recentissima
982 2403 1098 2483 experti
1118 2406 1203 2467 sunt.
1226 2403 1300 2467 Pre-

149 2508 262 2591 sbyter
289 2508 352 2571 luit
375 2508 504 2590 quidam
527 2510 709 2573 Restitutus
734 2510 859 2574 nomine
881 2510 912 2573 in
936 2510 1081 2593 paroecia
1105 2508 1300 2579 calamensis

149 2615 317 2679 ccclesiae.
343 2612 475 2694 Quando
500 2616 528 2679 ei
551 2616 698 2698 placebat
716 2615 904 2702 (rogabatur
923 2620 1030 2681 autem
1049 2618 1086 2679 ut
1104 2616 1164 2680 hoc
1184 2616 1301 2680 laceret

104 2723 189 2786 acab
219 2721 277 2798 eis,
312 2722 367 2803 qui
398 2741 464 2785 rem
493 2722 669 2785 mirabilem
698 2740 803 2787 coram
832 2724 913 2787 sciro
941 2722 1134 2804 cupiebant),
1163 2722 1202 2785 ad
1229 2722 1299 2785 imi—

148 2834 236 2893 tatas
264 2828 356 2911 quasi
379 2828 582 2893 lamentantis
611 2829 785 2893 cuiuslibet
807 2828 944 2893 bominis
969 2848 1064 2893 uoces
1088 2829 1134 2893 ita
1157 2848 1191 2893 se
1215 2830 1300 2895 aufe-

148 2934 241 2999 rebat
264 2954 283 2997 a
307 2934 453 2999 sensibus
479 2938 510 2999 ot
532 2934 655 2998 iacebat
678 2934 862 2999 simillimus
887 2938 1022 3012 mortuo,
1051 2939 1170 2999 utnon
1195 2934 1299 2999 solum

147 3041 340 3105 bellicantes
374 3040 475 3124 adque
508 3045 683 3125 pungentes
717 3041 848 3105 minime
876 3042 1017 3120 sentiret,
1046 3042 1101 3105 sed
1130 3041 1298 3124 aliquando

149 3148 248 3211 etiam
272 3147 347 3231 igno
371 3150 515 3211 ureretur
538 3148 664 3212 admoto
690 3147 757 3212 siue
780 3149 848 3212 ullo
872 3148 990 3213 doloris
1014 3166 1109 3213 seusu
1133 3149 1194 3213 nisi
1213 3152 1299 3231 post-

104 3274 130 3316 as
148 3252 282 3318 modum
308 3272 343 3317 ex
367 3254 511 3330 uuluore;
544 3272 605 3319 uon
629 3256 735 3319 autem
759 3254 941 3332 obnitendo,
969 3255 1110 3320 sednon
1134 3254 1298 3320 sentiendo

148 3382 210 3426 non
234 3381 365 3427 mouere
390 3382 504 3445 corpus
528 3382 564 3427 eo
588 3364 790 3445 probabatur,
815 3362 900 3445 quod
917 3364 1080 3445 tamquam
1098 3362 1130 3425 in
1150 3362 1298 3425 defuncto

147 3468 259 3532 nullus
282 3468 506 3534 inueniebatur
528 3468 704 3545 anhelitus;
733 3469 898 3533 bominum
921 3472 1026 3534 tamen
1049 3486 1156 3543 uoces,
1186 3468 1298 3532 si-cla·

146 3576 216 3640 rius
254 3574 468 3658 loquerentur,
505 3579 667 3658 tamquam
706 3576 743 3640 do
775 3575 949 3659 longinquo
984 3595 1017 3639 se
1050 3574 1157 3639 audire
1189 3579 1300 3657 postea

147 3682 317 3746 referebat.
353 3680 431 3746 Cum
464 3682 572 3764 itaque
605 3700 720 3765 corpus
751 3682 845 3747 etiam
876 3700 960 3747 uuuc
988 3682 1189 3764 quibusdam,
1222 3681 1299 3745 licet

184 3890 375 3959 lireuoearnq.
400 3886 434 3942 1⁷¹
487 3890 519 3943 10
540 3906 705 3960 quorumque
725 3890 794 3945 libet
814 3890 848 3943 V¹
895 3890 929 3944 12
948 3895 1061 3960 possunt
1079 3890 1105 3944 V
1157 3898 1253 3959 putore
1263 3906 1299 3957 p,-

147 3978 254 4049 pudore
274 3974 395 4046 accub
413 3978 531 4048 paedore
556 3978 650 4033 Vlao
669 3980 782 4043 Domb.,·
800 3978 900 4049 pedore
920 3980 986 4041 o¹f
1092 3978 1126 4032 18
1148 3981 1269 4031 restutus
1289 3978 1299 4030 l

146 4068 259 4122 nomine
273 4068 397 4121 Restito
450 4066 576 4137 paroecia
590 4068 624 4121 V¹
636 4084 687 4134 eo;
701 4068 846 4137 paroechia
860 4066 901 4135 d²;
914 4070 1022 4138 parocia
1040 4066 1078 4121 1⁷²
1088 4068 1107 4122 1¹
1122 4070 1158 4133 ἡ·
1170 4065 1299 4135 parochia

147 4155 286 4227 (parrooh.
307 4160 335 4222 a)
357 4154 499 4225 ab¹l²pu
577 4156 609 4210 19
630 4156 735 4227 quando
760 4156 863 4209 Vaea
880 4156 996 4224 Domb.,·
1014 4157 1061 4227 qui
1080 4154 1188 4225 quando
1209 4154 1298 4222 blpo

147 4276 174 4327 ei
194 4287 281 4325 caue
371 4272 406 4325 20
425 4288 536 4342 quoram
555 4270 576 4325 1¹
659 4274 693 4327 23
712 4238 908 4343 punglelntesl
993 4276 1028 4327 24
1046 4272 1102 4325 ullo
1120 4287 1182 4339 step.
1202 4270 1250 4322 lin.
1275 4268 1302 4321 V

145 4400 183 4451 25
199 4354 365 4466 'optinendo
383 4398 414 4451 io
432 4414 518 4467 murp.
538 4376 695 4462 obnitendo,
715 4414 729 4453 e

1229 4503 1263 4555 4ss
