3192 4959
427 463 477 515 De
506 461 679 516 ciuitate
708 462 769 516 dei
797 462 862 518 lib.
892 463 977 516 XXII.
1006 481 1081 533 cap.
1111 465 1154 518 24.
1295 469 1360 530 645

209 658 360 722 ueniendi
382 659 580 736 felicitatem,
605 679 685 742 quae
703 660 841 726 uirtutes
860 664 1013 726 uocantur
1032 666 1064 725 et
1083 662 1151 726 sola
1170 661 1230 726 Dei
1249 660 1360 744 gratia.

209 785 293 846 quae
324 766 355 830 in
390 765 516 831 Christo
551 771 609 842 est,
646 767 722 832 filiis
753 767 973 849 promissionis
1011 767 1161 852 regnique
1194 767 1359 838 donantur,

212 891 314 937 noune
341 873 479 937 humane
507 873 634 957 ingenio
661 877 711 938 tot
737 877 907 956 tantaeque
935 878 1017 940 artes
1046 878 1121 940 eunt
1151 875 1299 939 inuentae
1328 875 1361 936 et

212 979 377 1055 exercitae,
406 981 521 1060 partim
550 981 745 1045 necessariae
772 981 888 1062 partim
917 981 1127 1064 uoluptariae,
1157 983 1194 1045 ut
1221 985 1286 1046 tam
1311 1000 1358 1044 ex-

178 1086 332 1152 scellens
359 1085 411 1150 uis
438 1086 555 1150 mentis
583 1087 685 1176 adone
718 1087 848 1152 rationis
877 1087 909 1152 in
939 1087 989 1152 his
1019 1088 1114 1152 etiam
1142 1088 1247 1164 rebus,
1281 1107 1359 1169 quas

212 1190 400 1272 superfluas,
428 1190 526 1256 immo
550 1196 583 1255 et
605 1193 798 1274 periculosas
828 1192 1083 1274 perniciosasque
1107 1191 1238 1276 adpetit.
1264 1211 1359 1275 quan-

213 1302 283 1360 tum
311 1297 430 1362 bonum
457 1298 572 1363 babeat
599 1299 632 1364 iu
660 1303 781 1376 natura,
811 1299 894 1364 uude
923 1300 986 1364 ista
1008 1300 1116 1380 potuit
1142 1300 1197 1364 uel
1219 1299 1358 1365 inuenire

212 1404 266 1468 uel
294 1403 414 1468 discere
441 1406 494 1469 uel
523 1424 674 1475 exercere,
702 1409 862 1470 testetur?
897 1406 1166 1472 vestimentorum
1195 1410 1227 1470 et
1254 1405 1358 1470 aedifi-

214 1511 333 1575 ciorum
365 1511 406 1574 ad
438 1531 532 1593 opera
564 1531 659 1594 quam
690 1512 858 1592 mirabilia,
891 1533 986 1594 quarn
1020 1513 1175 1595 stupenda
1204 1513 1359 1577 industria

166 1639 195 1678 ιο
213 1618 351 1682 humana
382 1619 575 1699 peruenerit3
609 1637 670 1700 quo
703 1619 734 1683 in
767 1619 971 1701 agricultura,
1006 1639 1067 1702 qno
1096 1619 1128 1682 iu
1156 1619 1358 1702 carrigatione

212 1723 394 1807 profecerim
420 1744 499 1806 quae
522 1725 554 1788 in
573 1724 777 1790 fabricatione
802 1744 999 1808 quorumque
1023 1745 1170 1792 uasorum
1191 1725 1358 1790 ueletiam

212 1835 390 1896 statuarum
414 1836 446 1896 et
469 1832 664 1914 picturarum
689 1831 844 1896 uarietate
868 1832 1097 1916 excogitauerit
1121 1835 1155 1896 et
1174 1832 1357 1914 inpleuer·it;

213 1958 292 2020 quae
310 1938 342 2002 in
362 1939 495 2003 theatris
514 1937 670 2002 mirabilia
690 1937 919 2018 spectantibus,
940 1939 1142 2003 audientibus
1161 1938 1357 2002 incredibilia

212 2044 355 2109 facienda
383 2047 415 2109 et
443 2044 617 2109 exhibenda
644 2045 756 2108 molita
779 2045 835 2118 sit:
865 2044 895 2108 iu
922 2045 1082 2128 capiendis
1107 2045 1286 2110 occidendis
1306 2045 1357 2109 do-

156 2168 194 2212 no
212 2152 338 2216 mandis
362 2150 601 2215 inrationalibus
629 2152 843 2218 animantibus
868 2171 947 2234 quae
972 2156 1005 2216 et
1032 2157 1148 2233 quanta
1170 2153 1357 2234 reppererit;

212 2257 366 2321 aduersus
393 2258 481 2340 ipsos
505 2257 650 2322 homines
678 2260 728 2323 tot
750 2277 865 2342 genera
893 2277 1094 2338 uenenorum,
1117 2261 1167 2323 tot
1189 2277 1356 2322 armorum.

212 2367 262 2428 tot
292 2364 629 2440 machinamentorum,
662 2366 695 2429 et
725 2384 781 2446 pro
815 2365 917 2428 salute
950 2364 1078 2429 mortali
1110 2362 1226 2428 tuenda
1256 2365 1357 2446 adque

211 2471 384 2552 reparanda
406 2480 484 2553 quot
507 2471 736 2536 medicamenta
760 2471 862 2554 adque
881 2471 1062 2536 adiumenta
1082 2471 1357 2552 conprehenderit:

212 2597 268 2660 pro
295 2578 462 2659 uoluptate
490 2578 630 2642 faucium
661 2582 738 2659 quot
761 2577 963 2643 condimenta
987 2582 1019 2644 et
1042 2579 1135 2662 gulae
1158 2577 1358 2643 inritamenta

156 2685 399 2766 eoreppereritz
437 2685 476 2748 ad
511 2685 694 2748 indicandas
732 2687 764 2748 et
801 2685 978 2750 suadendas
1017 2685 1224 2769 cogitationes
1263 2705 1357 2768 quam

210 2791 447 2856 multitudinem
471 2793 722 2874 uarietatemque
745 2793 920 2876 signorum,
944 2792 999 2857 ubi
1023 2793 1228 2876 praecipuum
1250 2793 1355 2858 locum

210 2898 308 2962 uerba
336 2902 368 2962 et
394 2899 518 2963 litterae
546 2901 671 2973 teneam
701 2899 742 2962 ad
769 2898 972 2963 delectandos
1001 2899 1123 2962 animos
1153 2917 1232 2981 quos
1253 2900 1356 2964 elocu-

209 3005 306 3070 tionis
335 3011 476 3084 ornatuS,
506 3023 602 3086 quam
625 3005 826 3070 diuersorum
851 3005 1024 3069 carminum
1049 3007 1185 3088 cepiam;
1216 3007 1253 3070 od
1278 3007 1357 3071 mul-

211 3111 326 3176 cendas
354 3130 446 3175 aures
474 3115 553 3194 quot
577 3131 692 3194 organa
716 3112 849 3188 musica,
875 3131 954 3194 quos
980 3112 1154 3177 cantilenae
1173 3113 1284 3178 modes
1309 3133 1356 3178 ex-

157 3232 191 3281 so
210 3219 415 3301 cogitauerit,
437 3222 587 3301 quantam
604 3219 751 3301 peritiam
771 3217 1005 3283 dimensionum
1024 3219 1125 3302 adque
1144 3239 1355 3296 numerorum,

209 3329 397 3408 meatusque
426 3330 458 3389 et
485 3324 610 3389 ordines
643 3324 780 3388 siderum
815 3329 933 3407 quanta
961 3327 1135 3410 sagacitate
1168 3325 1356 3407 conprehen-

209 3432 306 3506 derit;
336 3452 430 3513 quam
459 3433 561 3496 multa
587 3451 692 3496 rerum
721 3431 951 3496 mundanarum
980 3433 1158 3516 cognitione
1191 3451 1225 3496 sa
1258 3433 1355 3514 inple-

208 3540 302 3613 uerit,
333 3539 404 3622 quis
437 3540 539 3622 possit
566 3539 682 3622 eloqui,
709 3539 843 3604 maxims
872 3540 900 3604 ei
928 3539 1066 3605 uelimus
1096 3559 1156 3604 nou
1185 3539 1354 3604 aceruatim

206 3649 323 3710 cuncta
346 3664 522 3729 congerere,
547 3645 603 3710 sed
626 3646 657 3710 in
677 3645 814 3730 singulis
838 3645 1010 3710 inmorari?
1034 3647 1069 3711 ln
1093 3647 1172 3729 ipsis
1195 3647 1355 3728 postremo

243 3924 443 3978 texercitatae
463 3940 496 3989 a,·
514 3923 657 3993 exeratrgb
755 3922 855 3992 partim
874 3923 1041 3976 necessariae
1062 3923 1148 3975 obab
1245 3921 1353 3990 partim]

205 4012 336 4082 pnromb
409 4012 577 4081 uoluptariae
597 4011 651 4080 b9;
670 4011 840 4064 uoluntariae
861 4027 980 4079 cappa
1053 4015 1080 4062 et
1098 4013 1161 4064 ute
1209 4011 1241 4062 13
1261 4027 1355 4078 expec-

206 4100 331 4154 tantibus
351 4101 431 4168 abp¹
542 4101 574 4153 14
593 4102 621 4153 in
641 4098 795 4152 occidendis
810 4116 832 4168 p
925 4101 956 4153 15
976 4097 1213 4152 inrationabilibus
1234 4099 1304 4166 obp
1311 4117 1355 4169 pp

210 4193 241 4242 lb
261 4189 392 4242 aduersus
411 4189 509 4258 impios
528 4189 601 4241 mele
619 4188 740 4256 rescript.
760 4204 774 4241 e
848 4189 880 4242 18
901 4186 1118 4257 praeparandap
1197 4188 1229 4241 19
1249 4186 1356 4257 quodp

204 4280 242 4331 20
262 4278 343 4332 etad
363 4277 477 4332 indice
541 4277 813 4346 22eloquutionisp
876 4279 909 4330 25
930 4276 1158 4346 dimensionsmp
1226 4277 1259 4328 27
1280 4277 1354 4344 eogi-

207 4368 348 4435 tationep
402 4366 487 4419 29111
508 4372 572 4419 ursle
591 4367 657 4434 ipsis
677 4383 727 4419 ons.
748 4383 761 4418 e
