3192 4959
296 456 360 519 596
648 451 675 505 S.
703 452 858 506 Aurelii
887 453 1102 521 Augustini

294 647 367 711 liter
394 647 593 712 incredibilia
620 648 755 712 credidit
781 649 943 712 mundus?
978 649 1027 714 An
1050 649 1131 714 forte
1155 649 1320 714 credibilia
1343 649 1439 714 iniisse

295 758 327 819 et
344 754 416 819 idco
436 755 556 819 credita
575 773 645 820 esse
665 754 780 819 dicturi
801 758 898 818 sunt?
923 753 1012 834 Quur
1031 773 1106 839 ergo
1125 754 1188 837 ipsi
1206 775 1268 820 non
1289 755 1439 820 credunt?

292 861 408 925 Breuis
433 866 482 925 est
504 861 605 944 igitur
626 864 736 926 nostra
758 861 938 944 conplexio:
970 861 1037 926 Aut
1062 861 1259 926 incredibilis
1282 863 1339 939 rei,
1365 881 1440 944 quaa

293 988 352 1032 non
382 968 561 1045 uidebatur,
590 968 651 1032 alia
678 967 887 1046 incredibilia,
912 987 993 1050 quae
1020 971 1128 1034 tamen
1151 967 1270 1032 fiebant
1297 971 1331 1032 et
1356 968 1440 1032 uide-

292 1075 417 1152 bantur,
441 1074 586 1139 fecerunt
612 1074 723 1150 lidemr
756 1079 813 1139 aut
840 1079 997 1140 certares
1021 1075 1261 1152 itacredibilis,
1287 1078 1325 1139 nt
1347 1075 1440 1138 nullis
1468 1097 1479 1132 ι

293 1181 410 1264 quibus
433 1180 678 1264 persuaderetur
700 1181 864 1246 miraculis
888 1181 1054 1267 indigeret,
1078 1181 1212 1246 istorum
1241 1181 1374 1244 nimiam
1397 1200 1439 1245 re-

293 1287 420 1370 darguit
442 1285 673 1351 infidelitatem.
710 1287 782 1352 Hoc
805 1286 845 1352 ad
868 1287 1058 1352 refellendos
1081 1287 1276 1352 uanissimos
1301 1287 1438 1351 dixerim.

290 1393 374 1458 Nam
401 1394 487 1457 facta
515 1411 586 1458 esse
612 1393 716 1457 multa
742 1393 907 1470 miracula,
937 1412 1017 1476 quae
1045 1393 1281 1458 adtestarentur
1306 1393 1357 1457 illi
1388 1395 1438 1458 nni

293 1499 403 1582 grandi
422 1499 606 1582 salubrique
625 1500 790 1575 miraculo,
812 1519 874 1582 quo
895 1499 1041 1565 Christus
1060 1500 1092 1562 in
1114 1498 1237 1564 caelum
1257 1518 1332 1564 curn
1352 1519 1438 1564 carne

290 1605 322 1669 in
346 1625 410 1687 qua
431 1607 602 1670 resurrexit
625 1605 800 1682 adscendit,
824 1625 938 1690 negare
966 1625 1027 1671 non
1051 1625 1234 1689 possumus.
1258 1607 1295 1670 In
1321 1607 1436 1670 eisdem
1453 1631 1473 1668 n

293 1713 410 1795 qnippe
443 1712 659 1777 ueracissimis
691 1712 782 1776 libris
816 1716 930 1776 cuncta
962 1713 1140 1795 conscripta
1171 1715 1256 1786 suut,
1292 1715 1326 1781 et
1362 1731 1436 1793 qnae

289 1819 374 1883 facta
402 1825 488 1895 sunt,
513 1822 701 1904 etpropter
728 1819 815 1902 qnod
838 1820 1029 1884 credendum
1052 1820 1138 1884 iacta
1105 1821 1245 1884 ιιιιιι.
1282 1819 1380 1896 Haec,
1403 1822 1435 1883 ut

290 1926 385 1990 tidem
413 1927 563 2004 facerent,
539 1927 811 2000 tinnotnerun;
784 1927 922 1990 tbaec
949 1945 1006 2008 per
1032 1925 1137 2002 fidem,
1161 1945 1257 2008 quam
1286 1926 1433 1996 focerunt

290 2031 392 2097 multo
425 2033 542 2098 clarius
572 2033 786 2097 innotescunt.
823 2032 987 2116 Leguntur
1018 2033 1135 2115 quippe
1166 2032 1200 2096 in
1231 2033 1370 2115 populis,
1400 2036 1432 2095 ut

289 2139 470 2214 credentum
495 2158 553 2204 nec
575 2139 607 2202 in
631 2140 758 2222 populis
782 2143 890 2202 tamea
913 2138 976 2204 nisi
1000 2139 1120 2202 credita
1140 2139 1331 2223 legerentur.
1355 2139 1428 2203 Nam
1447 2160 1465 2198 o

291 2245 388 2310 ctiam
411 2266 493 2310 nrrnc
512 2245 594 2310 liunt
612 2245 766 2310 miracula
783 2245 814 2309 in
835 2246 903 2309 eius
923 2245 1060 2321 nomine,
1080 2246 1149 2309 siue
1166 2263 1223 2328 per
1242 2247 1429 2310 sacramenta

290 2352 358 2417 eins
392 2351 461 2416 siue
492 2371 549 2436 per
577 2352 735 2417 orationes
763 2351 818 2416 uel
845 2351 1014 2416 momoriae
1048 2354 1230 2416 sanctorum
1263 2351 1346 2426 eius;
1379 2350 1427 2414 sed

289 2479 350 2523 non
380 2458 491 2523 eadem
518 2458 662 2523 claritate
689 2459 911 2534 inlustrantur,
936 2461 973 2522 ut
999 2459 1089 2522 tanta
1116 2461 1234 2540 quanta
1256 2458 1314 2523 illa
1336 2455 1426 2542 gloria

290 2565 502 2631 diffamentur.
540 2565 646 2630 Canon
670 2565 788 2647 quippe
813 2583 973 2628 sacrarum
995 2564 1185 2642 litterarum,
1210 2583 1306 2646 quern
1329 2563 1425 2628 defini·

287 2675 357 2735 tum
390 2689 461 2735 esse
493 2670 669 2752 oportebat,
696 2670 753 2734 illa
785 2671 864 2735 facit
896 2671 1015 2752 ubique
1047 2671 1173 2734 recitari
1205 2673 1238 2734 ct
1265 2670 1424 2734 memoriae
1439 2691 1458 2728 a·

289 2782 475 2842 cunctorum
498 2778 660 2841 inhaerere
679 2777 883 2860 populorum;
908 2777 986 2841 baec
1005 2780 1112 2841 autem
1131 2777 1327 2858 ubicumque
1345 2775 1423 2844 fiunt

287 2883 333 2947 ibi
361 2883 507 2948 sciuntur
534 2885 587 2948 uix
615 2903 633 2946 a
657 2887 726 2948 tota
747 2884 819 2966 ipsa
842 2883 974 2948 ciuitate
996 2883 1050 2947 uel
1074 2901 1275 2965 quocumque
1300 2899 1423 2947 comma·

288 2990 429 3053 nentium
462 2989 543 3055 loco.
581 2988 662 3054 Nam
691 2991 879 3072 plerumque
908 2989 1004 3053 etiam
1036 2989 1082 3053 ibi
1112 2988 1300 3071 paucissimi
1330 2989 1422 3052 sciunt

287 3095 506 3180 ignorantibus
531 3097 655 3171 ceteris,
679 3096 815 3160 maxime
839 3096 867 3160 si
890 3114 1006 3180 magna
1029 3096 1072 3160 sit
1095 3095 1225 3170 ciuitas;
1255 3098 1288 3159 et
1310 3092 1421 3178 quando

288 3201 363 3265 alibi
392 3201 526 3282 aliisque
553 3207 727 3276 narrantur,
751 3222 812 3267 non
840 3203 929 3266 tanta
956 3221 993 3266 ea
1021 3201 1223 3266 commendat
1251 3200 1453 3266 circuduce

287 3313 324 3372 ut
352 3307 419 3371 siue
447 3307 636 3372 difficultate
664 3310 717 3373 uel
745 3307 943 3372 dubitatione
972 3309 1148 3386 credantur,
1173 3307 1321 3390 quamuis
1345 3305 1419 3372 Chri-

288 3415 399 3480 stianis
422 3415 571 3480 fidelibus
595 3435 613 3478 a
636 3415 784 3480 fidelibus
809 3416 996 3481 indicentur.

330 3521 530 3598 Miraculum,
555 3519 640 3602 qnod
663 3520 835 3585 Mediolani
858 3521 978 3585 lactum
1003 3525 1063 3596 cst,
1089 3540 1162 3586 cum
1185 3521 1254 3586 illic
1278 3537 1417 3588 essemus.

286 3627 410 3708 quando
433 3627 642 3691 inluminatus
666 3629 716 3691 est
743 3646 869 3706 caecus,
897 3627 937 3692 ad
958 3627 1133 3692 multorum
1157 3627 1303 3692 notitiam
1326 3624 1416 3708 potuit

286 3733 460 3816 peruenire,
490 3733 563 3816 quia
593 3737 625 3797 et
653 3733 780 3816 grandis
809 3738 860 3798 est
884 3734 998 3799 ciuitas
1022 3738 1055 3798 et
1076 3733 1121 3797 ibi
1145 3736 1212 3798 erat
1235 3737 1310 3799 tunc
1332 3733 1413 3813 impe·
1427 3747 1456 3786 aa

323 3943 336 3994 1
358 3946 421 3996 ante
439 3941 524 4047 scrip
527 3942 589 4046 i(puio)
608 3959 626 4010 9
679 3942 696 3994 2
715 3941 768 4012 ipsi
787 3959 851 4012 ergo
871 3958 911 4010 cp
972 3944 991 3996 4
1009 3940 1164 3997 sciebantur
1184 3945 1212 3996 et
1231 3940 1384 3996 uidebantur
1394 3951 1411 4004 p

285 4058 583 4120 distornomomniam,
607 4057 679 4110 eicco
701 4057 766 4111 stilo
790 4074 860 4112 corr.
863 4075 904 4128 ,9
994 4058 1173 4120 Smiraculo,
1198 4070 1384 4112 oacacorr.
1399 4067 1410 4100 e

285 4162 457 4214 quaesoque
475 4146 660 4199 adminisculo
680 4163 764 4200 onae
816 4147 847 4199 11
868 4151 983 4215 atquae
1003 4145 1267 4214 lactaruntomp
1315 4145 1344 4197 11
1361 4155 1408 4194 ιιι

283 4262 376 4327 tionis,
395 4261 522 4314 eatilo
510 4278 641 4328 conpraus,
658 4280 677 4330 9
747 4263 928 4330 ιιιιιιιοιίιιι9
996 4263 1029 4317 19
1049 4227 1259 4327 (11118ιιι811ιιμιι.
1279 4263 1408 4322 ΗΜΛ

284 4348 320 4401 20
338 4349 440 4401 ricitari
456 4365 475 4417 9
510 4349 544 4400 28
563 4349 722 4402 miraculum
741 4350 842 4420 quippe
862 4349 934 4418 quod
948 4367 971 4418 p
1012 4350 1047 4404 30
1066 4351 1130 4420 quia
1150 4351 1189 4420 et]
1211 4367 1263 4420 qap
1278 4366 1296 4418 9
1343 4344 1408 4398 ulie
