3192 4959
381 454 431 507 De
460 456 634 508 ciuitate
662 454 724 508 dei
753 453 818 507 lib.
846 454 902 507 XV.
932 470 1007 523 cap.
1037 456 1060 507 l.
1252 457 1294 519 59

148 650 286 731 duntque
325 654 500 727 nascentes
538 650 672 713 istarum
710 647 843 711 duarum
880 647 1060 723 ciuitatum,
1102 647 1141 710 de
1178 647 1295 728 quibus

148 758 360 839 disputamus
386 776 536 821 excursus
560 760 618 820 est.

189 863 293 929 Natus
319 868 369 928 est
391 864 490 949 igitur
512 864 597 945 prior
621 861 695 928 Cain
722 882 757 926 ex
780 863 846 926 illis
871 862 995 928 duobus
1021 862 1144 946 generis
1163 861 1295 926 humani

145 972 340 1055 parentibus,
370 970 527 1053 pertinens
557 970 595 1035 ad
623 970 787 1034 hominum
817 970 992 1046 ciuitatem,
1023 970 1180 1051 posterior
1201 969 1293 1045 Abel,

117 1078 182 1141 eud
217 1077 384 1142 ciuitatem
419 1078 488 1141 Dei.
527 1076 617 1141 Siout
651 1076 732 1141 enirn
764 1077 796 1139 in
830 1095 893 1140 uno
926 1076 1063 1154 homine,
1097 1075 1182 1158 quod
1215 1075 1295 1138 dixit

145 1184 322 1267 apostolus,
357 1184 544 1267 experimur,
583 1183 657 1265 quia
689 1202 758 1247 non
790 1183 949 1265 primunr
984 1182 1080 1266 quod
1114 1182 1291 1266 spiritale

145 1296 211 1365 est,
237 1291 305 1355 sed
329 1290 426 1373 quod
450 1290 622 1367 animale,
646 1292 779 1372 postea
805 1290 981 1371 spiritale
1005 1289 1101 1371 (unde
1120 1288 1292 1371 unusquis-

145 1416 214 1479 que,
259 1397 408 1479 quoniam
452 1415 486 1460 en
530 1394 676 1460 damnata
712 1395 884 1479 propagine
921 1394 1068 1471 exoritur,
1110 1394 1212 1476 primo
1250 1394 1294 1457 sit

144 1522 273 1568 neeesse
298 1508 348 1568 est
371 1524 405 1568 ex
429 1503 530 1567 Adam
553 1502 657 1567 maius
682 1503 784 1585 adque
809 1502 956 1576 earnalis;
990 1501 1073 1583 quod
1097 1501 1181 1565 siin
1205 1500 1293 1567 Chri-

104 1636 127 1675 ιο
145 1615 228 1673 stum
258 1609 450 1675 renascendo
475 1610 653 1694 profecerit,
682 1614 756 1691 post
779 1610 839 1674 erit
861 1610 963 1675 bonus
983 1613 1015 1673 et
1039 1605 1221 1691 spir'italie):
1246 1608 1293 1672 sie

143 1716 172 1780 in
192 1716 345 1781 uniuerso
370 1736 483 1800 genere
503 1718 651 1793 humano,
671 1736 745 1781 oum
764 1717 901 1799 primum
921 1716 1001 1779 duae
1021 1716 1100 1780 istae
1120 1720 1293 1797 coeperunt

143 1824 302 1888 nascendo
321 1823 422 1905 adque
446 1824 607 1889 moriendo
631 1842 812 1907 procurrere
837 1823 995 1897 ciuitates,
1019 1822 1104 1905 prior
1127 1824 1176 1885 est
1198 1824 1293 1885 uatus

144 1931 223 1995 ciuis
243 1930 339 1995 huius
359 1930 489 2007 saeculi,
509 1930 668 2014 posterius
689 1934 796 1993 autem
815 1931 879 1994 isto
898 1930 1084 2013 peregrinus
1108 1929 1138 1991 in
1164 1929 1291 1993 saeculo

144 2042 174 2101 et
204 2037 369 2120 pertinens
401 2036 441 2101 ud
474 2038 637 2101 ciuitatem
670 2037 740 2115 Dei,
775 2038 877 2121 gratia
908 2036 1162 2119 praedestinatus
1190 2034 1293 2119 gratia

105 2144 275 2223 selectae,
300 2145 402 2228 gratia
423 2144 607 2229 peregrinus
633 2144 781 2209 deorsum
806 2143 907 2228 gratia
931 2143 1012 2207 einis
1041 2162 1178 2208 sursum.
1209 2140 1291 2205 Nam
1383 2173 1385 2176 ·

145 2256 298 2332 quantum
323 2250 362 2315 ad
384 2250 492 2333 ipsum
516 2250 646 2328 adtinet,
671 2270 706 2315 ex
731 2250 839 2315 eadem
864 2269 972 2315 massa
994 2250 1103 2326 oritur,
1128 2268 1208 2331 quae
1233 2247 1291 2311 ori-

144 2359 291 2440 ginaliter
319 2362 369 2421 est
392 2361 460 2423 totu
483 2358 643 2433 damnata;
675 2357 731 2423 sed
755 2362 918 2439 tamquam
941 2356 1060 2441 figulus
1085 2356 1172 2419 Deus
1197 2352 1291 2440 (hano

144 2466 225 2529 enim
255 2464 499 2529 similitudinem
527 2485 587 2529 non
616 2464 814 2546 inpudenter,
843 2463 901 2528 sed
923 2463 1095 2546 prudenter
1118 2460 1293 2526 introducit

144 2572 321 2653 apostolus)
345 2590 381 2635 en
400 2571 509 2635 eudem
533 2590 640 2636 massa
667 2571 745 2635 feeit
768 2570 856 2635 aliud
879 2590 936 2635 uas
959 2571 991 2633 in
1015 2569 1175 2647 honorem,
1204 2567 1290 2631 atiud

102 2701 126 2739 2⁰
143 2678 173 2741 in
196 2678 434 2743 contumeliam.
457 2677 550 2743 Prius
575 2681 681 2742 autem
705 2678 826 2742 tactum
851 2681 900 2741 est
923 2695 981 2742 uas
1000 2678 1031 2740 in
1052 2675 1288 2752 coutumeliam,

143 2790 215 2865 post
238 2803 313 2849 uero
338 2785 472 2849 alterum
496 2784 707 2863 inhonorem,
733 2784 807 2867 quia
826 2787 858 2849 et
879 2784 912 2847 in
936 2784 1006 2867 ipso
1026 2802 1099 2860 uno,
1124 2782 1208 2847 siout
1226 2780 1289 2844 iam

144 2892 213 2972 diri,
237 2892 366 2957 homine
390 2892 478 2973 prius
499 2897 549 2956 est
571 2892 750 2974 reprobum,
775 2891 857 2955 uude
882 2910 1010 2955 neeesse
1031 2896 1081 2954 est
1098 2889 1289 2972 incipiamus

144 3003 173 3061 et
199 2998 256 3063 uhi
284 3018 345 3062 non
375 3002 425 3061 est
454 3016 581 3062 neeesse
609 3003 645 3062 ut
672 3016 902 3073 remaneamus,
931 2997 1091 3081 posterius
1121 3015 1195 3060 uero
1220 3014 1289 3077 pro-

142 3102 226 3179 bnur,
247 3123 310 3185 quo
330 3102 527 3185 proficientes
547 3103 714 3167 ueniamus
731 3106 764 3166 et
782 3122 844 3185 quo
860 3103 1080 3185 peruenientes
1096 3121 1288 3165 maneamus.

101 3236 124 3275 ee
142 3210 274 3273 Proinde
307 3228 367 3273 non
402 3209 531 3291 quidem
564 3210 666 3273 omnis
700 3210 795 3273 homo
828 3211 932 3273 mulus
965 3210 1025 3273 erit
1051 3209 1164 3283 bonus,
1196 3226 1287 3272 nemo

142 3322 245 3379 tamen
276 3317 337 3379 erit
369 3315 470 3379 honus
504 3316 558 3397 qui
585 3334 647 3379 non
676 3320 743 3380 erat
771 3317 889 3393 malus3
922 3316 977 3380 sed
1007 3318 1123 3397 quanto
1153 3315 1288 3397 quisque

142 3422 233 3486 eitius
266 3425 411 3486 mutatur
442 3421 472 3485 in
507 3422 632 3499 melius,
671 3422 730 3486 hoo
763 3422 794 3485 in
828 3442 862 3485 se
895 3422 972 3486 taoit
1010 3421 1164 3485 nominari
1202 3420 1286 3503 quod

142 3527 348 3609 adprehendit
376 3528 520 3603 celerius,
550 3532 582 3591 et
609 3529 782 3610 posteriore
808 3529 949 3611 cooperit
972 3527 1165 3592 uocabulum
1189 3527 1287 3609 prius.

142 3632 299 3715 Scriptum
325 3638 375 3697 est
397 3634 506 3715 itaque
530 3634 567 3697 de
594 3634 680 3711 Cain,
706 3635 789 3717 quod
810 3634 984 3699 condiderit
1004 3635 1182 3709 ciuitatem
1206 3633 1288 3698 Abel

101 3770 123 3809 ru
141 3748 244 3803 autem
272 3746 435 3823 tamquam
463 3742 646 3827 peregrinus
674 3762 735 3806 non
768 3742 917 3807 condidit.
956 3742 1098 3825 Superna
1126 3745 1175 3805 est
1203 3741 1286 3804 enim

227 3968 244 4021 6
265 3966 290 4019 l.
310 3964 370 4020 Cor.
391 3966 432 4029 15,
451 3968 486 4021 46
543 3967 669 4020 191tom.
691 3968 715 4035 9,
735 3968 767 4021 21

173 4092 188 4143 6
209 4086 284 4158 quod
302 4104 361 4157 sup.
382 4088 430 4142 lin.
454 4088 480 4141 V
558 4091 575 4143 8
595 4108 626 4145 er
645 4090 722 4144 adam
742 4095 807 4145 nata
827 4091 916 4146 αὺῙοι
1001 4094 1033 4146 13
1052 4092 1188 4161 posteriue
1211 4090 1258 4145 Va
1263 4110 1285 4159 p

136 4176 255 4243 Domh.;
280 4177 414 4246 posterior
439 4178 507 4231 abo
635 4180 666 4232 18
694 4180 860 4250 inpudenter
890 4181 1009 4251 Vb²e¹p
1037 4181 1152 4244 Domh.,·
1179 4181 1285 4250 inprud.

139 4266 194 4318 uh¹
206 4265 314 4333 e²puv
412 4267 444 4321 19
464 4266 539 4321 uliud
558 4268 585 4321 in
606 4272 722 4321 contum.
742 4286 828 4338 usque
847 4270 886 4323 ad
903 4272 931 4323 in
950 4270 1079 4323 honorem
1099 4271 1117 4325 l.
1137 4273 1172 4324 21
1190 4287 1241 4324 om.
1261 4270 1284 4324 6¹

139 4355 172 4407 26
191 4353 294 4421 bonus]
314 4354 347 4407 ho
368 4355 488 4423 (hemoth
509 4374 522 4411 e
