3192 4959
303 467 355 522 De
383 467 556 523 oiuItato
585 467 646 523 dei
673 469 738 524 lib.
765 467 883 525 XVIIII.
910 485 984 540 cap.
1012 469 1128 524 24—27.
1227 471 1290 536 421

141 665 332 747 populus,
373 662 492 728 ouius
534 666 597 728 ost
632 661 830 727 Dominus
873 662 980 727 Deus
1016 661 1162 746 ipsius
1195 662 1295 728 Miser

140 771 243 856 igitur
274 771 412 854 populus
444 769 484 834 ab
515 769 578 834 isto
612 769 766 834 alienatus
800 769 879 836 Deo.
911 768 1028 854 Diligit
1058 774 1163 835 tamen
1197 771 1293 835 otiam

139 877 211 961 ipse
245 876 402 959 ornandam
435 894 546 958 paoem
574 894 666 941 auam
694 894 756 940 non
784 875 1021 958 inprobandam,
1046 896 1140 962 quam
1166 876 1292 960 quidem

140 1004 203 1050 non
236 983 368 1048 habebit
398 983 430 1047 in
462 983 534 1060 fine,
569 981 642 1065 quia
674 1001 734 1046 uon
769 1001 806 1047 ea
836 982 916 1047 beno
948 983 1052 1049 utitur
1084 988 1156 1049 ante
1188 983 1294 1049 finem.

114 1091 234 1155 aHano
270 1092 378 1154 autem
416 1093 453 1153 ut
487 1089 615 1153 interim
647 1089 764 1154 babeat
793 1089 826 1152 iu
860 1089 920 1154 baa
954 1091 1032 1167 uita,
1066 1089 1162 1154 otiam
1194 1088 1296 1155 nostri

139 1197 293 1272 interest3
321 1195 480 1278 quoniam,
508 1195 661 1278 quamdiu
688 1197 861 1278 permixtae
889 1201 964 1261 sunt
991 1197 1102 1262 ambae
1135 1197 1295 1272 ciuitates,

143 1303 266 1368 utimur
296 1307 329 1367 et
350 1321 407 1368 nos
430 1320 508 1385 paee
531 1302 723 1386 Babylonis;
748 1321 784 1366 er
808 1320 871 1384 qua
893 1303 939 1366 ita
961 1321 1017 1385 per
1038 1301 1132 1367 fidem
1156 1303 1294 1387 populus

143 1410 203 1474 Dei
225 1409 388 1482 liberatur.
412 1411 450 1473 ut
472 1412 550 1492 aput
568 1408 649 1473 hano
666 1406 794 1472 iuterim
813 1407 1041 1494 peregrinetur.
1060 1408 1192 1492 Propter
1211 1408 1296 1492 quod

143 1521 176 1580 et
203 1517 369 1599 apostolus
397 1515 565 1581 admonuit
592 1515 770 1592 ecelesiam,
800 1518 838 1579 ut
867 1517 971 1580 oraret
993 1534 1048 1598 pro
1071 1515 1202 1601 regibus
1227 1517 1295 1582 eius

103 1645 127 1684 ιο
143 1621 248 1704 adque
271 1621 475 1698 sublimibus,
504 1621 622 1686 addens
646 1626 678 1686 et
702 1622 829 1686 diceus:
853 1621 905 1687 Ut
928 1621 1108 1704 quietam
1132 1628 1171 1687 ot
1193 1625 1295 1687 tran-

144 1729 318 1811 quillam
349 1727 477 1792 uitam
506 1746 670 1811 agamus
699 1747 784 1792 oum
818 1726 922 1793 omni
950 1728 1107 1811 pietate
1136 1732 1174 1795 et
1197 1729 1296 1794 eari-

144 1837 241 1911 tate,
274 1836 307 1898 et
338 1834 493 1917 propbeta
519 1833 711 1909 HIeremias,
740 1853 813 1899 oum
841 1835 959 1918 populo
989 1835 1049 1899 Dei
1076 1835 1178 1901 ueteri
1205 1855 1295 1918 prae·

143 1943 306 2005 nuntiaret
333 1940 555 2023 captiuitatem
585 1941 617 2004 et
645 1941 801 2006 diuinitus
829 1940 1010 2024 imperaret,
1034 1945 1072 2006 ut
1094 1941 1298 2007 oboedienter

142 2047 227 2112 irent
252 2048 285 2112 iu
308 2047 518 2130 Babyloniam
543 2047 610 2112 Deo
639 2066 697 2112 suo
727 2047 825 2112 etiam
847 2048 912 2113 ista
934 2047 1089 2130 patientia
1114 2050 1299 2114 seruientes

101 2153 271 2218 remonuit
303 2157 336 2217 et
366 2153 436 2236 ipse
468 2157 506 2218 ut
533 2157 676 2219 oraretur
701 2173 756 2236 pro
785 2153 843 2218 illa
866 2154 990 2219 diosus:
1019 2152 1121 2233 Quia
1143 2156 1181 2220 in
1208 2156 1295 2220 eius

145 2262 209 2323 ast
230 2279 327 2342 pare
350 2279 423 2343 par
442 2263 593 2336 uestra,
612 2261 725 2343 utique
744 2261 871 2325 interim
890 2261 1086 2344 temporalis,
1105 2281 1186 2345 quaa
1205 2263 1297 2328 bonis

142 2366 300 2449 malisque
325 2368 502 2432 communis
526 2371 586 2432 est.

576 2558 714 2626 CAPUT
735 2560 867 2626 XXVII.

145 2703 200 2767 De
222 2720 321 2784 paee
348 2700 618 2767 seruientium
643 2702 735 2780 Deo,
750 2703 879 2777 ,ouius
897 2705 1082 2786 perfecta
1103 2707 1298 2788 tranquil-

101 2809 247 2873 mlitas
271 2807 310 2872 in
333 2808 408 2873 bau
430 2810 650 2891 temporali
674 2808 762 2874 uita
785 2828 860 2875 uon
880 2813 1020 2893 potest
1039 2811 1297 2896 adprehendi.

188 2949 254 3013 Par
286 2951 393 3013 autem
421 2951 531 3013 nostra
557 2949 683 3032 propria
711 2954 743 3015 ot
771 2949 823 3013 hio
856 2953 907 3014 est
935 2970 1008 3016 oum
1031 2951 1100 3016 Deo
1124 2952 1297 3036 perfidem

143 3059 175 3120 et
203 3056 236 3118 in
265 3056 427 3119 aeteruum
456 3056 516 3119 erit
544 3074 618 3119 oum
644 3056 701 3120 illo
726 3075 782 3138 per
806 3057 956 3139 speciem.
987 3057 1050 3123 Sed
1074 3058 1125 3124 bio
1149 3059 1219 3123 siue
1243 3060 1299 3124 illa

142 3160 324 3225 eommunis
347 3161 417 3226 sino
440 3163 549 3225 nostra
571 3162 697 3244 propria
716 3162 791 3227 talis
817 3167 867 3228 est
885 3183 953 3246 par,
974 3167 1011 3228 ut
1030 3162 1186 3230 solacium
1204 3166 1299 3231 misa-

141 3268 208 3330 riae
233 3266 276 3330 sit
299 3265 407 3347 potius
427 3287 522 3350 quam
541 3267 748 3332 beatitudiuis
768 3268 932 3352 gaudium.
952 3269 1027 3353 ipsa
1045 3289 1172 3353 quoquo
1191 3274 1299 3336 nostra

99 3397 124 3435 a
140 3372 281 3448 iustitia,
306 3374 454 3456 quamuis
477 3393 554 3437 uera
576 3375 619 3438 sit
642 3378 772 3456 propter
793 3395 907 3440 uerum
927 3376 1001 3440 boni
1020 3377 1124 3456 finam,
1145 3376 1185 3442 ad
1204 3397 1298 3459 quem

140 3479 289 3554 refertur,
321 3483 427 3544 tamen
455 3483 545 3545 tanta
571 3483 621 3545 est
648 3481 680 3544 in
710 3483 768 3546 baa
797 3481 875 3557 uita,
907 3486 945 3546 nt
971 3484 1079 3565 potius
1112 3484 1299 3550 remissione

141 3589 348 3669 peccatorum
384 3589 509 3651 oonstet
540 3606 635 3669 quam
668 3587 862 3671 perfectione
900 3589 1068 3655 uirtutum.
1106 3589 1211 3656 Testis
1250 3595 1299 3656 est

238 3812 272 3865 10
293 3814 316 3864 1.
335 3809 404 3864 Tim.
423 3811 449 3873 2,
469 3812 486 3864 2
543 3813 576 3865 15
594 3812 712 3866 Hieram.
733 3814 776 3875 29,
797 3815 813 3867 7
869 3815 903 3868 22
922 3817 947 3870 2.
968 3815 1027 3870 Cor.
1049 3817 1075 3880 5,
1094 3817 1108 3870 7

181 3936 196 3991 1
221 3935 281 3988 eius
301 3937 352 3997 of
439 3935 456 3988 2
480 3935 534 3988 isto
559 3935 747 4005 anappum
770 3936 831 4007 ipso
852 3955 865 4006 ρ
888 3937 988 3992 Donrb.
1097 3940 1155 4009 ipse
1181 3941 1263 3994 ettam
1284 3958 1299 3994 a

141 4023 266 4077 betiam
285 4021 373 4075 nostri
391 4027 580 4090 orea.;nostra
599 4025 716 4078 etiamn
781 4027 869 4080 'IDei
888 4027 1038 4096 populoso
1105 4027 1137 4082 12
1155 4033 1298 4098 praesunt.

143 4146 242 4214 codd,
259 4149 402 4241 uenturam
420 4150 561 4216 praebunt.
581 4164 598 4202 n
668 4151 701 4204 14
719 4151 748 4204 iu
767 4149 863 4218 Babyl.
883 4150 989 4206 irorata
1063 4154 1096 4206 15
1115 4131 1162 4222 pro
1181 4152 1249 4222 ipso,
1268 4154 1300 4207 in

141 4289 230 4338 uturp.
249 4247 408 4340 pruillas
506 4274 542 4326 22
564 4273 624 4344 beo,
645 4291 658 4344 p
680 4291 714 4326 m.
735 4277 756 4326 2
777 4275 809 4326 in
835 4291 933 4340 o·oa.,e
1032 4277 1067 4330 24
1091 4277 1127 4330 sit
1150 4278 1265 4347 populus
1282 4296 1300 4347 p

142 4361 179 4413 25
199 4361 260 4413 ueri
278 4358 378 4413 bouiv
431 4362 465 4413 27
486 4365 590 4430 peccat.
610 4363 714 4416 remiss.
732 4379 749 4416 v
