3192 4959
371 464 422 517 De
450 464 624 519 ciuitate
652 462 713 517 dei
740 463 806 518 lib.
835 463 920 519 XVII.
951 480 1025 535 cap.
1049 466 1074 519 9.
1232 468 1295 531 237

143 658 448 723 misericordiam
491 662 615 722 antem
658 678 773 723 meam
815 678 884 723 non
928 678 1119 724 amoueam
1157 658 1199 723 ab
1238 678 1294 733 eor

143 764 287 829 tactibus
320 764 503 848 significans
531 765 642 847 plagas
671 764 885 846 correptionis.
919 764 1009 829 Unde
1037 764 1117 828 illud
1147 769 1209 829 est:
1243 763 1296 829 Ne

145 870 363 954 tetigeritis
401 870 566 935 christos
603 889 718 935 meos.
752 869 844 949 Quod
878 870 954 953 quid
987 874 1037 935 est
1070 871 1167 949 aliud,
1201 890 1296 954 quam

143 979 194 1041 ‘ne
218 977 408 1041 laeseritis’?
432 976 468 1039 ln
487 977 610 1059 psalmo
630 996 705 1041 uero
726 996 798 1041 cum
818 986 927 1060 ageret
942 980 1104 1058 tamquam
1124 978 1161 1040 da
1181 977 1296 1055 Dauid,

111 1088 182 1153 sut
209 1083 362 1166 quiddam
391 1084 570 1149 eiusmodi
594 1084 689 1147 etiam
713 1084 758 1147 ibi
782 1084 915 1149 diceret:
947 1083 986 1148 Si
1010 1084 1294 1167 dereliquerint,

141 1190 260 1272 inquit,
289 1189 368 1254 filii
398 1190 479 1254 eius
508 1190 629 1273 legem
656 1209 774 1254 meam
803 1192 840 1255 ct
868 1190 904 1253 in
927 1190 1084 1253 iudiciis
1108 1190 1200 1255 nreis
1225 1210 1295 1255 non

143 1296 442 1372 ambulauerint3
476 1297 509 1361 si
538 1296 845 1361 iustificationes
876 1316 975 1360 meas
1004 1296 1295 1378 prolanauarint

142 1406 181 1465 et
208 1402 386 1466 mandata
413 1422 493 1467 mea
520 1422 591 1467 nou
626 1402 895 1468 custodierint:
924 1402 1093 1481 uisitabo
1123 1402 1157 1466 in
1187 1402 1296 1487 uirga

140 1508 377 1590 iniquitates
403 1528 528 1574 eornm
552 1512 588 1573 et
611 1509 647 1572 in
671 1509 843 1592 flagellis
864 1509 1006 1573 delicta
1025 1528 1164 1584 eorum3
1185 1510 1293 1573 mise-

97 1614 350 1679 cricordiam
387 1621 510 1681 autem
548 1635 664 1681 meam
701 1635 770 1679 non
809 1615 1022 1699 dispergam
1060 1616 1102 1679 ab
1137 1634 1190 1680 eo.
1222 1615 1294 1679 Non

140 1721 222 1785 dixit
244 1722 295 1784 ‘ab
321 1721 387 1799 eis’,
412 1740 484 1787 cum
507 1724 691 1804 loqueretur
714 1723 753 1786 de
776 1721 852 1787 filiis
876 1723 956 1799 eius,
981 1742 1041 1787 non
1067 1722 1105 1786 de
1128 1722 1212 1805 ips03
1238 1721 1294 1787 sed

140 1828 222 1892 dixit
253 1829 300 1892 ab
334 1848 386 1907 eo,
420 1829 503 1911 quod
535 1830 615 1893 bene
646 1829 848 1893 intellectum
881 1829 1066 1893 tantundem
1096 1829 1189 1894 ualet.
1222 1826 1292 1891 Non

139 1934 225 1998 anim
251 1934 371 2000 Christi
393 1935 507 2018 ipsius,
532 1936 617 2018 quod
640 1938 689 1999 est
713 1939 811 2018 caput
829 1936 991 2011 ecclesiae,
1010 1940 1142 2018 possent
1159 1933 1295 1997 inueniri

141 2041 208 2105 nlla
229 2045 373 2123 peccata,
398 2061 478 2124 qnae
502 2061 582 2126 opus
606 2046 693 2107 esset
716 2043 862 2106 humanis
893 2041 1144 2125 correptionibus
1169 2043 1294 2105 seruata

95 2170 120 2208 ιε
138 2148 363 2213 misericordia
384 2148 539 2213 diuinitus
564 2148 736 2221 coherceri:
762 2148 818 2213 sed
842 2149 873 2213 in
897 2148 966 2213 eius
990 2167 1174 2231 corporeae
1196 2166 1292 2210 urem-

138 2254 217 2332 bris,
250 2254 337 2336 quod
368 2256 505 2338 populus
538 2255 608 2321 eius
640 2258 698 2321 est.
731 2255 807 2320 Ideo
835 2256 867 2319 in
895 2256 976 2320 libro
1004 2274 1187 2339 regnorum:
1222 2254 1291 2317 lni-

139 2360 281 2442 qnitas
312 2360 399 2423 eius
434 2359 562 2437 diuitum
595 2362 627 2425 in
654 2362 778 2443 psalmo
807 2366 930 2425 autern:
958 2360 1158 2425 Filiorum
1187 2360 1291 2431 einer

138 2469 174 2530 nt
207 2465 437 2550 intellegamus
469 2467 507 2531 de
537 2467 608 2551 ipso
642 2467 704 2532 dici
737 2467 874 2550 quodum
906 2467 1010 2544 modo,
1045 2466 1129 2548 quod
1158 2465 1196 2530 de
1224 2466 1292 2531 eius

138 2590 273 2655 corpore
297 2572 422 2638 dicitnr.
446 2573 580 2657 Propter
603 2574 801 2655 quodetiam
822 2574 891 2657 ipse
911 2573 949 2638 de
969 2575 1066 2651 caelo,
1087 2591 1158 2637 cum
1178 2591 1292 2655 corpus

94 2679 222 2755 areius,
257 2679 342 2761 qnod
375 2684 451 2744 sunt
477 2680 587 2744 fideles
615 2680 695 2758 eius,
729 2678 845 2744 Saulus
874 2682 1130 2762 persequeretur:
1163 2678 1292 2755 Saule,
1395 2710 1398 2717 .

136 2784 257 2866 inquit,
287 2784 418 2863 Saule,
446 2786 548 2867 quidv
571 2804 629 2849 me
655 2786 944 2869 persequeris?
972 2784 1094 2849 Deinde
1123 2785 1155 2847 in
1185 2802 1292 2848 conse-

138 2890 317 2970 quentibus
354 2891 482 2973 psalmi:
524 2890 652 2973 Neque
688 2892 842 2969 nocebo,
884 2891 998 2972 inquit,
1036 2891 1074 2955 in
1111 2890 1292 2955 ueritate

138 3016 238 3077 mea,
264 3016 393 3078 neque
417 2998 640 3080 profanabo
664 3001 957 3063 testamentum
977 3017 1113 3073 meum,
1134 3000 1173 3061 et
1192 3016 1291 3078 quae

137 3102 372 3187 procedunt
404 3104 448 3167 de
482 3105 607 3169 labiis
640 3106 740 3169 mois
777 3124 851 3169 non
888 3104 1121 3188 reprobabo.
1160 3102 1291 3169 Semel

93 3210 280 3277 miuraui
316 3210 356 3273 in
393 3216 535 3275 sancto
572 3230 667 3289 meo,
705 3214 739 3277 si
771 3212 903 3277 Dauid
941 3211 1132 3285 mentiar3
1163 3210 1196 3274 id
1230 3214 1291 3288 est,

136 3336 344 3399 nequaquam
376 3317 482 3381 Dauid
513 3318 656 3382 mentiar.
690 3316 779 3382 Solet
811 3318 893 3383 enim
927 3319 972 3383 sic
1004 3317 1093 3400 loqui
1127 3316 1290 3399 scripture.

138 3423 227 3503 Quid
254 3426 362 3488 autem
390 3444 452 3489 non
480 3426 661 3501 mentiatur,
690 3424 835 3509 adiungit
865 3428 897 3489 et
920 3424 1012 3489 dicit:
1037 3424 1177 3490 Semen
1202 3424 1290 3489 eius

137 3532 178 3595 in
199 3534 411 3596 aeternum
433 3534 577 3609 mauet3
608 3535 646 3594 et
670 3531 783 3595 sedes
809 3530 898 3596 eius
923 3532 1034 3596 sicut
1057 3530 1118 3595 sol
1142 3531 1179 3593 in
1205 3548 1303 3603 con,

138 3643 291 3723 spectu
325 3656 419 3715 mco,
452 3640 490 3701 et
523 3638 635 3701 sicut
665 3638 760 3703 luna
791 3639 978 3722 perlecta
1005 3637 1043 3701 in
1073 3640 1288 3713 aeternum,

93 3771 120 3811 ro
140 3750 182 3811 et
203 3743 331 3810 testis
355 3744 394 3808 in
418 3745 531 3810 caelo
554 3744 709 3810 fidelis.

231 3972 311 4025 ars.
332 3970 392 4035 104,
413 3972 447 4025 15
536 3968 732 4034 senuaar
753 3985 812 4039 sqq.
903 3970 939 4024 20
957 3970 1017 4023 Act.
1038 3969 1100 4031 9‚4
1190 3968 1224 4021 22
1243 3966 1288 4021 Ps.

138 4061 183 4123 88,
204 4062 240 4115 34
258 4078 317 4131 sqq.
374 4061 406 4115 37
426 4060 463 4113 ib.
483 4076 508 4113 u,
529 4060 563 4113 37
582 4076 623 4129 sq.

176 4187 194 4241 3
212 4184 340 4255 tetigeris
358 4185 383 4238 ι1
455 4186 472 4238 9
490 4183 607 4253 flagellis
626 4183 670 4237 ub
682 4200 784 4252 eppo·
804 4182 962 4237 uerberibus
982 4202 996 4253 ρ
1015 4180 1113 4235 Domb.
1188 4179 1289 4235 delicta

138 4292 275 4345 aeppu;
293 4278 407 4345 peccata
426 4274 466 4343 bp
484 4273 584 4327 Domb.
640 4275 674 4328 14
693 4273 905 4327 correctionibus
922 4290 940 4343 p
1003 4272 1037 4325 28
1056 4273 1149 4325 munet
1168 4271 1290 4339 eppnf

137 4366 256 4431 Domb.‚·
273 4362 397 4417 manebit
416 4361 512 4431 adpo
567 4362 602 4416 30
620 4362 714 4416 fideles
732 4361 760 4430 q¹
