3192 4959
304 477 370 540 278
648 476 675 529 S.
703 474 861 528 Aurelii
889 474 1108 545 Augustini

305 671 381 734 dum
405 669 592 754 suffragium
616 669 815 735 conuocauit.
838 670 990 735 Consulta
1007 670 1107 753 igitur
1125 672 1332 736 multitudine
1351 692 1447 737 mares

303 796 360 859 pro
388 777 547 859 Neptuno,
575 776 711 841 feminae
737 796 793 859 pro
817 777 962 842 Minerua
984 777 1086 842 tulere
1110 780 1295 859 sententias,
1324 781 1449 862 etquis

305 902 368 947 una
389 884 463 967 plus
486 884 616 948 inuenta
639 887 690 948 est
710 884 910 961 feminarum,
942 884 1087 948 Minerua
1109 886 1198 949 uicit.
1223 886 1312 951 Tunc
1334 886 1447 968 Neptu·

305 1010 365 1054 nus
397 990 497 1054 iratus
531 989 657 1054 marinis
689 989 842 1054 fluctibus
871 991 1128 1081 exaestuantibus
1157 995 1256 1056 terras
1283 992 1447 1057 Athenien·

306 1097 390 1160 sium
413 1097 585 1180 populatus
609 1100 672 1171 est;
703 1096 851 1180 quoniam
881 1116 1028 1181 spargere
1051 1097 1149 1162 latins
1174 1099 1335 1180 quaslibet
1356 1118 1479 1181 aquaso

1552 352 1558 538 l

1552 545 1556 584 1

306 1195 436 1267 difficile
468 1202 673 1267 daemonibus
701 1222 763 1268 non
792 1207 850 1267 est.
882 1202 979 1268 Cuius
1010 1207 1048 1268 nt
1074 1204 1236 1269 iracundia
1266 1205 1447 1287 placaretur.
1552 1239 1555 1278 ρ

308 1310 423 1391 triplici
447 1310 605 1392 supplicio
634 1310 712 1373 dicit
734 1310 819 1375 idem
843 1314 954 1375 auctor
982 1310 1020 1374 ab
1044 1310 1291 1376 Atheniensibus
1315 1311 1447 1375 adiectas

306 1435 377 1479 esse
409 1415 570 1491 mulieres,
604 1420 641 1480 ut
672 1416 760 1481 nulla
791 1418 927 1481 ulterius
950 1417 1067 1481 fenent
1094 1418 1255 1502 suffragia,
1285 1421 1321 1483 ut
1348 1417 1447 1482 nullos

306 1522 504 1587 nascentium
532 1527 709 1587 maternum
733 1542 848 1588 nomen
873 1522 1041 1605 acciperet,
1065 1529 1162 1589 utne
1187 1526 1258 1606 quis
1283 1544 1336 1589 eas
1360 1525 1446 1588 Albe-

306 1648 401 1692 naeus
433 1633 571 1695 uocaret.
604 1630 655 1693 Ita
686 1628 742 1693 illa
770 1630 896 1707 ciuitas,
929 1634 1030 1694 mater
1060 1634 1115 1695 aut
1143 1632 1247 1695 nutrix
1274 1631 1445 1695 liberalium
1460 1656 1481 1695 ro

307 1734 520 1799 doctrinarum
557 1738 590 1800 et
626 1739 675 1800 tot
707 1739 930 1818 tantorumque
967 1737 1239 1819 philosophorum,
1278 1758 1342 1820 qna
1377 1738 1447 1801 nihil

307 1839 419 1905 babuit
452 1841 586 1906 Graecia
612 1843 727 1907 clarius
756 1843 858 1925 adque
885 1844 1035 1921 nobilius,
1064 1844 1302 1909 ludificantibus
1330 1845 1446 1909 daemo-

306 1948 400 2011 nibus
425 1948 462 2011 de
485 1949 542 2012 lite
565 1950 695 2014 deorum
720 1968 860 2028 suorum,
885 1950 981 2013 maris
1006 1952 1038 2013 et
1060 1950 1205 2026 feminae,
1237 1954 1269 2014 et
1292 1950 1331 2014 de
1354 1952 1445 2016 niem·

307 2054 354 2117 ria
385 2074 440 2136 per
474 2056 607 2121 feminas
636 2055 769 2120 feminae
797 2055 938 2119 Athenas
967 2076 1079 2121 nomen
1108 2058 1241 2139 accepit,
1271 2062 1304 2121 et
1326 2078 1345 2122 a
1366 2057 1445 2121 nicto

307 2160 394 2223 laesa
429 2161 531 2243 ipsam
572 2163 713 2227 uictricis
745 2162 914 2243 uictoriam
946 2163 1058 2245 punire
1094 2165 1248 2246 conpulsa
1284 2167 1343 2239 est,
1379 2164 1481 2245 plnse

308 2287 405 2349 aquas
429 2268 570 2351 Neptuni
589 2288 683 2351 qnam
702 2269 866 2333 Mineruae
886 2289 972 2334 arma
989 2270 1172 2335 formidans.
1192 2268 1273 2334 Nam
1293 2269 1325 2333 in
1345 2268 1445 2332 mulie·

307 2374 406 2451 ribus,
437 2394 516 2457 quae
546 2375 591 2440 sic
619 2376 750 2459 punitae
779 2380 863 2454 sunt,
893 2379 925 2440 et
947 2376 1091 2441 Minerua
1121 2395 1200 2459 quae
1224 2376 1347 2440 uicerat
1369 2376 1447 2440 nicta

308 2483 372 2550 estc
397 2500 454 2545 nec
478 2481 580 2546 adsuit
603 2481 874 2566 suffragatricibus
897 2482 977 2559 suis,
1001 2486 1038 2547 ut
1061 2482 1285 2567 suffragiorum
1309 2483 1447 2561 deinceps

307 2586 430 2669 perdita
452 2592 611 2669 potestate
635 2593 667 2653 et
689 2588 833 2653 alienatis
857 2588 932 2654 filiis
957 2610 975 2653 a
997 2590 1177 2655 nominibus
1201 2594 1337 2653 matrum
1360 2586 1447 2655 Athe-

308 2712 403 2757 naeas
437 2697 549 2759 saltem
578 2696 687 2759 uocari
714 2695 825 2760 liceret
853 2700 885 2760 et
912 2696 980 2761 eius
1010 2696 1086 2760 deae
1115 2696 1226 2761 mereri
1254 2694 1484 2771 uocabulumro

309 2818 405 2879 quarn
430 2802 492 2865 uiri
516 2802 567 2865 dei
590 2802 754 2865 uictricem
777 2802 918 2866 fecerant
939 2803 1067 2867 ferendo
1091 2802 1289 2887 suffragium.
1314 2800 1397 2881 erae
1419 2806 1447 2863 el

309 2910 427 2988 quanta
449 2908 521 2971 hinc
545 2908 607 2972 dici
629 2914 770 2991 possent,
795 2910 857 2973 nisi
881 2929 984 2974 sermo
1008 2910 1048 2973 ad
1071 2909 1132 2973 alia
1154 2912 1348 2992 properaret!

783 3102 922 3167 CAPUT
945 3102 984 3167 X.

310 3242 408 3323 Quid
431 3202 545 3308 Varro
581 3244 704 3308 tradat
736 3244 778 3308 de
812 3244 1092 3326 nuncupatione
1126 3244 1313 3328 Areopagi
1345 3246 1379 3307 et
1407 3240 1445 3303 de

667 3350 813 3415 diluuio
838 3342 1098 3415 Deucalionis.
1461 3384 1484 3423 a

354 3493 395 3556 lit
434 3496 540 3557 tamen
580 3493 708 3558 Marcus
746 3492 845 3558 Varro
887 3512 948 3557 non
990 3494 1063 3557 uult
1104 3491 1259 3557 fabulosis
1302 3491 1444 3555 aduersus

310 3598 385 3663 deos
418 3598 513 3663 fidem
546 3599 693 3663 adbibere
726 3598 899 3683 figmentis,
930 3618 968 3663 ne
1002 3599 1040 3664 de
1068 3598 1246 3663 maiestatis
1276 3618 1379 3663 eornm
1404 3592 1445 3657 di·

311 3706 432 3788 gnitate
463 3705 628 3788 indignum
661 3705 782 3788 aliquid
816 3706 940 3771 sentiat.
969 3707 1010 3770 lit
1041 3706 1112 3770 ideo
1136 3724 1194 3770 nec
1217 3706 1320 3770 Areon
1342 3719 1445 3786 pogen,

310 3812 365 3875 ubi
397 3830 469 3876 cum
496 3813 745 3877 Atheniensibus
773 3812 893 3878 Paulus
923 3814 1087 3896 apostolus
1117 3812 1305 3894 disputabit,
1334 3830 1368 3875 er
1389 3824 1443 3889 quo

1302 3920 1306 3957 l

402 4004 436 4057 29
454 4004 515 4060 Act.
536 4004 568 4057 17

346 4130 444 4199 3plus
464 4146 554 4197 unap
635 4128 843 4182 cstinuenlao
921 4132 979 4181 turn
998 4144 1036 4197 ep
1109 4128 1287 4181 deiectase
1357 4124 1385 4177 10
1400 4124 1445 4173 aut

310 4234 387 4284 mee.;
404 4235 468 4271 aco
533 4218 563 4270 ll
585 4217 650 4286 qnia
665 4235 683 4288 p
746 4218 782 4271 20
801 4218 927 4285 saltimp
990 4218 1024 4271 22
1044 4218 1151 4287 possint
1166 4234 1184 4286 p
1244 4218 1279 4271 24
1298 4210 1407 4284 ariopagi
1421 4222 1444 4275 Ρ

311 4308 346 4361 26
365 4312 393 4360 ct
410 4310 502 4359 temen
520 4322 599 4375 mss.;
617 4312 738 4360 etiamen
757 4323 773 4361 v
846 4306 880 4359 28
899 4311 924 4359 ct
943 4310 1010 4371 279,
1031 4309 1050 4358 8
1069 4322 1149 4360 araon
1168 4321 1259 4375 psgon
1279 4320 1351 4367 mas.‚·
1368 4304 1442 4355 Areo·

310 4410 434 4464 pagono
