3192 4959
670 377 697 431 S.
726 376 883 430 Aurelii
910 377 1126 448 Augustini

772 570 911 638 CAPUT
933 572 1022 638 XIII.

323 718 379 780 An
409 720 569 800 tempus
598 714 908 800 persecutionis
937 715 1193 782 Antichristi
1220 715 1333 780 mille
1358 716 1459 780 annis

682 821 1024 888 adnumerandum
1049 823 1115 887 sit.

367 966 456 1030 Haec
482 965 663 1047 persecutio
691 965 878 1041 nouissima,
908 983 987 1046 quae
1010 966 1119 1031 futura
1142 970 1192 1031 est
1214 966 1252 1031 ab
1277 967 1459 1034 Antichristo

322 1073 423 1158 (sicut
453 1074 517 1138 iam
549 1072 696 1143 diximus,
730 1072 805 1155 quia
838 1076 870 1137 et
900 1073 932 1137 in
965 1074 1024 1139 hoc
1051 1073 1131 1138 libro
1161 1074 1308 1158 superius
1338 1081 1371 1140 et
1396 1079 1492 1160 aputs

323 1180 486 1246 Danielem
506 1179 692 1262 prophetam
711 1179 853 1261 positum
872 1179 944 1262 est),
964 1180 1067 1245 tribus
1087 1181 1176 1245 annis
1196 1184 1228 1246 et
1242 1199 1296 1246 sex
1311 1183 1459 1247 mensibus

324 1288 394 1352 erit.
424 1287 517 1368 Quod
543 1290 683 1369 tempus,
712 1288 860 1369 quamuis
884 1288 1042 1372 exiguum,
1072 1295 1178 1353 utrum
1203 1287 1241 1352 ad
1265 1289 1355 1354 mille
1378 1307 1460 1353 annos

322 1394 489 1479 pertineat,
509 1395 625 1476 quibus
649 1397 681 1459 et
705 1394 868 1460 diabolum
890 1395 1027 1480 ligatum
1051 1395 1131 1460 dicit
1149 1399 1181 1460 et
1199 1397 1328 1462 sanctos
1346 1415 1460 1480 regnare

322 1522 397 1568 cum
425 1501 563 1580 Christo,
592 1521 629 1566 an
654 1503 774 1567 eisdem
803 1503 892 1567 annis
915 1504 975 1568 hoc
1003 1523 1138 1586 paruum
1162 1503 1301 1585 spatium
1327 1501 1460 1585 superad-

323 1608 416 1673 datur
444 1608 546 1690 adque
574 1611 660 1673 extra
687 1609 740 1688 sit,
769 1609 883 1676 merito
912 1609 1100 1694 ambigitur3
1130 1609 1214 1692 quia,
1248 1610 1275 1674 si
1304 1609 1491 1674 dixerimusn

324 1714 363 1778 ad
392 1713 519 1779 eosdem
549 1733 646 1780 anuos
669 1715 730 1780 hoc
752 1715 919 1798 pertinere,
947 1735 1008 1780 non
1032 1720 1121 1781 tanto
1144 1719 1298 1798 tempore,
1328 1715 1383 1780 sed
1403 1733 1459 1797 pro·
1548 1721 1549 1800 l

322 1820 432 1886 liriore
452 1838 525 1886 cum
545 1820 670 1887 Christo
689 1841 824 1906 regnum
844 1825 1026 1888 sanctorum
1043 1823 1219 1905 reperietur
1237 1822 1361 1888 extendi
1380 1841 1459 1904 quarn
1548 1805 1549 1816 ³

323 1926 469 1991 diabolus
494 1925 636 2009 adligari.
669 1926 815 1992 Profecto
845 1927 927 1991 enim
957 1927 1056 1992 sancti
1088 1946 1160 1994 cum
1192 1947 1249 1993 suo
1277 1947 1352 2011 rege
1379 1927 1458 1992 etiam

322 2035 354 2099 in
378 2033 450 2116 ipsa
466 2033 634 2116 praecipue
653 2033 876 2115 persecutione
894 2034 1073 2118 regnabunt
1090 2034 1174 2098 mala
1192 2037 1281 2099 tanta
1299 2035 1458 2106 uincentes,
1548 2043 1549 2046 ’

323 2139 449 2223 quando
486 2139 551 2203 ianr
589 2138 737 2204 diabolus
774 2159 836 2204 non
871 2141 931 2205 erit
962 2141 1134 2226 adligatus,
1167 2143 1205 2205 ut
1236 2159 1291 2208 eos
1328 2138 1458 2224 persequi
1471 2164 1489 2204 s

323 2246 470 2312 omnibus
494 2245 618 2312 uiribus
640 2247 755 2329 possit.
781 2244 850 2324 Quo
875 2247 968 2312 modo
994 2265 1068 2330 ergo
1092 2247 1156 2311 ista
1179 2246 1337 2329 scriptura
1355 2246 1457 2312 eisdem

322 2352 411 2417 mille
435 2353 525 2418 annis
548 2355 720 2435 utrumque
744 2352 942 2431 determinat,
967 2353 1088 2418 diaboli
1107 2353 1231 2418 scilicet
1249 2352 1457 2438 adilgationem

321 2477 520 2543 regnumque
548 2463 741 2537 sanctorum,
770 2478 844 2524 cum
876 2459 974 2524 trium
1004 2479 1155 2524 annorum
1184 2462 1217 2524 et
1245 2479 1297 2524 ser
1329 2477 1457 2524 mensum

320 2565 488 2630 interuallo
514 2566 601 2649 prins
630 2565 755 2630 desinat
782 2565 935 2650 adligatio
965 2565 1083 2631 diaboli
1111 2585 1205 2649 quam
1229 2585 1361 2651 regnum
1384 2584 1456 2630 ssnc·

321 2676 427 2737 torum
454 2671 486 2737 in
510 2672 560 2736 his
589 2673 677 2738 annis
706 2673 795 2737 mille
824 2691 896 2737 cum
927 2673 1076 2738 Christo?
1106 2671 1139 2738 Si
1168 2674 1276 2738 autem
1305 2672 1488 2738 dixerimusc

320 2797 456 2861 paruum
487 2779 718 2861 persecutionis
750 2778 847 2844 huius
880 2782 941 2844 hoc
973 2779 1113 2863 spatium
1145 2799 1206 2844 non
1239 2777 1455 2862 conputandun

321 2885 352 2948 in
376 2884 464 2948 mille
488 2885 587 2958 annis,
616 2884 672 2949 sed
697 2885 742 2951 eis
766 2885 895 2968 inpletis
919 2885 1027 2968 potius
1052 2885 1264 2956 adiciendum.
1293 2889 1329 2950 ut
1350 2881 1455 2968 proprie

322 2991 425 3074 possit
451 2991 605 3075 intellegi,
637 2992 733 3075 quod,
764 3012 838 3058 cum
867 2993 1015 3058 dixisset:
1050 2991 1297 3058 Sacerdotes
1329 2991 1396 3056 Dei
1424 2993 1455 3052 et

322 3096 482 3162 Christi
508 3099 739 3182 regnabunt
766 3119 853 3163 cum
883 3118 925 3164 eo
955 3098 1070 3164 mille
1100 3099 1226 3178 annis,
1261 3099 1388 3164 adiecit:
1416 3095 1455 3160 Et

322 3221 409 3266 curn
432 3202 549 3267 liniti
572 3202 729 3268 fuerint
751 3204 865 3268 mille
890 3205 994 3282 anni,
1019 3205 1211 3270 soluetur
1234 3208 1397 3270 satanas
1417 3201 1484 3264 des

322 3309 513 3373 custodia
545 3329 631 3379 sua:
665 3309 728 3375 isto
761 3308 846 3374 enim
879 3309 973 3375 modo
1004 3313 1036 3376 et
1067 3329 1201 3394 regnum
1232 3315 1404 3376 sanctorum
1428 3311 1453 3369 et

323 3415 487 3481 ulnculum
521 3414 637 3480 diaboli
672 3417 769 3482 simul
802 3421 965 3481 cessatura
999 3435 1068 3482 esse
1098 3416 1265 3502 significat,
1297 3421 1333 3480 nt
1358 3410 1452 3479 deinde
1549 3433 1550 3504 l

320 3522 550 3604 persecutionis
578 3523 666 3587 illius
690 3526 818 3604 tempus
847 3543 904 3588 nec
930 3523 967 3587 ad
993 3526 1175 3588 sanctorum
1198 3542 1328 3608 regnum
1350 3541 1402 3586 nec
1420 3517 1452 3582 ud
1549 3513 1550 3580 I

201 3717 206 3730 ·
320 3629 499 3694 custodiam
523 3633 660 3705 satanae,
685 3648 818 3712 quorum
843 3633 1014 3712 utrumque
1042 3630 1073 3694 in
1097 3631 1185 3694 mille
1210 3631 1299 3696 annis
1321 3635 1375 3706 est,
1397 3645 1451 3709 per·
1549 3633 1550 3688 3

414 3821 430 3873 5
449 3837 475 3888 p.
495 3822 558 3882 445,
581 3819 613 3873 13
668 3821 684 3873 6
705 3819 775 3873 Dan.
797 3820 829 3872 12

357 3942 429 3995 3sit
448 3958 623 4011 annumer.p
678 3943 765 3996 ierit
784 3945 872 4000 onai
930 3943 962 3998 10
982 3945 1097 3998 extraxit
1112 3962 1144 4014 p;
1162 3944 1200 3998 sit
1219 3947 1324 3999 ertrsu
1379 3939 1448 3996 ambi·

322 4030 446 4099 gimusd
498 4033 530 4085 15
550 4030 622 4084 dieb.
642 4031 696 4084 iam
715 4031 815 4085 Donet.
869 4033 900 4086 17
922 4033 999 4086 annis
1019 4033 1127 4087 milles
1173 4033 1206 4088 18
1226 4048 1359 4088 mensuum
1378 4031 1448 4099 ow

322 4153 433 4221 Dorrrt.,·
452 4155 585 4245 mensium
607 4172 701 4224 {repo
750 4157 786 4210 20
805 4157 880 4210 mille
900 4158 1011 4212 anniso
1062 4159 1096 4211 22
1116 4159 1158 4228 ut]
1179 4161 1243 4227 etp
1292 4159 1324 4211 24
1338 4113 1446 4210 rumille.

320 4278 353 4331 r'rr
372 4296 456 4347 rrrcrp.
477 4295 518 4344 eo,
538 4296 550 4332 e
