3192 4959
348 473 402 527 De
427 474 599 527 ciuitate
627 474 688 527 dei
716 475 781 529 lib.
809 474 894 528 XVII.
924 492 998 545 cap.
1027 478 1052 529 4.
1213 480 1279 542 213

134 670 301 745 Domine,
340 688 490 733 sernum
527 673 633 733 tuum
668 670 706 733 in
743 688 845 751 pace,
888 672 1062 752 quoniam
1099 670 1279 735 uiderunt

134 775 238 839 oeuli
266 775 340 838 mei
363 776 532 839 salutare
555 778 672 840 tuum.
700 776 795 840 Dioat
817 778 926 859 itaque
950 778 1098 842 eeclesia:
1122 778 1279 841 Laetata

135 902 216 946 sum
245 881 284 945 in
308 882 471 945 salutari
499 886 579 960 tuo;
609 882 783 965 quoniam
808 902 877 948 non
902 886 960 948 est
983 886 1149 959 sanetus,
1174 884 1279 947 siout

135 989 330 1063 Dominus,
360 991 397 1052 et
424 1007 493 1053 non
524 992 582 1053 est
608 989 748 1066 iustus,
778 990 881 1054 siout
903 989 1002 1054 Deus
1027 994 1169 1066 nostem
1200 991 1279 1052 tam-

108 1115 231 1179 sqnam
260 1100 390 1159 sanetus
417 1098 450 1158 et
477 1094 688 1170 sanctificans,
716 1095 823 1159 iustus
848 1098 880 1159 et
902 1095 1088 1161 laetificans.
1118 1094 1196 1159 Non
1222 1100 1280 1159 est

135 1208 292 1268 sanetus
324 1204 475 1283 praeter
505 1205 554 1277 te,
589 1202 663 1284 quia
694 1221 786 1266 nemo
820 1202 856 1267 fit
888 1203 950 1267 nisi
981 1202 1036 1267 aba
1064 1204 1105 1267 te.
1135 1202 1279 1283 Denique

136 1310 296 1393 sequitur:
319 1308 449 1373 Nolite
474 1308 634 1393 gloriari
658 1312 695 1373 et
713 1309 835 1374 nolite
856 1309 960 1391 loqui
980 1311 1138 1383 excelsa,
1159 1326 1277 1389 neque

136 1421 244 1482 exeat
276 1414 580 1499 magniloquium
614 1416 654 1479 de
687 1435 748 1481 ore
786 1418 933 1493 uestr03
972 1415 1144 1499 quonlam
1177 1414 1279 1478 Dens

136 1524 386 1588 scientiarum
418 1522 609 1588 Dominus.
642 1523 716 1604 Ipse
748 1541 807 1587 uos
841 1524 911 1599 soit,
946 1527 977 1587 ot
1006 1522 1059 1587 ubi
1087 1540 1177 1586 nemo
1203 1521 1279 1595 aeit;

98 1630 289 1711 roquoniam
322 1629 384 1710 qai
417 1631 529 1710 putat
561 1646 599 1693 se
632 1629 779 1711 aliquid
808 1648 901 1705 esse,
931 1648 1012 1693 cum
1036 1628 1132 1693 nibil
1156 1628 1217 1705 sit,
1242 1646 1280 1691 se

135 1739 259 1819 ipsum
291 1734 453 1799 seducit.
482 1736 570 1798 Haeo
599 1735 747 1801 dicuntur
775 1737 963 1802 aduersariis
993 1736 1133 1801 ciuitatis
1159 1736 1218 1799 Dei
1242 1732 1280 1799 ad

136 1842 344 1925 Babyloniam
372 1840 612 1925 pertinentibus,
642 1842 680 1906 de
709 1860 767 1905 sua
794 1844 914 1907 uirtute
938 1842 1226 1925 praesumentibus,
1251 1840 1280 1903 in

138 1970 182 2026 se,
201 1969 264 2014 non
283 1948 316 2011 in
335 1947 472 2012 Domino
495 1948 719 2031 gloriantibus3
744 1968 780 2013 ex
800 1949 914 2031 quibus
935 1954 1010 2015 sunt
1025 1950 1120 2013 etiam
1140 1948 1282 2013 carnales

136 2056 311 2131 israelitae,
325 2058 479 2118 'terrenae
508 2054 709 2118 Hierusalem
737 2055 825 2120 eines
848 2056 1032 2139 terrigenae,
1057 2056 1121 2138 qui,
1146 2058 1183 2119 ut
1206 2054 1284 2118 dioit

99 2163 316 2247 eapostolus,
348 2160 567 2245 ignorantes
600 2162 667 2226 Dei
700 2162 895 2227 iustitiam
929 2162 973 2245 (id
1008 2165 1067 2239 est,
1101 2180 1194 2243 quam
1228 2160 1282 2225 dat

137 2270 258 2336 bomini
281 2268 380 2346 Dens,
404 2268 459 2350 qui
482 2268 570 2332 solus
590 2273 639 2333 est
657 2270 763 2333 iustus
783 2270 886 2352 adque
904 2268 1094 2353 iustificam)
1119 2272 1155 2332 et
1179 2286 1281 2332 suam

138 2378 316 2441 uolentes
346 2374 583 2439 constituere
610 2375 657 2458 (id
685 2378 734 2440 est
761 2377 852 2440 uelut
882 2394 900 2440 a
923 2396 956 2441 se
980 2375 1041 2441 sibi
1064 2379 1197 2458 partam,
1221 2394 1282 2439 non

138 2484 175 2546 ab
198 2483 257 2546 illo
276 2480 470 2565 inpertitam)
489 2482 666 2547 institiae
685 2481 754 2545 Dei
773 2501 843 2546 non
863 2485 953 2547 sunt
971 2483 1149 2559 subiecti,
1168 2482 1281 2563 utique

139 2589 213 2670 quia
237 2588 377 2671 superbi,
405 2589 443 2653 de
467 2606 526 2653 suo
550 2591 708 2672 putantes,
739 2607 799 2652 non
825 2589 863 2653 de
887 2588 957 2667 Dei,
982 2608 1077 2671 posse
1099 2588 1223 2670 plaeere
1248 2606 1281 2651 se

99 2718 125 2758 ao
141 2697 217 2773 Deo,
243 2694 298 2778 qui
322 2698 373 2759 est
394 2695 483 2759 Dens
506 2694 709 2760 scientiarum
728 2694 829 2776 adque
851 2694 922 2759 ideo
940 2700 972 2759 et
991 2694 1106 2759 arbiter
1125 2694 1283 2759 eonscien-

140 2802 265 2881 tiarnm,
287 2802 334 2866 ibi
355 2801 467 2866 uidens
491 2802 699 2886 cogitationes
718 2802 893 2878 hominum,
912 2802 1060 2885 quoniam
1079 2820 1178 2867 nanae
1199 2804 1283 2877 sunt,

143 2911 168 2972 si
190 2910 356 2973 bominum
375 2914 451 2973 eunt
470 2912 502 2973 et
519 2910 558 2973 ab
578 2910 634 2973 illo
653 2928 714 2973 non
735 2912 818 2972 sunt.
839 2908 885 2972 Et
908 2928 1144 2992 praeparans,
1168 2909 1282 2991 inquit,

144 3016 432 3082 adiuuentiones
460 3036 558 3080 suns.
589 3015 675 3095 Quas
703 3014 943 3080 adiuuentiones
972 3018 1133 3099 putamus,
1163 3014 1224 3078 nisi
1248 3020 1285 3077 ut

144 3124 269 3206 superbi
293 3123 408 3187 cadant
430 3127 462 3187 et
484 3123 621 3187 humiles
646 3126 798 3205 surgant?
822 3122 888 3186 Hes
909 3123 1024 3206 quippe
1044 3120 1284 3185 adiuuentiones

101 3231 323 3313 ueraequitur
347 3230 468 3295 dicens:
492 3231 611 3294 Arous
642 3230 857 3312 potentium
889 3228 1113 3293 infirmatus
1147 3230 1214 3305 est,
1249 3230 1285 3291 et

147 3338 285 3401 infirmi
314 3338 524 3421 praecineti
552 3341 640 3401 sunt
667 3337 823 3401 uirtute.
848 3336 1029 3400 Infirmatus
1054 3339 1102 3399 est
1127 3354 1227 3412 arcus,
1250 3334 1284 3397 id

148 3448 192 3507 est
221 3444 354 3509 intentio
388 3464 506 3522 eornm,
540 3444 593 3526 qni
621 3447 688 3507 tam
714 3447 861 3525 potentes
886 3442 946 3507 sibi
970 3442 1128 3519 uidentur,
1158 3444 1195 3505 ut
1218 3441 1284 3505 sine

147 3549 202 3613 bei
229 3550 311 3616 dono
339 3551 441 3634 adque
469 3551 624 3616 adiutorio
653 3551 792 3615 humana
816 3549 1007 3614 sufficientia
1030 3548 1139 3614 diuina
1161 3548 1285 3631 possint

147 3654 259 3739 inplere
291 3658 448 3733 mandata,
482 3661 515 3722 et
546 3657 792 3740 praecinguntur
828 3656 958 3725 uirtute.
996 3675 1130 3738 quorum
1163 3656 1285 3719 interna

102 3780 130 3820 so
149 3781 206 3826 uox
227 3770 289 3829 est:
311 3764 492 3829 Miserere
514 3764 597 3843 mei,
617 3764 783 3842 Domine,
806 3764 978 3846 quoniam
998 3762 1173 3826 infirmus
1194 3781 1284 3826 sum.

231 3990 423 4057 10Gal.6‚3
479 3992 512 4045 15
531 3990 606 4043 Rom.
623 3990 695 4056 10‚3
751 3990 783 4044 21
805 3988 848 4045 Ps.
869 3989 912 4053 93,
933 3990 963 4043 11
1021 3987 1202 4054 30Ps.6,3

182 4114 198 4166 2
219 4116 291 4169 laeta
309 4115 335 4171 εί
461 4116 477 4168 7
502 4116 612 4185 gloriari
632 4115 790 4185 ob¹eppp
801 4118 826 4179 f
846 4113 959 4180 Donrb.;
983 4114 1051 4182 glor.
1071 4112 1185 4181 superbe
1205 4112 1284 4164 b²oo

151 4202 256 4257 9nemo
274 4205 345 4259 site
413 4204 446 4259 10
465 4220 494 4259 se
512 4205 599 4275 ipsum
619 4221 648 4258 se
666 4204 772 4258 inducit
789 4220 803 4256 e
872 4202 903 4256 16
924 4201 1022 4271 adque]
1044 4205 1103 4255 eto
1178 4200 1210 4253 17
1230 4204 1285 4251 sta·

150 4293 220 4345 tuere
237 4295 287 4356 af
365 4296 472 4363 partam
488 4308 571 4361 9po;
589 4296 710 4362 paratam
732 4291 839 4361 obep,·
857 4290 956 4344 laetam
976 4291 1000 4353 f
1089 4290 1121 4343 19
1141 4304 1169 4341 se
1188 4304 1239 4343 om.
1256 4290 1283 4357 9¹

150 4378 181 4431 ll
199 4385 321 4450 potentes
342 4398 401 4435 esse
420 4397 434 4435 e
486 4380 522 4434 28
541 4380 719 4435 sufficientiae
738 4380 762 4434 e¹
