3192 4959
287 442 353 506 326
638 441 665 494 s
693 440 852 495 Aurelii
881 426 1123 509 Augustini*

287 634 453 719 scripturis
490 635 619 715 sanctis,
654 654 734 718 quae
767 634 967 717 appellantur
1000 634 1178 709 canonicae,
1213 632 1268 697 sed
1300 632 1331 696 in
1364 632 1432 697 aliis

286 742 456 821 inuenitur,
484 743 516 806 in
547 742 663 825 quihus
692 746 768 806 sunt
795 745 828 806 et
850 740 1134 806 Macchabaeorum
1157 740 1241 819 libri,
1271 758 1352 821 quos
1375 758 1433 803 non

285 848 405 922 Iudaei,
439 850 494 914 sed
522 850 658 915 ecclesia
684 868 739 931 pro
773 847 932 912 canonicis
960 848 1056 912 hahet
1083 850 1213 928 propter
1240 845 1433 929 quorundam

287 959 461 1038 martyrum
489 957 654 1039 passiones
688 957 894 1020 uehementes
925 954 1027 1037 adque
1056 953 1229 1032 mirabiles,
1259 953 1323 1035 qui,
1353 956 1435 1016 ante·

287 1082 381 1143 quam
410 1061 557 1126 Christus
585 1060 728 1125 uenisset
754 1061 787 1124 in
818 1080 919 1137 carne,
944 1078 1047 1142 usque
1076 1060 1114 1125 ad
1139 1064 1272 1125 mortem
1297 1078 1353 1141 pro
1378 1058 1468 1123 Deis

286 1168 357 1251 lege
395 1171 555 1233 certarunt
587 1171 620 1231 et
651 1169 736 1231 mala
769 1166 960 1251 grauissima
998 1166 1100 1249 adque
1136 1166 1300 1231 horribilia
1332 1170 1434 1248 pertu-

287 1276 403 1339 lerunt.

698 1465 835 1532 CAPUT
865 1466 1027 1531 XXXVII.

290 1608 402 1688 Quod
425 1608 668 1692 prophetica
691 1608 922 1673 auctoritas
947 1608 1053 1673 omni
1078 1606 1235 1693 origine
1261 1607 1434 1693 gentilis

462 1714 753 1797 philosophiae
776 1716 1013 1779 inueniatur
1042 1714 1262 1797 antiquior.
1451 1738 1471 1779 ro

333 1856 487 1938 Tempore
509 1857 608 1939 igitur
628 1857 855 1939 prophetarum
874 1858 1065 1935 nostromm,
1086 1874 1219 1938 quorum
1238 1855 1301 1919 iam
1322 1854 1436 1937 scripta

289 1963 329 2026 ad
348 1963 493 2027 notitiam
512 1963 575 2027 fere
596 1962 736 2028 omniurn
756 1963 899 2047 gentium
919 1965 1141 2045 peruenerunt,
1162 1965 1194 2025 et
1213 1962 1315 2026 multo
1335 1962 1433 2045 magis

288 2074 363 2151 post
390 2088 444 2134 eos
472 2070 600 2133 fuerunt
626 2068 809 2151 philosophi
838 2070 991 2153 gentium,
1022 2068 1076 2151 qui
1104 2069 1163 2133 hoc
1193 2068 1288 2133 etiarn
1313 2066 1433 2131 nominc

289 2180 486 2251 uocarentur,
516 2176 600 2257 quod
624 2177 729 2258 coepit
751 2196 770 2241 a
793 2176 899 2241 Samio
923 2175 1114 2259 Pythagora,
1146 2175 1200 2256 qui
1225 2192 1261 2238 eo
1285 2178 1433 2257 tempore,

291 2302 352 2366 quo
384 2283 572 2346 Iudaeorum
601 2284 652 2345 est
678 2282 785 2346 soluta
813 2281 994 2363 captiuitas‚
1024 2282 1129 2363 coepit
1156 2281 1308 2345 excellere
1337 2280 1433 2361 adque
1449 2305 1471 2345 a

290 2388 450 2471 cognosci.
478 2388 582 2451 Multo
609 2387 713 2470 magis
742 2406 816 2470 ergo
842 2386 938 2451 ceteri
961 2386 1142 2469 philosophi
1170 2390 1245 2469 post
1266 2386 1432 2468 prophetas

289 2495 488 2578 reperiuntur
519 2495 629 2558 fnisse.
662 2493 743 2557 Nam
770 2494 840 2577 ipse
871 2492 1017 2559 Socrates
1046 2493 1260 2573 Atheniensis,
1288 2493 1435 2577 magister

290 2603 441 2680 omnium,
467 2602 520 2683 qui
539 2605 615 2665 tnnc
633 2601 768 2665 maxime
788 2602 979 2679 claruerunt,
998 2603 1110 2664 tenens
1130 2601 1161 2663 in
1186 2620 1222 2664 ea
1241 2606 1340 2684 parte,
1360 2618 1434 2683 quae

290 2708 419 2773 moralis
442 2708 496 2772 uel
520 2708 625 2771 actiua
649 2707 774 2785 dicitur,
800 2707 1023 2789 principatum,
1046 2711 1122 2789 post
1144 2706 1277 2771 Esdram
1300 2708 1332 2771 in
1352 2707 1434 2771 chro-

290 2814 370 2877 nicis
399 2813 568 2877 inuenitur.
597 2812 667 2876 Non
696 2814 798 2877 multo
828 2814 901 2895 post
929 2812 1024 2875 etiam
1052 2812 1144 2877 Plato
1174 2815 1268 2877 natus
1298 2817 1355 2888 est,
1384 2810 1432 2894 qui
1449 2838 1473 2877 so

290 2923 385 3002 longe
409 2923 531 2983 ceteros
556 2916 695 2982 Socratis
720 2918 895 3001 discipulos
921 2919 1063 2983 anteiret.
1089 2916 1213 2996 Quibus
1238 2920 1266 2983 si
1290 2919 1433 2983 addemus

292 3027 387 3092 etiam
418 3023 606 3107 superiores,
633 3024 687 3107 qui
715 3023 855 3089 nondum
877 3023 1060 3107 philosophi
1083 3025 1291 3104 uocabantur,
1321 3030 1433 3108 septem

291 3133 417 3197 scilicet
439 3131 598 3213 sapientes
623 3150 658 3195 ac
683 3131 795 3195 deinde
819 3132 981 3215 physicos,
1003 3132 1056 3214 qui
1077 3132 1201 3196 Thaleti
1221 3134 1435 3197 successerunt

290 3239 322 3302 in
346 3238 573 3321 perscrutanda
595 3245 707 3301 natura
730 3257 836 3302 rerum
857 3238 999 3302 studium
1020 3238 1088 3302 eius
1107 3238 1236 3317 imitati,
1256 3238 1433 3303 Anaximan-

292 3344 384 3407 drum
417 3344 541 3407 scilicet
574 3346 606 3408 et
636 3343 862 3407 Anaximenem
895 3349 927 3408 ct
954 3346 1171 3429 Anaxagoram
1202 3344 1346 3428 aliosque
1369 3362 1476 3408 non-2⁵

293 3450 409 3528 nullos,
432 3455 602 3533 antequam
626 3451 824 3535 Pythagoras
842 3452 1068 3535 philosophum
1087 3451 1210 3535 primus
1229 3452 1432 3534 profiteretur:

292 3575 349 3622 nee
373 3556 422 3620 illi
445 3558 614 3640 prophetas
639 3561 765 3622 nostros
789 3560 957 3623 uniuersos
977 3558 1129 3639 temporis
1150 3558 1339 3640 antiquitate
1357 3574 1434 3638 prae·

293 3664 419 3742 cedunt,
457 3665 580 3746 quando
614 3665 743 3747 quidem
780 3665 907 3741 Thales,
944 3669 1018 3747 post
1052 3686 1145 3749 quem
1179 3666 1275 3731 ceteri
1308 3666 1433 3733 fuerunt

292 3773 441 3854 regnante
469 3770 605 3835 Romulo
635 3772 807 3837 eminuisse
831 3772 940 3849 fertur,
970 3773 1095 3855 quando
1120 3772 1158 3836 de
1182 3772 1324 3837 fontibus
1347 3768 1435 3835 Israel

332 4049 343 4102 l
366 4066 460 4107 canon.
478 4051 578 4119 appell.
597 4067 613 4104 o
668 4053 684 4105 5
704 4067 783 4104 carne
804 4050 908 4121 oc²9p
927 4050 1041 4118 Domh.‚·
1059 4066 1166 4104 carnem
1186 4050 1262 4105 be¹u
1321 4050 1336 4103 6
1355 4050 1430 4102 ccrtr·

294 4142 393 4191 uerunt
410 4154 427 4192 o
500 4141 533 4193 14
552 4140 641 4193 asamo
661 4138 772 4211 phytag.
789 4157 808 4209 9
890 4140 921 4193 16
942 4156 1005 4209 crgo
1025 4140 1112 4209 nragis
1131 4156 1147 4192 o
1230 4140 1263 4193 19
1282 4136 1402 4204 marialis,
1420 4136 1430 4185 t

294 4243 408 4331 farum
470 4228 567 4298 23110]
588 4245 657 4298 ang
728 4229 845 4297 taletip
908 4229 942 4282 24
961 4232 1144 4299 praestrui-‚e
1208 4230 1244 4283 26
1263 4246 1291 4282 se
1310 4226 1399 4298 philos.
1415 4237 1433 4289 p

314 4342 423 4411 primus,
443 4359 473 4396 se
490 4360 524 4397 m.
545 4348 573 4409 2,
592 4362 606 4397 c
