3192 4959
342 482 393 535 De
422 481 598 576 ciuitate
625 479 687 533 dei
713 479 777 535 lib.
807 479 878 533 XVI.
909 496 983 549 cap.
1013 480 1057 533 41.
1221 483 1282 545 199

143 695 242 741 sumo
266 694 356 739 eam.
382 673 434 739 Sic
457 675 506 739 leo
530 673 670 751 fremuit,
696 673 743 738 sic
766 673 850 755 quod
871 672 950 739 dixit
973 675 1119 758 inpleuit.
1146 673 1196 739 Ad
1216 694 1285 739 eam

142 801 273 864 namque
314 782 453 863 pertinet
492 783 695 862 potestatem,
738 780 824 862 quod
867 782 903 845 de
945 782 1172 847 resurrectione
1216 782 1284 847 eius

142 890 323 953 adiunctum
349 891 411 951 est:
437 885 527 965 Quis
552 888 760 951 suscitabit
783 892 885 952 eum?
910 888 969 953 hoc
994 892 1053 966 est,
1079 888 1283 970 quianullus

140 996 313 1070 homiuum,
352 994 414 1059 nisi
452 1014 486 1059 se
522 995 602 1077 ipse,
641 994 695 1076 qui
733 993 828 1058 etiarn
863 994 901 1059 de
935 1014 1062 1077 corpore
1098 1015 1155 1059 suo
1190 996 1283 1059 dixit:

112 1102 288 1167 sSoluite
317 1103 498 1184 templum
526 1102 606 1177 hoc,
636 1104 673 1164 et
695 1102 731 1165 iu
756 1101 883 1167 triduo
907 1102 1148 1167 resuscitabo
1172 1101 1283 1167 illud.

138 1211 247 1291 Ipsum
272 1212 379 1272 autem
403 1227 502 1290 genus
526 1209 649 1284 mortis,
673 1206 733 1272 hoc
759 1211 808 1272 est
832 1209 1013 1273 sublimitas
1034 1210 1146 1287 crucis,
1170 1210 1202 1273 in
1221 1227 1283 1272 uno

138 1316 234 1379 uerbo
258 1313 467 1398 intellegitur.
492 1314 576 1395 quod
600 1315 657 1377 ait:
682 1313 913 1380 ascendisti.
940 1314 1032 1394 Quod
1050 1334 1127 1379 uero
1147 1313 1284 1377 addidit:

138 1422 373 1486 Recumbens
407 1421 594 1497 dormisti,
629 1420 830 1505 euangelista
863 1423 998 1503 exponit,
1031 1422 1087 1484 ubi
1117 1420 1209 1485 dicit:
1238 1420 1284 1484 ut

138 1530 323 1593 inclinato
353 1528 477 1610 capite
509 1527 670 1591 tradidit
699 1528 889 1611 spiritum;
921 1533 976 1593 aut
1005 1504 1089 1591 oertd
1118 1528 1285 1609 sepultura

102 1636 207 1699 ocius
241 1634 435 1717 agnoscitur,
473 1634 505 1697 in
538 1653 600 1716 qua
631 1634 778 1699 recubuit
811 1634 977 1717 dormiens,
1012 1638 1044 1697 et
1075 1634 1158 1698 uude
1190 1634 1283 1698 illum

140 1743 246 1805 nullus
270 1742 446 1816 hominum,
472 1742 556 1805 sicut
578 1742 751 1823 prophetae
776 1742 900 1825 aliquos
924 1742 977 1806 uel
1001 1743 1086 1806 sicut
1105 1742 1173 1825 ipse
1192 1742 1283 1819 alico,

141 1848 319 1921 suscitauit,
344 1847 400 1912 sed
424 1848 508 1913 sicut
532 1868 550 1911 a
574 1868 684 1913 somno
708 1850 776 1931 ipse
802 1850 944 1913 surrexit.
974 1848 1063 1915 Stola
1087 1868 1177 1931 porro
1203 1849 1282 1924 eiua,

141 1972 232 2036 quam
265 1953 354 2016 lauat
386 1952 417 2015 in
444 1953 530 2029 uino,
562 1953 595 2015 id
624 1956 673 2017 est
699 1953 832 2017 mundat
860 1972 877 2015 a
904 1953 1044 2035 peccatis
1073 1954 1104 2017 in
1130 1954 1283 2037 sauguine

141 2080 209 2137 suo,
241 2060 334 2124 cuius
363 2060 526 2143 sauguinis
554 2062 788 2123 sacramentum
816 2060 969 2141 baptizati
997 2062 1112 2137 sciunt,
1141 2060 1223 2123 unde
1253 2063 1284 2124 at

101 2192 123 2231 rs
142 2168 299 2250 adiungit:
337 2168 383 2231 ut
419 2167 453 2230 in
495 2167 674 2251 sanguine
712 2186 807 2231 uuae
843 2168 1019 2231 amictum
1055 2186 1171 2244 suum,
1206 2166 1282 2249 quid

141 2278 188 2337 est
220 2274 283 2336 uisi
316 2273 472 2338 ecclesia?
504 2274 545 2336 Et
576 2273 676 2336 fului
709 2272 811 2337 oculi
844 2273 924 2337 eius
958 2293 976 2335 a
1006 2273 1093 2337 uiuo
1124 2272 1282 2355 spiritales

140 2381 207 2445 eius
240 2380 387 2445 inebriati
414 2380 528 2463 poculo
558 2382 638 2457 eiua,
667 2380 705 2445 do
734 2401 795 2462 quo
826 2381 909 2444 cauit
932 2380 1088 2462 psalmus:
1118 2381 1162 2443 ut
1187 2379 1283 2443 calix

139 2495 230 2551 tuus
260 2486 455 2551 inebrians
485 2506 593 2569 quam
621 2488 840 2570 praeclarus
871 2489 941 2550 est!
970 2488 1017 2550 at
1045 2487 1175 2551 dentes
1201 2486 1282 2549 eius

139 2593 378 2657 candidiores
411 2593 521 2669 lacte,
555 2594 640 2675 quod
677 2595 788 2676 potant
820 2597 898 2675 aput
931 2593 1111 2675 apostolum
1145 2592 1281 2673 paruuli,

97 2700 235 2765 rouerba
272 2700 396 2765 scilicet
427 2700 608 2776 nutrientia,
646 2700 785 2764 nondum
816 2699 922 2763 idonei
956 2698 1057 2763 solido
1092 2699 1172 2765 cibo.
1209 2699 1283 2781 Ipse

137 2808 321 2893 igiturest,
348 2806 380 2869 iu
405 2826 466 2888 quo
491 2807 630 2888 reposita
658 2810 747 2869 eraut
770 2806 927 2888 promissa
949 2806 1056 2884 Iudae,
1081 2824 1159 2886 quae
1185 2804 1282 2869 donec

136 2912 283 2977 uenirent
314 2932 488 2994 numquam
520 2912 688 2995 principos,
721 2913 783 2977 hoc
817 2916 866 2976 est
896 2931 986 2995 reges
1018 2912 1128 2989 Israel,
1161 2910 1199 2974 ab
1228 2910 1284 2974 ilia

136 3020 235 3102 stirpe
251 3018 430 3083 defuerunt.
445 3018 490 3082 ut
503 3020 585 3101 ipse
605 3018 839 3101 exspectatio
860 3020 1042 3103 gentium
1064 3017 1148 3100 quod
1168 3016 1282 3081 clarius

135 3130 186 3189 est
210 3125 347 3189 uidendo
373 3144 467 3205 quam
491 3124 527 3188 fit
551 3124 740 3207 exponendo.

226 3352 401 3419 510.a,19
456 3352 643 3418 710.19,3o
699 3352 895 3414 lcPs.22‚5
952 3350 1191 3415 191.cor.3,2

169 3478 187 3531 3
211 3476 257 3545 qui
280 3474 342 3527 Vb¹
355 3494 372 3526 α
453 3474 598 3529 suscitabit
616 3492 630 3527 c
719 3478 735 3529 5
756 3476 830 3528 etin
849 3474 939 3528 triduo
961 3476 975 3527 b
982 3492 1018 3543 p;
1036 3476 1063 3527 in
1082 3475 1172 3528 triduo
1198 3474 1234 3541 V,
1254 3479 1282 3528 et

130 3566 227 3619 triduo
247 3582 314 3633 aeq
426 3564 594 3617 resuscitabo
615 3564 735 3633 abcqp
746 3582 826 3634 poa,-
845 3565 1045 3629 suscitabant.
1066 3570 1080 3617 1
1099 3564 1283 3633 superscripto

129 3672 168 3719 re,
195 3654 233 3719 V,·
251 3653 389 3707 suscitabo
410 3652 547 3716 fDomb.
603 3652 831 3717 Saddormistie
887 3654 916 3706 11
938 3653 1032 3706 uelut
1055 3652 1081 3705 V
1139 3654 1171 3706 12
1191 3653 1283 3721 porro]

130 3736 254 3840 purpurd
276 3770 303 3823 V
379 3769 412 3822 13
431 3768 557 3822 labatV
632 3769 665 3822 16
685 3770 875 3837 spiritualcso
949 3769 980 3821 17
1000 3768 1084 3821 inebr.
1104 3734 1204 3838 podulo
1225 3768 1281 3821 eius

127 3877 192 3928 cup.
215 3858 265 3912 lin.
289 3858 316 3909 V
390 3857 536 3927 populoe¹
629 3858 660 3911 la
681 3858 803 3927 ciarusp
881 3856 938 3911 eius
958 3873 1008 3909 om.
1033 3857 1067 3910 Vl
1160 3857 1192 3909 19
1211 3856 1282 3909 lacte

129 3973 210 4029 caud.
231 3992 252 4027 α
306 3975 342 4027 22
361 3973 491 4044 principis
515 3972 548 4027 V¹
605 3939 688 4027 aad
710 3974 735 4026 V
788 3972 1068 4039 24fuitb¹;sitev
