<?xml version="1.0" encoding="UTF-8"?>
<!DOCTYPE html PUBLIC "-//W3C//DTD XHTML 1.0 Transitional//EN"
    "http://www.w3.org/TR/xhtml1/DTD/xhtml1-transitional.dtd">
<html xmlns="http://www.w3.org/1999/xhtml" xml:lang="en" lang="en">
 <head>
  <title>
</title>
<meta http-equiv="Content-Type" content="text/html;charset=utf-8" />
  <meta name='ocr-system' content='tesseract 3.04.00' />
  <meta name='ocr-capabilities' content='ocr_page ocr_carea ocr_par ocr_line ocrx_word'/>
</head>
<body>
  <div class='ocr_page' id='page_1' title='image "./corpusscriptoru07wiengoog/corpusscriptoru07wiengoog_0497.png"; bbox 0 0 3192 4959; ppageno 0'>
   <div class='ocr_carea' id='block_1_1' title="bbox 359 447 1284 522">
    <p class='ocr_par' dir='ltr' id='par_1_1' title="bbox 359 447 1284 522">
     <span class='ocr_line' id='line_1_1' title="bbox 359 447 1284 522; baseline 0.005 -20"><span class='ocrx_word' id='word_1_1' title='bbox 359 447 411 502; x_wconf 91' lang='lat' dir='ltr'><strong>Dc</strong></span> <span class='ocrx_word' id='word_1_2' title='bbox 438 449 612 502; x_wconf 83' lang='lat' dir='ltr'><strong>ciuitate</strong></span> <span class='ocrx_word' id='word_1_3' title='bbox 641 449 705 503; x_wconf 88' lang='lat' dir='ltr'><strong>dei</strong></span> <span class='ocrx_word' id='word_1_4' title='bbox 731 449 797 503; x_wconf 94' lang='lat' dir='ltr'><strong>lib.</strong></span> <span class='ocrx_word' id='word_1_5' title='bbox 825 449 883 504; x_wconf 76' lang='lat' dir='ltr'><strong>XX.</strong></span> <span class='ocrx_word' id='word_1_6' title='bbox 913 467 987 522; x_wconf 84' lang='lat' dir='ltr'><strong>cap.</strong></span> <span class='ocrx_word' id='word_1_7' title='bbox 1016 450 1059 504; x_wconf 80' lang='lat'><strong>20.</strong></span> <span class='ocrx_word' id='word_1_8' title='bbox 1220 454 1284 516; x_wconf 77' lang='grc'><strong>477</strong></span> 
     </span>
    </p>
   </div>
   <div class='ocr_carea' id='block_1_2' title="bbox 98 642 1290 3604">
    <p class='ocr_par' dir='ltr' id='par_1_2' title="bbox 108 642 1288 1580">
     <span class='ocr_line' id='line_1_2' title="bbox 136 642 1284 731; baseline 0.005 -27"><span class='ocrx_word' id='word_1_9' title='bbox 136 661 264 723; x_wconf 87' lang='lat' dir='ltr'><strong>quoquo</strong></span> <span class='ocrx_word' id='word_1_10' title='bbox 292 642 386 709; x_wconf 89' lang='lat' dir='ltr'><strong>modo</strong></span> <span class='ocrx_word' id='word_1_11' title='bbox 413 648 617 709; x_wconf 88' lang='lat' dir='ltr'><strong>reuertuntur</strong></span> <span class='ocrx_word' id='word_1_12' title='bbox 642 645 674 708; x_wconf 94' lang='lat' dir='ltr'><strong>in</strong></span> <span class='ocrx_word' id='word_1_13' title='bbox 702 647 818 708; x_wconf 88' lang='lat' dir='ltr'><strong>terram</strong></span> <span class='ocrx_word' id='word_1_14' title='bbox 846 642 946 731; x_wconf 89' lang='lat' dir='ltr'><strong>(sicut</strong></span> <span class='ocrx_word' id='word_1_15' title='bbox 974 664 1043 709; x_wconf 86' lang='lat' dir='ltr'><strong>sese</strong></span> <span class='ocrx_word' id='word_1_16' title='bbox 1067 645 1162 710; x_wconf 87' lang='lat' dir='ltr'><strong>babet</strong></span> <span class='ocrx_word' id='word_1_17' title='bbox 1190 645 1284 710; x_wconf 87' lang='lat' dir='ltr'><strong>etiarn</strong></span> 
     </span>
     <span class='ocr_line' id='line_1_3' title="bbox 134 748 1285 834; baseline 0.003 -23"><span class='ocrx_word' id='word_1_18' title='bbox 134 748 191 812; x_wconf 87' lang='lat' dir='ltr'><strong>illa</strong></span> <span class='ocrx_word' id='word_1_19' title='bbox 218 749 251 812; x_wconf 91' lang='lat' dir='ltr'><strong>in</strong></span> <span class='ocrx_word' id='word_1_20' title='bbox 278 753 545 834; x_wconf 75' lang='lat' dir='ltr'><strong>transgressorem</strong></span> <span class='ocrx_word' id='word_1_21' title='bbox 573 755 694 833; x_wconf 90' lang='lat' dir='ltr'><strong>patrem</strong></span> <span class='ocrx_word' id='word_1_22' title='bbox 723 750 847 834; x_wconf 88' lang='lat' dir='ltr'><strong>generis</strong></span> <span class='ocrx_word' id='word_1_23' title='bbox 875 750 1006 814; x_wconf 87' lang='lat' dir='ltr'><strong>humani</strong></span> <span class='ocrx_word' id='word_1_24' title='bbox 1034 750 1188 815; x_wconf 91' lang='lat' dir='ltr'><strong>diuinitus</strong></span> <span class='ocrx_word' id='word_1_25' title='bbox 1217 770 1285 833; x_wconf 92' lang='lat' dir='ltr'><strong>pro-</strong></span> 
     </span>
     <span class='ocr_line' id='line_1_4' title="bbox 135 857 1286 938; baseline 0.003 -19"><span class='ocrx_word' id='word_1_26' title='bbox 135 858 202 919; x_wconf 87' lang='lat' dir='ltr'><strong>lata</strong></span> <span class='ocrx_word' id='word_1_27' title='bbox 225 858 398 921; x_wconf 87' lang='lat' dir='ltr'><strong>sententia:</strong></span> <span class='ocrx_word' id='word_1_28' title='bbox 426 859 541 922; x_wconf 82' lang='lat' dir='ltr'><strong>Terra</strong></span> <span class='ocrx_word' id='word_1_29' title='bbox 563 877 612 938; x_wconf 88' lang='lat' dir='ltr'><strong>es,</strong></span> <span class='ocrx_word' id='word_1_30' title='bbox 642 859 738 922; x_wconf 89' lang='lat' dir='ltr'><strong>etin</strong></span> <span class='ocrx_word' id='word_1_31' title='bbox 762 862 898 922; x_wconf 86' lang='lat' dir='ltr'><strong>terram</strong></span> <span class='ocrx_word' id='word_1_32' title='bbox 923 857 1024 934; x_wconf 89' lang='lat' dir='ltr'><strong>ibis):</strong></span> <span class='ocrx_word' id='word_1_33' title='bbox 1048 859 1211 922; x_wconf 80' lang='lat' dir='ltr'><strong>latendum</strong></span> <span class='ocrx_word' id='word_1_34' title='bbox 1237 862 1286 922; x_wconf 91' lang='lat' dir='ltr'><strong>est</strong></span> 
     </span>
     <span class='ocr_line' id='line_1_5' title="bbox 135 963 1285 1047; baseline 0.002 -21"><span class='ocrx_word' id='word_1_35' title='bbox 135 963 228 1037; x_wconf 87' lang='lat' dir='ltr'><strong>istos,</strong></span> <span class='ocrx_word' id='word_1_36' title='bbox 256 982 336 1044; x_wconf 87' lang='lat' dir='ltr'><strong>quos</strong></span> <span class='ocrx_word' id='word_1_37' title='bbox 365 964 502 1027; x_wconf 92' lang='lat' dir='ltr'><strong>nondum</strong></span> <span class='ocrx_word' id='word_1_38' title='bbox 528 963 566 1028; x_wconf 87' lang='lat' dir='ltr'><strong>de</strong></span> <span class='ocrx_word' id='word_1_39' title='bbox 590 963 773 1046; x_wconf 87' lang='lat' dir='ltr'><strong>corporibus</strong></span> <span class='ocrx_word' id='word_1_40' title='bbox 803 983 948 1047; x_wconf 85' lang='lat' dir='ltr'><strong>egressos</strong></span> <span class='ocrx_word' id='word_1_41' title='bbox 973 983 1045 1028; x_wconf 85' lang='lat' dir='ltr'><strong>curn</strong></span> <span class='ocrx_word' id='word_1_42' title='bbox 1069 965 1176 1029; x_wconf 89' lang='lat' dir='ltr'><strong>ueniet</strong></span> <span class='ocrx_word' id='word_1_43' title='bbox 1200 963 1285 1029; x_wconf 86' lang='lat' dir='ltr'><strong>Chri·</strong></span> 
     </span>
     <span class='ocr_line' id='line_1_6' title="bbox 108 1069 1285 1154; baseline 0.005 -26"><span class='ocrx_word' id='word_1_44' title='bbox 108 1073 208 1134; x_wconf 77' lang='lat' dir='ltr'><strong>sstus</strong></span> <span class='ocrx_word' id='word_1_45' title='bbox 236 1069 387 1143; x_wconf 84' lang='lat' dir='ltr'><strong>inueniet,</strong></span> <span class='ocrx_word' id='word_1_46' title='bbox 417 1074 448 1134; x_wconf 89' lang='lat' dir='ltr'><strong>et</strong></span> <span class='ocrx_word' id='word_1_47' title='bbox 471 1070 543 1134; x_wconf 88' lang='lat' dir='ltr'><strong>istis</strong></span> <span class='ocrx_word' id='word_1_48' title='bbox 571 1071 678 1134; x_wconf 92' lang='lat' dir='ltr'><strong>uerbis</strong></span> <span class='ocrx_word' id='word_1_49' title='bbox 706 1071 844 1152; x_wconf 89' lang='lat' dir='ltr'><strong>apostoli</strong></span> <span class='ocrx_word' id='word_1_50' title='bbox 878 1075 910 1135; x_wconf 88' lang='lat' dir='ltr'><strong>et</strong></span> <span class='ocrx_word' id='word_1_51' title='bbox 937 1071 1002 1135; x_wconf 91' lang='lat' dir='ltr'><strong>illis</strong></span> <span class='ocrx_word' id='word_1_52' title='bbox 1027 1071 1064 1135; x_wconf 89' lang='lat' dir='ltr'><strong>de</strong></span> <span class='ocrx_word' id='word_1_53' title='bbox 1094 1072 1202 1154; x_wconf 85' lang='lat' dir='ltr'><strong>genesi</strong></span> <span class='ocrx_word' id='word_1_54' title='bbox 1226 1091 1285 1135; x_wconf 93' lang='lat' dir='ltr'><strong>non</strong></span> 
     </span>
     <span class='ocr_line' id='line_1_7' title="bbox 136 1175 1285 1260; baseline 0.002 -22"><span class='ocrx_word' id='word_1_55' title='bbox 136 1175 252 1252; x_wconf 90' lang='lat' dir='ltr'><strong>teneri;</strong></span> <span class='ocrx_word' id='word_1_56' title='bbox 286 1175 436 1258; x_wconf 88' lang='lat' dir='ltr'><strong>quoniam</strong></span> <span class='ocrx_word' id='word_1_57' title='bbox 468 1195 596 1240; x_wconf 90' lang='lat' dir='ltr'><strong>sursum</strong></span> <span class='ocrx_word' id='word_1_58' title='bbox 624 1177 656 1240; x_wconf 93' lang='lat' dir='ltr'><strong>in</strong></span> <span class='ocrx_word' id='word_1_59' title='bbox 688 1177 828 1241; x_wconf 86' lang='lat' dir='ltr'><strong>nubibus</strong></span> <span class='ocrx_word' id='word_1_60' title='bbox 856 1177 938 1260; x_wconf 93' lang='lat' dir='ltr'><strong>rapti</strong></span> <span class='ocrx_word' id='word_1_61' title='bbox 967 1197 1028 1242; x_wconf 89' lang='lat' dir='ltr'><strong>non</strong></span> <span class='ocrx_word' id='word_1_62' title='bbox 1051 1177 1163 1259; x_wconf 89' lang='lat' dir='ltr'><strong>utique</strong></span> <span class='ocrx_word' id='word_1_63' title='bbox 1194 1179 1285 1242; x_wconf 84' lang='lat' dir='ltr'><strong>senri-</strong></span> 
     </span>
     <span class='ocr_line' id='line_1_8' title="bbox 137 1283 1284 1364; baseline 0.003 -19"><span class='ocrx_word' id='word_1_64' title='bbox 137 1287 261 1361; x_wconf 84' lang='lat' dir='ltr'><strong>nantur,</strong></span> <span class='ocrx_word' id='word_1_65' title='bbox 295 1283 370 1364; x_wconf 86' lang='lat' dir='ltr'><strong>qnia</strong></span> <span class='ocrx_word' id='word_1_66' title='bbox 401 1302 458 1346; x_wconf 93' lang='lat' dir='ltr'><strong>nec</strong></span> <span class='ocrx_word' id='word_1_67' title='bbox 490 1288 567 1348; x_wconf 89' lang='lat' dir='ltr'><strong>eunt</strong></span> <span class='ocrx_word' id='word_1_68' title='bbox 597 1283 630 1347; x_wconf 96' lang='lat' dir='ltr'><strong>in</strong></span> <span class='ocrx_word' id='word_1_69' title='bbox 662 1286 778 1348; x_wconf 87' lang='lat' dir='ltr'><strong>terram</strong></span> <span class='ocrx_word' id='word_1_70' title='bbox 812 1303 868 1348; x_wconf 91' lang='lat' dir='ltr'><strong>nec</strong></span> <span class='ocrx_word' id='word_1_71' title='bbox 896 1284 1039 1362; x_wconf 91' lang='lat' dir='ltr'><strong>redeunt,</strong></span> <span class='ocrx_word' id='word_1_72' title='bbox 1074 1285 1142 1348; x_wconf 86' lang='lat' dir='ltr'><strong>siue</strong></span> <span class='ocrx_word' id='word_1_73' title='bbox 1166 1287 1284 1350; x_wconf 90' lang='lat' dir='ltr'><strong>nullam</strong></span> 
     </span>
     <span class='ocr_line' id='line_1_9' title="bbox 137 1390 1288 1472; baseline 0.002 -20"><span class='ocrx_word' id='word_1_74' title='bbox 137 1408 267 1472; x_wconf 88' lang='lat' dir='ltr'><strong>prorsus</strong></span> <span class='ocrx_word' id='word_1_75' title='bbox 291 1390 488 1472; x_wconf 75' lang='lat' dir='ltr'><strong>experiantur</strong></span> <span class='ocrx_word' id='word_1_76' title='bbox 511 1394 645 1455; x_wconf 87' lang='lat' dir='ltr'><strong>mortem</strong></span> <span class='ocrx_word' id='word_1_77' title='bbox 670 1390 738 1454; x_wconf 87' lang='lat' dir='ltr'><strong>sine</strong></span> <span class='ocrx_word' id='word_1_78' title='bbox 766 1390 933 1472; x_wconf 86' lang='lat' dir='ltr'><strong>paululum</strong></span> <span class='ocrx_word' id='word_1_79' title='bbox 956 1391 989 1453; x_wconf 94' lang='lat' dir='ltr'><strong>in</strong></span> <span class='ocrx_word' id='word_1_80' title='bbox 1013 1411 1082 1455; x_wconf 88' lang='lat' dir='ltr'><strong>aere</strong></span> <span class='ocrx_word' id='word_1_81' title='bbox 1106 1392 1288 1456; x_wconf 88' lang='lat' dir='ltr'><strong>moriantur.</strong></span> 
     </span>
     <span class='ocr_line' id='line_1_10' title="bbox 183 1496 1286 1580; baseline -0.001 -18"><span class='ocrx_word' id='word_1_82' title='bbox 183 1496 247 1562; x_wconf 85' lang='lat' dir='ltr'><strong>Sed</strong></span> <span class='ocrx_word' id='word_1_83' title='bbox 270 1497 357 1561; x_wconf 87' lang='lat' dir='ltr'><strong>aliud</strong></span> <span class='ocrx_word' id='word_1_84' title='bbox 379 1517 490 1562; x_wconf 85' lang='lat' dir='ltr'><strong>rursus</strong></span> <span class='ocrx_word' id='word_1_85' title='bbox 515 1499 663 1576; x_wconf 88' lang='lat' dir='ltr'><strong>occurrit,</strong></span> <span class='ocrx_word' id='word_1_86' title='bbox 691 1498 776 1580; x_wconf 91' lang='lat' dir='ltr'><strong>quod</strong></span> <span class='ocrx_word' id='word_1_87' title='bbox 799 1497 884 1561; x_wconf 86' lang='lat' dir='ltr'><strong>idern</strong></span> <span class='ocrx_word' id='word_1_88' title='bbox 909 1497 987 1561; x_wconf 84' lang='lat' dir='ltr'><strong>dixit</strong></span> <span class='ocrx_word' id='word_1_89' title='bbox 1010 1497 1184 1580; x_wconf 87' lang='lat' dir='ltr'><strong>apostolus,</strong></span> <span class='ocrx_word' id='word_1_90' title='bbox 1214 1517 1286 1562; x_wconf 88' lang='lat' dir='ltr'><strong>oum</strong></span> 
     </span>
    </p>

    <p class='ocr_par' dir='ltr' id='par_1_3' title="bbox 98 1603 1290 3604">
     <span class='ocr_line' id='line_1_11' title="bbox 99 1603 1286 1687; baseline 0 -19"><span class='ocrx_word' id='word_1_91' title='bbox 99 1623 120 1660; x_wconf 84' lang='lat'><strong>1⁰</strong></span> <span class='ocrx_word' id='word_1_92' title='bbox 140 1605 177 1669; x_wconf 92' lang='lat' dir='ltr'><strong>de</strong></span> <span class='ocrx_word' id='word_1_93' title='bbox 204 1605 435 1669; x_wconf 87' lang='lat' dir='ltr'><strong>resurrectione</strong></span> <span class='ocrx_word' id='word_1_94' title='bbox 462 1623 628 1687; x_wconf 88' lang='lat' dir='ltr'><strong>corporum</strong></span> <span class='ocrx_word' id='word_1_95' title='bbox 657 1604 697 1668; x_wconf 94' lang='lat' dir='ltr'><strong>ad</strong></span> <span class='ocrx_word' id='word_1_96' title='bbox 726 1603 906 1668; x_wconf 84' lang='lat' dir='ltr'><strong>Corinthios</strong></span> <span class='ocrx_word' id='word_1_97' title='bbox 929 1603 1125 1685; x_wconf 89' lang='lat' dir='ltr'><strong>loqueretur:</strong></span> <span class='ocrx_word' id='word_1_98' title='bbox 1152 1603 1286 1668; x_wconf 87' lang='lat' dir='ltr'><strong>Omnes</strong></span> 
     </span>
     <span class='ocr_line' id='line_1_12' title="bbox 139 1708 1286 1793; baseline 0 -19"><span class='ocrx_word' id='word_1_99' title='bbox 139 1729 391 1793; x_wconf 85' lang='lat' dir='ltr'><strong>resurgemus,</strong></span> <span class='ocrx_word' id='word_1_100' title='bbox 415 1711 469 1775; x_wconf 88' lang='lat' dir='ltr'><strong>uel</strong></span> <span class='ocrx_word' id='word_1_101' title='bbox 492 1710 577 1775; x_wconf 89' lang='lat' dir='ltr'><strong>sicut</strong></span> <span class='ocrx_word' id='word_1_102' title='bbox 600 1709 654 1773; x_wconf 94' lang='lat' dir='ltr'><strong>alii</strong></span> <span class='ocrx_word' id='word_1_103' title='bbox 673 1710 797 1775; x_wconf 87' lang='lat' dir='ltr'><strong>codices</strong></span> <span class='ocrx_word' id='word_1_104' title='bbox 817 1709 949 1774; x_wconf 92' lang='lat' dir='ltr'><strong>habent:</strong></span> <span class='ocrx_word' id='word_1_105' title='bbox 974 1708 1108 1774; x_wconf 88' lang='lat' dir='ltr'><strong>Omnes</strong></span> <span class='ocrx_word' id='word_1_106' title='bbox 1133 1710 1286 1774; x_wconf 88' lang='lat' dir='ltr'><strong>dormie-</strong></span> 
     </span>
     <span class='ocr_line' id='line_1_13' title="bbox 139 1817 1289 1900; baseline -0.002 -18"><span class='ocrx_word' id='word_1_107' title='bbox 139 1837 230 1882; x_wconf 88' lang='lat' dir='ltr'><strong>mus.</strong></span> <span class='ocrx_word' id='word_1_108' title='bbox 261 1817 340 1883; x_wconf 85' lang='lat' dir='ltr'><strong>Oum</strong></span> <span class='ocrx_word' id='word_1_109' title='bbox 369 1837 443 1900; x_wconf 90' lang='lat' dir='ltr'><strong>ergo</strong></span> <span class='ocrx_word' id='word_1_110' title='bbox 471 1836 529 1882; x_wconf 91' lang='lat' dir='ltr'><strong>nec</strong></span> <span class='ocrx_word' id='word_1_111' title='bbox 556 1817 744 1882; x_wconf 90' lang='lat' dir='ltr'><strong>resurrectio</strong></span> <span class='ocrx_word' id='word_1_112' title='bbox 767 1817 846 1893; x_wconf 90' lang='lat' dir='ltr'><strong>fieri,</strong></span> <span class='ocrx_word' id='word_1_113' title='bbox 875 1817 937 1880; x_wconf 93' lang='lat' dir='ltr'><strong>nisi</strong></span> <span class='ocrx_word' id='word_1_114' title='bbox 960 1835 1045 1881; x_wconf 90' lang='lat' dir='ltr'><strong>mors</strong></span> <span class='ocrx_word' id='word_1_115' title='bbox 1069 1817 1289 1900; x_wconf 90' lang='lat' dir='ltr'><strong>praecesserit,</strong></span> 
     </span>
     <span class='ocr_line' id='line_1_14' title="bbox 140 1923 1287 2008; baseline -0.001 -20"><span class='ocrx_word' id='word_1_116' title='bbox 140 1925 253 2008; x_wconf 80' lang='lat' dir='ltr'><strong>possit,</strong></span> <span class='ocrx_word' id='word_1_117' title='bbox 285 1943 342 1988; x_wconf 91' lang='lat' dir='ltr'><strong>nec</strong></span> <span class='ocrx_word' id='word_1_118' title='bbox 374 1923 595 1988; x_wconf 80' lang='lat' dir='ltr'><strong>dormitionem</strong></span> <span class='ocrx_word' id='word_1_119' title='bbox 627 1924 790 2007; x_wconf 88' lang='lat' dir='ltr'><strong>possimus</strong></span> <span class='ocrx_word' id='word_1_120' title='bbox 823 1924 878 1987; x_wconf 92' lang='lat' dir='ltr'><strong>illo</strong></span> <span class='ocrx_word' id='word_1_121' title='bbox 910 1924 980 1988; x_wconf 94' lang='lat' dir='ltr'><strong>loco</strong></span> <span class='ocrx_word' id='word_1_122' title='bbox 1013 1924 1198 2007; x_wconf 85' lang='lat' dir='ltr'><strong>intellegere</strong></span> <span class='ocrx_word' id='word_1_123' title='bbox 1227 1924 1287 1988; x_wconf 90' lang='lat' dir='ltr'><strong>nisi</strong></span> 
     </span>
     <span class='ocr_line' id='line_1_15' title="bbox 141 2031 1287 2115; baseline -0.002 -19"><span class='ocrx_word' id='word_1_124' title='bbox 141 2036 290 2096; x_wconf 87' lang='lat' dir='ltr'><strong>mo1tem:</strong></span> <span class='ocrx_word' id='word_1_125' title='bbox 315 2049 376 2112; x_wconf 90' lang='lat' dir='ltr'><strong>quo</strong></span> <span class='ocrx_word' id='word_1_126' title='bbox 401 2031 495 2094; x_wconf 91' lang='lat' dir='ltr'><strong>modo</strong></span> <span class='ocrx_word' id='word_1_127' title='bbox 520 2050 628 2095; x_wconf 87' lang='lat' dir='ltr'><strong>omnes</strong></span> <span class='ocrx_word' id='word_1_128' title='bbox 652 2031 704 2095; x_wconf 92' lang='lat' dir='ltr'><strong>uel</strong></span> <span class='ocrx_word' id='word_1_129' title='bbox 728 2031 885 2095; x_wconf 88' lang='lat' dir='ltr'><strong>dormient</strong></span> <span class='ocrx_word' id='word_1_130' title='bbox 903 2031 955 2094; x_wconf 85' lang='lat' dir='ltr'><strong>uel</strong></span> <span class='ocrx_word' id='word_1_131' title='bbox 974 2035 1150 2115; x_wconf 81' lang='lat' dir='ltr'><strong>resurgent,</strong></span> <span class='ocrx_word' id='word_1_132' title='bbox 1176 2032 1203 2094; x_wconf 84' lang='lat' dir='ltr'><strong>si</strong></span> <span class='ocrx_word' id='word_1_133' title='bbox 1222 2037 1287 2094; x_wconf 85' lang='lat' dir='ltr'><strong>tarn</strong></span> 
     </span>
     <span class='ocr_line' id='line_1_16' title="bbox 99 2137 1288 2220; baseline 0.004 -25"><span class='ocrx_word' id='word_1_134' title='bbox 99 2158 122 2198; x_wconf 86' lang='lat'><strong>15</strong></span> <span class='ocrx_word' id='word_1_135' title='bbox 140 2138 244 2214; x_wconf 88' lang='lat' dir='ltr'><strong>multi,</strong></span> <span class='ocrx_word' id='word_1_136' title='bbox 269 2157 349 2219; x_wconf 88' lang='lat' dir='ltr'><strong>quos</strong></span> <span class='ocrx_word' id='word_1_137' title='bbox 371 2137 402 2201; x_wconf 93' lang='lat' dir='ltr'><strong>in</strong></span> <span class='ocrx_word' id='word_1_138' title='bbox 427 2156 557 2220; x_wconf 91' lang='lat' dir='ltr'><strong>corpore</strong></span> <span class='ocrx_word' id='word_1_139' title='bbox 580 2137 769 2202; x_wconf 89' lang='lat' dir='ltr'><strong>inuenturus</strong></span> <span class='ocrx_word' id='word_1_140' title='bbox 793 2142 843 2201; x_wconf 91' lang='lat' dir='ltr'><strong>est</strong></span> <span class='ocrx_word' id='word_1_141' title='bbox 867 2137 1023 2213; x_wconf 68' lang='lat' dir='ltr'><strong>Christus</strong></span> <span class='ocrx_word' id='word_1_142' title='bbox 1052 2156 1109 2201; x_wconf 90' lang='lat' dir='ltr'><strong>neo</strong></span> <span class='ocrx_word' id='word_1_143' title='bbox 1133 2137 1288 2202; x_wconf 87' lang='lat' dir='ltr'><strong>dormient</strong></span> 
     </span>
     <span class='ocr_line' id='line_1_17' title="bbox 141 2243 1288 2327; baseline 0.001 -19"><span class='ocrx_word' id='word_1_144' title='bbox 141 2264 197 2308; x_wconf 90' lang='lat' dir='ltr'><strong>nec</strong></span> <span class='ocrx_word' id='word_1_145' title='bbox 237 2244 427 2327; x_wconf 84' lang='lat' dir='ltr'><strong>resurgent?</strong></span> <span class='ocrx_word' id='word_1_146' title='bbox 469 2243 503 2308; x_wconf 84' lang='lat' dir='ltr'><strong>Si</strong></span> <span class='ocrx_word' id='word_1_147' title='bbox 540 2263 613 2327; x_wconf 89' lang='lat' dir='ltr'><strong>ergo</strong></span> <span class='ocrx_word' id='word_1_148' title='bbox 656 2248 793 2321; x_wconf 86' lang='lat' dir='ltr'><strong>sanctos,</strong></span> <span class='ocrx_word' id='word_1_149' title='bbox 837 2243 891 2325; x_wconf 93' lang='lat' dir='ltr'><strong>qui</strong></span> <span class='ocrx_word' id='word_1_150' title='bbox 929 2243 1125 2325; x_wconf 86' lang='lat' dir='ltr'><strong>reperientur</strong></span> <span class='ocrx_word' id='word_1_151' title='bbox 1161 2243 1288 2309; x_wconf 84' lang='lat' dir='ltr'><strong>Christo</strong></span> 
     </span>
     <span class='ocr_line' id='line_1_18' title="bbox 142 2349 1288 2432; baseline 0.001 -18"><span class='ocrx_word' id='word_1_152' title='bbox 142 2353 287 2415; x_wconf 89' lang='lat' dir='ltr'><strong>ueniente</strong></span> <span class='ocrx_word' id='word_1_153' title='bbox 324 2351 469 2414; x_wconf 89' lang='lat' dir='ltr'><strong>uiuentes</strong></span> <span class='ocrx_word' id='word_1_154' title='bbox 507 2351 599 2432; x_wconf 90' lang='lat' dir='ltr'><strong>eiquo</strong></span> <span class='ocrx_word' id='word_1_155' title='bbox 630 2350 661 2414; x_wconf 92' lang='lat' dir='ltr'><strong>in</strong></span> <span class='ocrx_word' id='word_1_156' title='bbox 696 2350 823 2415; x_wconf 93' lang='lat' dir='ltr'><strong>obuiam</strong></span> <span class='ocrx_word' id='word_1_157' title='bbox 860 2351 1029 2431; x_wconf 87' lang='lat' dir='ltr'><strong>rapientur,</strong></span> <span class='ocrx_word' id='word_1_158' title='bbox 1063 2349 1288 2415; x_wconf 75' lang='lat' dir='ltr'><strong>crediderimus</strong></span> 
     </span>
     <span class='ocr_line' id='line_1_19' title="bbox 141 2457 1288 2539; baseline -0.001 -18"><span class='ocrx_word' id='word_1_159' title='bbox 141 2459 171 2521; x_wconf 95' lang='lat' dir='ltr'><strong>in</strong></span> <span class='ocrx_word' id='word_1_160' title='bbox 195 2457 307 2522; x_wconf 87' lang='lat' dir='ltr'><strong>eodem</strong></span> <span class='ocrx_word' id='word_1_161' title='bbox 326 2461 419 2538; x_wconf 89' lang='lat' dir='ltr'><strong>raptu</strong></span> <span class='ocrx_word' id='word_1_162' title='bbox 438 2457 477 2520; x_wconf 92' lang='lat' dir='ltr'><strong>de</strong></span> <span class='ocrx_word' id='word_1_163' title='bbox 495 2457 684 2524; x_wconf 81' lang='lat' dir='ltr'><strong>mortalibus</strong></span> <span class='ocrx_word' id='word_1_164' title='bbox 709 2457 892 2539; x_wconf 89' lang='lat' dir='ltr'><strong>corporibus</strong></span> <span class='ocrx_word' id='word_1_165' title='bbox 912 2457 1049 2521; x_wconf 81' lang='lat' dir='ltr'><strong>exituros</strong></span> <span class='ocrx_word' id='word_1_166' title='bbox 1070 2457 1159 2520; x_wconf 90' lang='lat' dir='ltr'><strong>etad</strong></span> <span class='ocrx_word' id='word_1_167' title='bbox 1180 2457 1288 2520; x_wconf 85' lang='lat' dir='ltr'><strong>eadem</strong></span> 
     </span>
     <span class='ocr_line' id='line_1_20' title="bbox 142 2563 1290 2646; baseline 0 -18"><span class='ocrx_word' id='word_1_168' title='bbox 142 2584 211 2628; x_wconf 84' lang='lat' dir='ltr'><strong>rnon</strong></span> <span class='ocrx_word' id='word_1_169' title='bbox 239 2564 420 2628; x_wconf 84' lang='lat' dir='ltr'><strong>inmortalia</strong></span> <span class='ocrx_word' id='word_1_170' title='bbox 447 2563 615 2639; x_wconf 89' lang='lat' dir='ltr'><strong>redituros,</strong></span> <span class='ocrx_word' id='word_1_171' title='bbox 642 2563 748 2627; x_wconf 91' lang='lat' dir='ltr'><strong>nullas</strong></span> <span class='ocrx_word' id='word_1_172' title='bbox 776 2564 808 2626; x_wconf 90' lang='lat' dir='ltr'><strong>in</strong></span> <span class='ocrx_word' id='word_1_173' title='bbox 837 2563 941 2627; x_wconf 86' lang='lat' dir='ltr'><strong>uerbis</strong></span> <span class='ocrx_word' id='word_1_174' title='bbox 970 2563 1108 2643; x_wconf 90' lang='lat' dir='ltr'><strong>apostoli</strong></span> <span class='ocrx_word' id='word_1_175' title='bbox 1132 2563 1290 2646; x_wconf 89' lang='lat' dir='ltr'><strong>patiemur</strong></span> 
     </span>
     <span class='ocr_line' id='line_1_21' title="bbox 98 2669 1288 2755; baseline 0.003 -25"><span class='ocrx_word' id='word_1_176' title='bbox 98 2692 122 2730; x_wconf 79' lang='lat' dir='ltr'><strong>ao</strong></span> <span class='ocrx_word' id='word_1_177' title='bbox 142 2672 316 2755; x_wconf 87' lang='lat' dir='ltr'><strong>angustias,</strong></span> <span class='ocrx_word' id='word_1_178' title='bbox 350 2671 418 2734; x_wconf 90' lang='lat' dir='ltr'><strong>sine</strong></span> <span class='ocrx_word' id='word_1_179' title='bbox 447 2669 503 2733; x_wconf 95' lang='lat' dir='ltr'><strong>ubi</strong></span> <span class='ocrx_word' id='word_1_180' title='bbox 531 2669 622 2734; x_wconf 88' lang='lat' dir='ltr'><strong>dicit:</strong></span> <span class='ocrx_word' id='word_1_181' title='bbox 653 2670 706 2734; x_wconf 84' lang='lat' dir='ltr'><strong>Tu</strong></span> <span class='ocrx_word' id='word_1_182' title='bbox 734 2670 831 2751; x_wconf 88' lang='lat' dir='ltr'><strong>quod</strong></span> <span class='ocrx_word' id='word_1_183' title='bbox 860 2670 1033 2748; x_wconf 88' lang='lat' dir='ltr'><strong>seminas,</strong></span> <span class='ocrx_word' id='word_1_184' title='bbox 1063 2688 1132 2733; x_wconf 94' lang='lat' dir='ltr'><strong>non</strong></span> <span class='ocrx_word' id='word_1_185' title='bbox 1161 2671 1288 2734; x_wconf 84' lang='lat' dir='ltr'><strong>uiuifi-</strong></span> 
     </span>
     <span class='ocr_line' id='line_1_22' title="bbox 140 2774 1288 2860; baseline -0.001 -18"><span class='ocrx_word' id='word_1_186' title='bbox 140 2785 257 2858; x_wconf 87' lang='lat' dir='ltr'><strong>catur,</strong></span> <span class='ocrx_word' id='word_1_187' title='bbox 281 2777 355 2842; x_wconf 85' lang='lat' dir='ltr'><strong>nisi</strong></span> <span class='ocrx_word' id='word_1_188' title='bbox 378 2777 573 2854; x_wconf 88' lang='lat' dir='ltr'><strong>moriatur,</strong></span> <span class='ocrx_word' id='word_1_189' title='bbox 598 2776 666 2841; x_wconf 87' lang='lat' dir='ltr'><strong>siue</strong></span> <span class='ocrx_word' id='word_1_190' title='bbox 689 2777 745 2840; x_wconf 90' lang='lat' dir='ltr'><strong>ubi</strong></span> <span class='ocrx_word' id='word_1_191' title='bbox 769 2776 861 2840; x_wconf 88' lang='lat' dir='ltr'><strong>dicit:</strong></span> <span class='ocrx_word' id='word_1_192' title='bbox 887 2774 1023 2840; x_wconf 89' lang='lat' dir='ltr'><strong>Omnes</strong></span> <span class='ocrx_word' id='word_1_193' title='bbox 1046 2795 1288 2860; x_wconf 86' lang='lat' dir='ltr'><strong>resurgemus</strong></span> 
     </span>
     <span class='ocr_line' id='line_1_23' title="bbox 139 2883 1286 2965; baseline -0.003 -16"><span class='ocrx_word' id='word_1_194' title='bbox 139 2890 207 2950; x_wconf 87' lang='lat' dir='ltr'><strong>aut:</strong></span> <span class='ocrx_word' id='word_1_195' title='bbox 243 2883 377 2949; x_wconf 85' lang='lat' dir='ltr'><strong>Omnes</strong></span> <span class='ocrx_word' id='word_1_196' title='bbox 411 2883 651 2958; x_wconf 78' lang='lat' dir='ltr'><strong>dormiemus3</strong></span> <span class='ocrx_word' id='word_1_197' title='bbox 682 2883 756 2965; x_wconf 90' lang='lat' dir='ltr'><strong>quia</strong></span> <span class='ocrx_word' id='word_1_198' title='bbox 783 2902 840 2948; x_wconf 86' lang='lat' dir='ltr'><strong>nec</strong></span> <span class='ocrx_word' id='word_1_199' title='bbox 868 2883 916 2946; x_wconf 92' lang='lat' dir='ltr'><strong>illi</strong></span> <span class='ocrx_word' id='word_1_200' title='bbox 945 2902 1000 2964; x_wconf 91' lang='lat' dir='ltr'><strong>per</strong></span> <span class='ocrx_word' id='word_1_201' title='bbox 1026 2883 1286 2947; x_wconf 90' lang='lat' dir='ltr'><strong>inmortalitatem</strong></span> 
     </span>
     <span class='ocr_line' id='line_1_24' title="bbox 139 2990 1289 3072; baseline -0.003 -16"><span class='ocrx_word' id='word_1_202' title='bbox 139 2991 397 3067; x_wconf 85' lang='lat' dir='ltr'><strong>uiuifioabuntur,</strong></span> <span class='ocrx_word' id='word_1_203' title='bbox 416 2990 489 3067; x_wconf 87' lang='lat' dir='ltr'><strong>nisi,</strong></span> <span class='ocrx_word' id='word_1_204' title='bbox 509 2990 684 3072; x_wconf 89' lang='lat' dir='ltr'><strong>quamlibet</strong></span> <span class='ocrx_word' id='word_1_205' title='bbox 701 2990 879 3072; x_wconf 87' lang='lat' dir='ltr'><strong>paululum,</strong></span> <span class='ocrx_word' id='word_1_206' title='bbox 898 2992 1002 3054; x_wconf 89' lang='lat' dir='ltr'><strong>tamen</strong></span> <span class='ocrx_word' id='word_1_207' title='bbox 1018 2993 1089 3054; x_wconf 89' lang='lat' dir='ltr'><strong>ante</strong></span> <span class='ocrx_word' id='word_1_208' title='bbox 1104 2990 1289 3064; x_wconf 87' lang='lat' dir='ltr'><strong>moriantur,</strong></span> 
     </span>
     <span class='ocr_line' id='line_1_25' title="bbox 141 3097 1288 3180; baseline -0.001 -19"><span class='ocrx_word' id='word_1_209' title='bbox 141 3119 176 3162; x_wconf 88' lang='lat' dir='ltr'><strong>ao</strong></span> <span class='ocrx_word' id='word_1_210' title='bbox 203 3117 260 3179; x_wconf 90' lang='lat' dir='ltr'><strong>per</strong></span> <span class='ocrx_word' id='word_1_211' title='bbox 286 3099 347 3162; x_wconf 91' lang='lat' dir='ltr'><strong>hoc</strong></span> <span class='ocrx_word' id='word_1_212' title='bbox 370 3100 403 3160; x_wconf 91' lang='lat' dir='ltr'><strong>et</strong></span> <span class='ocrx_word' id='word_1_213' title='bbox 426 3117 444 3160; x_wconf 93' lang='lat' dir='ltr'><strong>a</strong></span> <span class='ocrx_word' id='word_1_214' title='bbox 466 3097 694 3162; x_wconf 88' lang='lat' dir='ltr'><strong>resurrectione</strong></span> <span class='ocrx_word' id='word_1_215' title='bbox 722 3116 783 3160; x_wconf 94' lang='lat' dir='ltr'><strong>non</strong></span> <span class='ocrx_word' id='word_1_216' title='bbox 807 3099 900 3160; x_wconf 90' lang='lat' dir='ltr'><strong>erunt</strong></span> <span class='ocrx_word' id='word_1_217' title='bbox 922 3097 1026 3174; x_wconf 85' lang='lat' dir='ltr'><strong>alieni,</strong></span> <span class='ocrx_word' id='word_1_218' title='bbox 1055 3117 1149 3180; x_wconf 87' lang='lat' dir='ltr'><strong>quam</strong></span> <span class='ocrx_word' id='word_1_219' title='bbox 1174 3097 1288 3161; x_wconf 88' lang='lat' dir='ltr'><strong>dornni·</strong></span> 
     </span>
     <span class='ocr_line' id='line_1_26' title="bbox 100 3201 1290 3285; baseline 0.001 -19"><span class='ocrx_word' id='word_1_220' title='bbox 100 3223 124 3259; x_wconf 70' lang='lat' dir='ltr'><strong>a</strong></span> <span class='ocrx_word' id='word_1_221' title='bbox 140 3204 224 3267; x_wconf 91' lang='lat' dir='ltr'><strong>tione</strong></span> <span class='ocrx_word' id='word_1_222' title='bbox 248 3203 450 3284; x_wconf 90' lang='lat' dir='ltr'><strong>praecedunt,</strong></span> <span class='ocrx_word' id='word_1_223' title='bbox 477 3202 624 3285; x_wconf 88' lang='lat' dir='ltr'><strong>quamuis</strong></span> <span class='ocrx_word' id='word_1_224' title='bbox 646 3201 847 3280; x_wconf 85' lang='lat' dir='ltr'><strong>breuissima,</strong></span> <span class='ocrx_word' id='word_1_225' title='bbox 873 3206 1056 3266; x_wconf 87' lang='lat' dir='ltr'><strong>nontamen</strong></span> <span class='ocrx_word' id='word_1_226' title='bbox 1077 3204 1173 3267; x_wconf 90' lang='lat' dir='ltr'><strong>nulla.</strong></span> <span class='ocrx_word' id='word_1_227' title='bbox 1200 3202 1290 3282; x_wconf 86' lang='lat' dir='ltr'><strong>Quur</strong></span> 
     </span>
     <span class='ocr_line' id='line_1_27' title="bbox 141 3309 1288 3392; baseline 0 -18"><span class='ocrx_word' id='word_1_228' title='bbox 141 3314 247 3374; x_wconf 90' lang='lat' dir='ltr'><strong>autem</strong></span> <span class='ocrx_word' id='word_1_229' title='bbox 271 3309 362 3373; x_wconf 86' lang='lat' dir='ltr'><strong>nobis</strong></span> <span class='ocrx_word' id='word_1_230' title='bbox 386 3309 569 3374; x_wconf 85' lang='lat' dir='ltr'><strong>incredibile</strong></span> <span class='ocrx_word' id='word_1_231' title='bbox 587 3309 736 3373; x_wconf 88' lang='lat' dir='ltr'><strong>uideatur</strong></span> <span class='ocrx_word' id='word_1_232' title='bbox 754 3309 841 3372; x_wconf 88' lang='lat' dir='ltr'><strong>illam</strong></span> <span class='ocrx_word' id='word_1_233' title='bbox 861 3309 1101 3374; x_wconf 89' lang='lat' dir='ltr'><strong>multitudinem</strong></span> <span class='ocrx_word' id='word_1_234' title='bbox 1122 3329 1288 3392; x_wconf 88' lang='lat' dir='ltr'><strong>corporum</strong></span> 
     </span>
     <span class='ocr_line' id='line_1_28' title="bbox 141 3415 1287 3502; baseline 0.001 -22"><span class='ocrx_word' id='word_1_235' title='bbox 141 3418 172 3480; x_wconf 94' lang='lat' dir='ltr'><strong>in</strong></span> <span class='ocrx_word' id='word_1_236' title='bbox 205 3435 277 3479; x_wconf 88' lang='lat' dir='ltr'><strong>aere</strong></span> <span class='ocrx_word' id='word_1_237' title='bbox 310 3415 447 3497; x_wconf 91' lang='lat' dir='ltr'><strong>quodam</strong></span> <span class='ocrx_word' id='word_1_238' title='bbox 475 3416 569 3481; x_wconf 89' lang='lat' dir='ltr'><strong>modo</strong></span> <span class='ocrx_word' id='word_1_239' title='bbox 598 3415 745 3480; x_wconf 88' lang='lat' dir='ltr'><strong>seminari</strong></span> <span class='ocrx_word' id='word_1_240' title='bbox 774 3416 875 3498; x_wconf 86' lang='lat' dir='ltr'><strong>adque</strong></span> <span class='ocrx_word' id='word_1_241' title='bbox 904 3416 948 3480; x_wconf 94' lang='lat' dir='ltr'><strong>ibi</strong></span> <span class='ocrx_word' id='word_1_242' title='bbox 971 3417 1115 3502; x_wconf 92' lang='lat' dir='ltr'><strong>protinus</strong></span> <span class='ocrx_word' id='word_1_243' title='bbox 1139 3418 1287 3482; x_wconf 86' lang='lat' dir='ltr'><strong>inmorta-</strong></span> 
     </span>
     <span class='ocr_line' id='line_1_29' title="bbox 139 3521 1289 3604; baseline 0.001 -19"><span class='ocrx_word' id='word_1_244' title='bbox 139 3523 213 3587; x_wconf 89' lang='lat' dir='ltr'><strong>liter</strong></span> <span class='ocrx_word' id='word_1_245' title='bbox 243 3523 345 3603; x_wconf 78' lang='lat' dir='ltr'><strong>adque</strong></span> <span class='ocrx_word' id='word_1_246' title='bbox 368 3521 650 3604; x_wconf 84' lang='lat' dir='ltr'><strong>incorruptibiliter</strong></span> <span class='ocrx_word' id='word_1_247' title='bbox 672 3522 880 3599; x_wconf 89' lang='lat' dir='ltr'><strong>reuiuescere,</strong></span> <span class='ocrx_word' id='word_1_248' title='bbox 906 3541 978 3586; x_wconf 88' lang='lat' dir='ltr'><strong>cunr</strong></span> <span class='ocrx_word' id='word_1_249' title='bbox 1003 3522 1178 3600; x_wconf 76' lang='lat' dir='ltr'><strong>credamus,</strong></span> <span class='ocrx_word' id='word_1_250' title='bbox 1204 3521 1289 3604; x_wconf 88' lang='lat' dir='ltr'><strong>qnod</strong></span> 
     </span>
    </p>
   </div>
   <div class='ocr_carea' id='block_1_3' title="bbox 230 3716 762 3832">
    <p class='ocr_par' dir='ltr' id='par_1_4' title="bbox 230 3716 762 3832">
     <span class='ocr_line' id='line_1_30' title="bbox 230 3716 762 3832; baseline -0.004 -13"><span class='ocrx_word' id='word_1_251' title='bbox 230 3766 247 3819; x_wconf 85' lang='lat'><strong>3</strong></span> <span class='ocrx_word' id='word_1_252' title='bbox 267 3763 379 3832; x_wconf 81' lang='lat' dir='ltr'><strong>Geu3,</strong></span> <span class='ocrx_word' id='word_1_253' title='bbox 399 3765 432 3817; x_wconf 89' lang='lat'><strong>19</strong></span> <span class='ocrx_word' id='word_1_254' title='bbox 489 3766 522 3820; x_wconf 92' lang='lat' dir='ltr'><strong>lO</strong></span> <span class='ocrx_word' id='word_1_255' title='bbox 544 3767 566 3817; x_wconf 92' lang='lat'><strong>1.</strong></span> <span class='ocrx_word' id='word_1_256' title='bbox 586 3716 646 3820; x_wconf 44' lang='lat' dir='ltr'><strong>Cor:</strong></span> <span class='ocrx_word' id='word_1_257' title='bbox 668 3766 709 3827; x_wconf 83' lang='lat'><strong>15,</strong></span> <span class='ocrx_word' id='word_1_258' title='bbox 730 3766 762 3818; x_wconf 89' lang='lat'><strong>51</strong></span> 
     </span>
    </p>
   </div>
   <div class='ocr_carea' id='block_1_4' title="bbox 141 3905 1289 4243">
    <p class='ocr_par' dir='ltr' id='par_1_5' title="bbox 141 3905 1289 4243">
     <span class='ocr_line' id='line_1_31' title="bbox 178 3905 1289 3976; baseline -0.002 -16"><span class='ocrx_word' id='word_1_259' title='bbox 178 3908 271 3976; x_wconf 90' lang='lat' dir='ltr'><strong>lqno</strong></span> <span class='ocrx_word' id='word_1_260' title='bbox 296 3905 413 3960; x_wconf 83' lang='lat' dir='ltr'><strong>nrodob</strong></span> <span class='ocrx_word' id='word_1_261' title='bbox 538 3909 710 3960; x_wconf 87' lang='lat' dir='ltr'><strong>reuertentur</strong></span> <span class='ocrx_word' id='word_1_262' title='bbox 726 3923 744 3974; x_wconf 76' lang='lat' dir='ltr'><strong>g</strong></span> <span class='ocrx_word' id='word_1_263' title='bbox 870 3907 940 3974; x_wconf 86' lang='lat' dir='ltr'><strong>sese]</strong></span> <span class='ocrx_word' id='word_1_264' title='bbox 966 3923 993 3959; x_wconf 85' lang='lat' dir='ltr'><strong>se</strong></span> <span class='ocrx_word' id='word_1_265' title='bbox 1014 3923 1041 3972; x_wconf 87' lang='lat' dir='ltr'><strong>e;</strong></span> <span class='ocrx_word' id='word_1_266' title='bbox 1060 3912 1091 3958; x_wconf 77' lang='lat' dir='ltr'><strong>ee</strong></span> <span class='ocrx_word' id='word_1_267' title='bbox 1115 3905 1159 3976; x_wconf 90' lang='lat'><strong>(=</strong></span> <span class='ocrx_word' id='word_1_268' title='bbox 1184 3911 1289 3976; x_wconf 72' lang='lat' dir='ltr'><strong>esselp</strong></span> 
     </span>
     <span class='ocr_line' id='line_1_32' title="bbox 141 3993 1286 4064; baseline -0.001 -17"><span class='ocrx_word' id='word_1_269' title='bbox 141 3998 301 4064; x_wconf 75' lang='lat' dir='ltr'><strong>degressus</strong></span> <span class='ocrx_word' id='word_1_270' title='bbox 317 4012 336 4064; x_wconf 74' lang='lat' dir='ltr'><strong>g</strong></span> <span class='ocrx_word' id='word_1_271' title='bbox 431 3993 555 4050; x_wconf 85' lang='lat' dir='ltr'><strong>Christus</strong></span> <span class='ocrx_word' id='word_1_272' title='bbox 574 3995 698 4048; x_wconf 89' lang='lat' dir='ltr'><strong>inueniet</strong></span> <span class='ocrx_word' id='word_1_273' title='bbox 715 3995 803 4050; x_wconf 74' lang='lat' dir='ltr'><strong>obab</strong></span> <span class='ocrx_word' id='word_1_274' title='bbox 908 3993 1084 4056; x_wconf 76' lang='lat' dir='ltr'><strong>lredebunt</strong></span> <span class='ocrx_word' id='word_1_275' title='bbox 1101 4010 1120 4063; x_wconf 76' lang='lat'><em>9</em></span> <span class='ocrx_word' id='word_1_276' title='bbox 1210 3994 1286 4048; x_wconf 81' lang='lat' dir='ltr'><strong>Odi-</strong></span> 
     </span>
     <span class='ocr_line' id='line_1_33' title="bbox 143 4083 1286 4153; baseline -0.002 -15"><span class='ocrx_word' id='word_1_277' title='bbox 143 4085 214 4153; x_wconf 87' lang='lat' dir='ltr'><strong>citp</strong></span> <span class='ocrx_word' id='word_1_278' title='bbox 305 4085 340 4138; x_wconf 90' lang='grc'><strong>10</strong></span> <span class='ocrx_word' id='word_1_279' title='bbox 358 4087 524 4137; x_wconf 87' lang='lat' dir='ltr'><strong>mortuorum</strong></span> <span class='ocrx_word' id='word_1_280' title='bbox 544 4084 589 4136; x_wconf 82' lang='lat' dir='ltr'><strong>bn</strong></span> <span class='ocrx_word' id='word_1_281' title='bbox 675 4085 707 4137; x_wconf 88' lang='grc'><strong>12</strong></span> <span class='ocrx_word' id='word_1_282' title='bbox 726 4083 784 4136; x_wconf 87' lang='lat' dir='ltr'><strong>fleri</strong></span> <span class='ocrx_word' id='word_1_283' title='bbox 804 4083 892 4151; x_wconf 91' lang='lat' dir='ltr'><strong>possit</strong></span> <span class='ocrx_word' id='word_1_284' title='bbox 910 4083 964 4136; x_wconf 83' lang='lat' dir='ltr'><strong>nisi</strong></span> <span class='ocrx_word' id='word_1_285' title='bbox 982 4099 1053 4135; x_wconf 84' lang='lat' dir='ltr'><strong>mors</strong></span> <span class='ocrx_word' id='word_1_286' title='bbox 1073 4084 1251 4151; x_wconf 81' lang='lat' dir='ltr'><strong>praecesserit</strong></span> <span class='ocrx_word' id='word_1_287' title='bbox 1270 4100 1286 4136; x_wconf 90' lang='lat' dir='ltr'><strong>u</strong></span> 
     </span>
     <span class='ocr_line' id='line_1_34' title="bbox 143 4171 1287 4243; baseline 0 -17"><span class='ocrx_word' id='word_1_288' title='bbox 143 4174 176 4226; x_wconf 86' lang='lat'><strong>13</strong></span> <span class='ocrx_word' id='word_1_289' title='bbox 194 4173 373 4243; x_wconf 85' lang='lat' dir='ltr'><strong>possumusb</strong></span> <span class='ocrx_word' id='word_1_290' title='bbox 421 4174 453 4226; x_wconf 83' lang='grc'><strong>16</strong></span> <span class='ocrx_word' id='word_1_291' title='bbox 472 4173 692 4242; x_wconf 88' lang='lat' dir='ltr'><strong>repperiuntnre</strong></span> <span class='ocrx_word' id='word_1_292' title='bbox 738 4174 769 4225; x_wconf 80' lang='lat'><strong>17</strong></span> <span class='ocrx_word' id='word_1_293' title='bbox 789 4171 968 4241; x_wconf 79' lang='lat' dir='ltr'><strong>rapiunturp</strong></span> <span class='ocrx_word' id='word_1_294' title='bbox 1013 4173 1046 4224; x_wconf 81' lang='lat'><strong>23</strong></span> <span class='ocrx_word' id='word_1_295' title='bbox 1066 4171 1287 4226; x_wconf 84' lang='lat' dir='ltr'><strong>uinicabunture</strong></span> 
     </span>
    </p>
   </div>
   <div class='ocr_carea' id='block_1_5' title="bbox 142 4259 1288 4405">
    <p class='ocr_par' dir='ltr' id='par_1_6' title="bbox 142 4259 1288 4405">
     <span class='ocr_line' id='line_1_35' title="bbox 142 4259 1288 4331; baseline 0 -17"><span class='ocrx_word' id='word_1_296' title='bbox 142 4263 177 4315; x_wconf 77' lang='lat'><strong>24</strong></span> <span class='ocrx_word' id='word_1_297' title='bbox 204 4261 366 4315; x_wconf 82' lang='lat' dir='ltr'><strong>dormitione</strong></span> <span class='ocrx_word' id='word_1_298' title='bbox 394 4261 560 4331; x_wconf 84' lang='lat' dir='ltr'><strong>praecedunt</strong></span> <span class='ocrx_word' id='word_1_299' title='bbox 588 4261 764 4331; x_wconf 85' lang='lat' dir='ltr'><strong>(praecedent</strong></span> <span class='ocrx_word' id='word_1_300' title='bbox 790 4267 819 4328; x_wconf 86' lang='lat' dir='ltr'><strong>a)</strong></span> <span class='ocrx_word' id='word_1_301' title='bbox 848 4277 923 4326; x_wconf 57' lang='lat' dir='ltr'><strong>nasa,</strong></span> <span class='ocrx_word' id='word_1_302' title='bbox 952 4259 1079 4314; x_wconf 89' lang='lat' dir='ltr'><strong>dormitio</strong></span> <span class='ocrx_word' id='word_1_303' title='bbox 1108 4260 1247 4328; x_wconf 85' lang='lat' dir='ltr'><strong>praecedit</strong></span> <span class='ocrx_word' id='word_1_304' title='bbox 1271 4275 1288 4314; x_wconf 85' lang='lat' dir='ltr'><strong>u</strong></span> 
     </span>
     <span class='ocr_line' id='line_1_36' title="bbox 143 4350 376 4405; baseline 0.004 -3"><span class='ocrx_word' id='word_1_305' title='bbox 143 4352 176 4403; x_wconf 77' lang='lat'><strong>26</strong></span> <span class='ocrx_word' id='word_1_306' title='bbox 194 4350 376 4405; x_wconf 87' lang='lat' dir='ltr'><strong>uidebaturb</strong></span> 
     </span>
    </p>
   </div>
   <div class='ocr_carea' id='block_1_6' title="bbox 0 0 1610 4959">
    <p class='ocr_par' dir='ltr' id='par_1_7' title="bbox 0 0 1610 4959">
     <span class='ocr_line' id='line_1_37' title="bbox 0 0 1610 4959; baseline 0 0"><span class='ocrx_word' id='word_1_307' title='bbox 0 0 1610 4959; x_wconf 95' lang='lat' dir='ltr'><strong> </strong></span> 
     </span>
    </p>
   </div>
  </div>
 </body>
</html>
