3192 4959
352 468 402 521 De
431 469 607 522 ciuitate
636 468 696 523 doi
725 470 791 524 lib.
816 470 905 526 xnss.
933 488 1009 541 cap.
1034 473 1058 527 9.
1091 473 1133 527 10.
1271 478 1313 539 25

640 664 777 730 CAPUT
800 665 840 731 X.

160 804 216 868 An
258 804 400 887 primos
443 806 611 869 homines
649 806 684 869 in
722 806 899 889 paradiso
943 810 1181 874 constitutos
1219 810 1313 874 ullis

160 912 535 993 perturbationibus,
571 912 794 995 priusquam
833 913 1109 995 delinquerent,
1142 915 1313 980 adfectos

511 1018 633 1084 fuisse
658 1019 881 1083 credendum
908 1022 969 1084 sit.

126 1194 140 1231 1
211 1161 272 1227 Sed
300 1166 408 1225 utrum
436 1162 557 1243 primus
587 1162 682 1225 homo
713 1162 764 1225 nol
793 1162 889 1245 primi
911 1163 1055 1227 homines
1078 1164 1223 1243 (duorum
1249 1167 1315 1228 erat

163 1270 282 1352 quippe
301 1268 498 1353 coniugium)
523 1268 680 1332 habebant
702 1269 783 1333 istos
809 1268 953 1334 adfectus
977 1270 1008 1333 in
1033 1288 1162 1352 corpore
1187 1272 1314 1335 animali

163 1379 237 1439 unte
260 1377 437 1456 peccatum,
457 1376 566 1457 quales
586 1375 618 1438 in
638 1394 767 1456 corpore
786 1374 923 1457 spiritali
942 1395 1002 1441 non
1021 1375 1210 1443 habebimus
1229 1378 1314 1441 omni

162 1485 299 1567 purgato
326 1482 479 1563 finitoque
511 1484 651 1563 peccato,
680 1500 741 1545 non
773 1482 920 1546 inmerito
954 1482 1124 1564 quaeritur.
1165 1483 1199 1549 si
1228 1485 1313 1549 enim

162 1588 332 1661 habebant,
353 1606 415 1669 quo
434 1587 527 1651 modo
553 1591 641 1652 erant
659 1587 744 1652 beati
762 1588 794 1651 in
814 1588 870 1652 illo
889 1589 1087 1654 memorabili
1106 1589 1313 1655 beatitudinis

115 1728 145 1767 ro
162 1697 247 1771 loco,
270 1694 301 1757 id
327 1699 378 1758 est
401 1695 567 1775 paradiso?
598 1692 676 1772 Quis
701 1694 827 1758 tandem
852 1694 998 1760 absolute
1022 1696 1084 1761 diei
1108 1697 1221 1761 beatus
1245 1700 1313 1779 pot

163 1804 225 1879 est,
250 1802 304 1882 qui
331 1802 444 1865 timore
467 1800 615 1865 adficitur
636 1800 689 1865 uel
718 1801 847 1865 dolore?
885 1787 1100 1881 Quid'autem
1123 1802 1234 1867 timere
1259 1805 1314 1866 aut

164 1908 271 1972 dolere
294 1910 440 1990 poterant
463 1907 510 1970 illi
535 1907 677 1971 homines
701 1908 732 1971 in
756 1911 918 1973 tantorum
940 1910 1028 1972 tanta
1051 1908 1200 1972 alluentia
1217 1910 1313 1973 bono·

163 2034 247 2093 rum,
271 2014 327 2077 ubi
355 2032 413 2077 nec
440 2033 525 2079 mors
553 2013 754 2077 metuebatur
781 2032 839 2077 neo
867 2013 934 2078 ulla
959 2015 1099 2097 corporis
1122 2015 1206 2078 mala
1228 2015 1314 2078 uale-

162 2120 254 2197 tudo,
275 2139 332 2184 neo
357 2120 464 2185 aberat
487 2120 669 2203 quicquam,
689 2120 774 2201 quod
797 2120 879 2184 bona
902 2120 1051 2185 uoluntas
1076 2121 1314 2202 adipisceretur,

116 2262 143 2303 rs
163 2248 224 2291 neo
252 2228 353 2291 inerat
381 2226 464 2309 quod
493 2245 618 2290 carnem
646 2226 829 2291 animumne
854 2226 992 2291 hominis
1016 2227 1151 2293 feliciter
1173 2228 1314 2292 uiuentis

163 2334 357 2399 offenderet?
395 2333 491 2396 Amor
515 2336 583 2397 erat
603 2333 843 2415 inperturbatus
866 2334 898 2397 in
921 2334 1023 2398 Deum
1049 2333 1151 2415 adque
1174 2334 1313 2399 interae

162 2442 337 2525 coniugum
363 2440 423 2504 lida
442 2443 474 2505 et
493 2440 614 2504 sincera
637 2440 789 2505 societate
813 2440 1003 2519 uiuentium,
1024 2443 1056 2505 et
1074 2459 1110 2504 ex
1129 2440 1189 2506 hoc
1208 2459 1313 2505 amore

163 2548 283 2633 grande
307 2546 469 2631 gaudium,
493 2566 554 2612 non
579 2546 751 2611 desistente
776 2547 860 2628 quod
884 2548 1049 2612 amabatur
1071 2546 1108 2611 ad
1133 2546 1312 2612 fruendum.

161 2656 241 2718 Erat
265 2654 417 2718 deuitatio
441 2654 613 2736 tranquilla
636 2654 768 2737 peccati,
789 2673 852 2736 qua
874 2657 1018 2718 manente
1042 2654 1166 2718 nullum
1186 2654 1312 2717 omnino

112 2796 142 2835 20
163 2761 311 2825 alicunde
334 2760 464 2838 malum,
490 2760 574 2841 quod
599 2759 810 2835 contristaret,
834 2760 990 2825 iunuebat.
1027 2761 1075 2824 An
1103 2761 1184 2825 forte
1207 2760 1312 2842 cupie-

160 2870 241 2933 bant
268 2867 462 2949 probibitum
490 2867 612 2950 lignum
642 2866 681 2930 ad
710 2866 903 2931 uescendum
932 2868 1125 2951 contingere,
1149 2866 1206 2931 sed
1232 2866 1313 2930 mori

161 2975 359 3052 metuebant,
384 2991 420 3037 ac
448 2992 503 3055 per
529 2973 589 3036 boo
620 2975 653 3036 et
680 2973 837 3055 cupiditas
866 2975 898 3037 et
925 2976 1030 3037 metus
1052 2972 1115 3036 iam
1139 2976 1216 3036 tunc
1238 2972 1312 3037 illos

160 3082 309 3147 homines
334 3082 430 3145 etiam
452 3082 483 3143 in
508 3080 563 3144 illo
587 3079 791 3161 perturbabat
814 3080 906 3143 loco?
943 3079 1038 3143 Absit
1064 3083 1102 3143 ut
1123 3077 1313 3143 hoc-existi·

159 3209 288 3253 nremus
308 3188 419 3258 luisse.
438 3186 494 3251 ubi
513 3186 635 3251 nullum
656 3190 723 3249 erat
746 3186 874 3250 omnino
898 3188 1074 3268 peccatum.
1098 3184 1208 3267 Neque
1227 3184 1312 3248 enim

112 3328 142 3368 25
161 3297 289 3361 nullum
316 3298 483 3375 peccatum
511 3296 560 3358 est
588 3312 625 3357 ea
653 3312 732 3376 qnae
759 3293 810 3357 lex
831 3293 891 3357 Dei
919 3292 1066 3375 prohibet
1089 3291 1311 3376 concupiscere

161 3404 266 3485 adque
299 3403 337 3466 ab
371 3401 421 3465 his
455 3401 612 3465 abstinere
639 3400 754 3465 timore
781 3418 911 3481 poenae,
937 3419 998 3463 non
1027 3418 1131 3462 amore
1159 3398 1311 3463 iustitiae.

159 3510 268 3582 Absit,
295 3507 435 3591 inquam,
465 3512 502 3570 ut
534 3509 606 3570 ante
639 3526 730 3571 omne
762 3510 929 3589 peceatum
960 3506 1024 3569 iam
1052 3504 1098 3570 ibi
1125 3504 1221 3568 fuerit
1247 3503 1311 3568 tale

159 3617 340 3697 peccatum,
365 3617 403 3677 ut
423 3614 483 3679 hoe
508 3612 545 3677 de
569 3613 656 3696 ligno
681 3612 893 3688 admitterent,
919 3612 1003 3695 quod
1031 3610 1070 3675 da
1092 3610 1226 3675 muliere
1248 3610 1312 3674 Do·

158 3722 270 3786 minua
298 3721 357 3785 ait:
396 3718 433 3784 Si
463 3718 546 3801 quis
570 3718 718 3783 'uiderit
745 3718 940 3782 mulierem
969 3718 1011 3782 ad
1041 3716 1310 3800 eoncupiscen-

251 3896 287 3949 29
306 3894 355 3949 Mt.
375 3897 400 3957 5,
419 3894 453 3947 28

196 4001 298 4055 2111111
322 4000 389 4069 Vp;
407 3999 489 4053 nullis
508 4014 549 4067 qa
595 3999 611 4051 3
631 3998 821 4068 delinquerent
843 3998 908 4067 Vp,·
926 3996 1092 4066 deliquerint
1108 4014 1150 4065 qo
1199 3994 1310 4064 lopiri-

158 4093 265 4147 tnalio
327 4090 490 4144 thabemus
515 4088 550 4142 V¹
612 4088 645 4142 12
665 4089 775 4142 afluent.
800 4088 861 4157 Vp,·
880 4088 1036 4141 affluente
1098 4083 1310 4139 1811111111Ι

161 4182 196 4235 19
216 4178 353 4233 dubitatio
374 4176 389 4230 b
454 4177 488 4231 20
500 4176 632 4230 'alicunde
656 4175 881 4243 1111110111,Ι
901 4174 1011 4229 aliunde
1030 4174 1102 4228 ado
1164 4174 1202 4277 21⁰
1217 4171 1308 4241 prohi-

160 4297 250 4350 bitum
267 4310 353 4364 oraque
373 4292 413 4345 od
429 4292 588 4346 metuebant
606 4292 687 4347 ((11.1
786 4292 1025 4361 231111111111111ι
1123 4290 1158 4343 26
1177 4288 1263 4358 peine
1287 4286 1313 4340 V

159 4386 195 4440 28
215 4381 447 4439 111111111111111711
500 4383 534 4435 29
554 4381 587 4435 ud
608 4380 730 4451 concup]
749 4378 947 4451 accupiscenda
966 4380 981 4434 b
1036 4376 1312 4447 concupiscendame
