<?xml version="1.0" encoding="UTF-8"?>
<!DOCTYPE html PUBLIC "-//W3C//DTD XHTML 1.0 Transitional//EN"
    "http://www.w3.org/TR/xhtml1/DTD/xhtml1-transitional.dtd">
<html xmlns="http://www.w3.org/1999/xhtml" xml:lang="en" lang="en">
 <head>
  <title>
</title>
<meta http-equiv="Content-Type" content="text/html;charset=utf-8" />
  <meta name='ocr-system' content='tesseract 3.04.00' />
  <meta name='ocr-capabilities' content='ocr_page ocr_carea ocr_par ocr_line ocrx_word'/>
</head>
<body>
  <div class='ocr_page' id='page_1' title='image "./corpusscriptoru07wiengoog/corpusscriptoru07wiengoog_0514.png"; bbox 0 0 3192 4959; ppageno 0'>
   <div class='ocr_carea' id='block_1_1' title="bbox 332 458 1134 536">
    <p class='ocr_par' dir='ltr' id='par_1_1' title="bbox 332 367 1552 606">
     <span class='ocr_line' id='line_1_1' title="bbox 332 458 1134 536; baseline 0.001 -16"><span class='ocrx_word' id='word_1_1' title='bbox 332 471 398 533; x_wconf 81' lang='grc'>494</span> <span class='ocrx_word' id='word_1_2' title='bbox 679 467 706 520; x_wconf 90' lang='lat' dir='ltr'>S.</span> <span class='ocrx_word' id='word_1_3' title='bbox 734 458 890 520; x_wconf 73' lang='lat' dir='ltr'>Aurelii</span> <span class='ocrx_word' id='word_1_4' title='bbox 917 467 1134 536; x_wconf 78' lang='lat' dir='ltr'><strong>Augustini</strong></span> 
     </span>
    </p>
   </div>
   <div class='ocr_carea' id='block_1_2' title="bbox 320 661 1489 3514">
    <p class='ocr_par' dir='ltr' id='par_1_2' title="bbox 320 661 1489 3514">
     <span class='ocr_line' id='line_1_2' title="bbox 330 661 1456 748; baseline 0.003 -25"><span class='ocrx_word' id='word_1_5' title='bbox 330 661 404 744; x_wconf 85' lang='lat' dir='ltr'>igne</span> <span class='ocrx_word' id='word_1_6' title='bbox 428 680 503 725; x_wconf 90' lang='lat' dir='ltr'>nero</span> <span class='ocrx_word' id='word_1_7' title='bbox 527 665 560 726; x_wconf 89' lang='lat' dir='ltr'>et</span> <span class='ocrx_word' id='word_1_8' title='bbox 581 664 783 744; x_wconf 79' lang='lat' dir='ltr'>tempestate,</span> <span class='ocrx_word' id='word_1_9' title='bbox 808 681 880 726; x_wconf 93' lang='lat' dir='ltr'>cnm</span> <span class='ocrx_word' id='word_1_10' title='bbox 905 663 936 725; x_wconf 95' lang='lat' dir='ltr'>in</span> <span class='ocrx_word' id='word_1_11' title='bbox 960 663 1074 728; x_wconf 82' lang='lat' dir='ltr'>Esaiae</span> <span class='ocrx_word' id='word_1_12' title='bbox 1093 663 1259 748; x_wconf 86' lang='lat' dir='ltr'>prophetia</span> <span class='ocrx_word' id='word_1_13' title='bbox 1277 663 1340 727; x_wconf 91' lang='lat' dir='ltr'>tale</span> <span class='ocrx_word' id='word_1_14' title='bbox 1359 661 1456 745; x_wconf 86' lang='lat' dir='ltr'>aliquid</span> 
     </span>
     <span class='ocr_line' id='line_1_3' title="bbox 330 768 1456 852; baseline 0 -20"><span class='ocrx_word' id='word_1_15' title='bbox 330 773 549 845; x_wconf 80' lang='lat' dir='ltr'>tractaremus,</span> <span class='ocrx_word' id='word_1_16' title='bbox 574 788 636 850; x_wconf 89' lang='lat' dir='ltr'>quc</span> <span class='ocrx_word' id='word_1_17' title='bbox 660 769 754 832; x_wconf 85' lang='lat' dir='ltr'>medo</span> <span class='ocrx_word' id='word_1_18' title='bbox 778 773 886 834; x_wconf 87' lang='lat' dir='ltr'>essent</span> <span class='ocrx_word' id='word_1_19' title='bbox 908 769 985 846; x_wconf 88' lang='lat' dir='ltr'>haec</span> <span class='ocrx_word' id='word_1_20' title='bbox 1003 769 1226 852; x_wconf 87' lang='lat' dir='ltr'>intellegenda,</span> <span class='ocrx_word' id='word_1_21' title='bbox 1250 769 1314 834; x_wconf 89' lang='lat' dir='ltr'>iam</span> <span class='ocrx_word' id='word_1_22' title='bbox 1332 768 1456 832; x_wconf 84' lang='lat' dir='ltr'>diximus.</span> 
     </span>
     <span class='ocr_line' id='line_1_4' title="bbox 331 872 1457 955; baseline 0.001 -18"><span class='ocrx_word' id='word_1_23' title='bbox 331 872 422 952; x_wconf 81' lang='lat' dir='ltr'>Quod</span> <span class='ocrx_word' id='word_1_24' title='bbox 451 892 525 939; x_wconf 89' lang='lat' dir='ltr'>uem</span> <span class='ocrx_word' id='word_1_25' title='bbox 553 874 674 938; x_wconf 86' lang='lat' dir='ltr'>dictum</span> <span class='ocrx_word' id='word_1_26' title='bbox 704 879 767 938; x_wconf 89' lang='lat' dir='ltr'>est:</span> <span class='ocrx_word' id='word_1_27' title='bbox 794 875 1010 939; x_wconf 85' lang='lat' dir='ltr'>Aduoeabit</span> <span class='ocrx_word' id='word_1_28' title='bbox 1038 875 1180 939; x_wconf 89' lang='lat' dir='ltr'>caelum</span> <span class='ocrx_word' id='word_1_29' title='bbox 1210 894 1371 938; x_wconf 86' lang='lat' dir='ltr'>sursum:</span> <span class='ocrx_word' id='word_1_30' title='bbox 1398 893 1457 955; x_wconf 85' lang='lat' dir='ltr'>quc·</span> 
     </span>
     <span class='ocr_line' id='line_1_5' title="bbox 330 981 1457 1064; baseline 0 -20"><span class='ocrx_word' id='word_1_31' title='bbox 330 981 415 1044; x_wconf 90' lang='lat' dir='ltr'>niam</span> <span class='ocrx_word' id='word_1_32' title='bbox 449 981 551 1045; x_wconf 82' lang='lat' dir='ltr'>sancti</span> <span class='ocrx_word' id='word_1_33' title='bbox 579 985 611 1045; x_wconf 88' lang='lat' dir='ltr'>et</span> <span class='ocrx_word' id='word_1_34' title='bbox 637 981 715 1044; x_wconf 87' lang='lat' dir='ltr'>iusti</span> <span class='ocrx_word' id='word_1_35' title='bbox 742 985 827 1046; x_wconf 86' lang='lat' dir='ltr'>reete</span> <span class='ocrx_word' id='word_1_36' title='bbox 855 981 978 1045; x_wconf 83' lang='lat' dir='ltr'>caelum</span> <span class='ocrx_word' id='word_1_37' title='bbox 1003 982 1211 1064; x_wconf 80' lang='lat' dir='ltr'>appellantur,</span> <span class='ocrx_word' id='word_1_38' title='bbox 1245 982 1391 1044; x_wconf 90' lang='lat' dir='ltr'>nimirum</span> <span class='ocrx_word' id='word_1_39' title='bbox 1412 981 1457 1044; x_wconf 87' lang='lat' dir='ltr'>hor</span> 
     </span>
     <span class='ocr_line' id='line_1_6' title="bbox 330 1086 1488 1170; baseline -0.002 -18"><span class='ocrx_word' id='word_1_40' title='bbox 330 1092 389 1164; x_wconf 91' lang='lat' dir='ltr'>est,</span> <span class='ocrx_word' id='word_1_41' title='bbox 423 1086 508 1169; x_wconf 85' lang='lat' dir='ltr'>qued</span> <span class='ocrx_word' id='word_1_42' title='bbox 540 1087 585 1150; x_wconf 87' lang='lat' dir='ltr'>ait</span> <span class='ocrx_word' id='word_1_43' title='bbox 617 1089 797 1168; x_wconf 86' lang='lat' dir='ltr'>apostolus:</span> <span class='ocrx_word' id='word_1_44' title='bbox 831 1086 953 1152; x_wconf 87' lang='lat' dir='ltr'>Simul</span> <span class='ocrx_word' id='word_1_45' title='bbox 987 1107 1068 1152; x_wconf 86' lang='lat' dir='ltr'>cnm</span> <span class='ocrx_word' id='word_1_46' title='bbox 1100 1088 1182 1152; x_wconf 90' lang='lat' dir='ltr'>illis</span> <span class='ocrx_word' id='word_1_47' title='bbox 1215 1087 1400 1170; x_wconf 88' lang='lat' dir='ltr'>rapiemur</span> <span class='ocrx_word' id='word_1_48' title='bbox 1430 1088 1488 1150; x_wconf 76' lang='lat' dir='ltr'>ina</span> 
     </span>
     <span class='ocr_line' id='line_1_7' title="bbox 329 1192 1457 1258; baseline -0.002 -1"><span class='ocrx_word' id='word_1_49' title='bbox 329 1194 493 1258; x_wconf 91' lang='lat' dir='ltr'>nubibus</span> <span class='ocrx_word' id='word_1_50' title='bbox 530 1195 567 1257; x_wconf 94' lang='lat' dir='ltr'>in</span> <span class='ocrx_word' id='word_1_51' title='bbox 606 1193 755 1258; x_wconf 89' lang='lat' dir='ltr'>obuiam</span> <span class='ocrx_word' id='word_1_52' title='bbox 792 1192 945 1258; x_wconf 84' lang='lat' dir='ltr'>Christo</span> <span class='ocrx_word' id='word_1_53' title='bbox 983 1195 1018 1257; x_wconf 94' lang='lat' dir='ltr'>in</span> <span class='ocrx_word' id='word_1_54' title='bbox 1058 1213 1151 1258; x_wconf 89' lang='lat' dir='ltr'>aera.</span> <span class='ocrx_word' id='word_1_55' title='bbox 1189 1193 1270 1258; x_wconf 90' lang='lat' dir='ltr'>Nam</span> <span class='ocrx_word' id='word_1_56' title='bbox 1304 1192 1457 1258; x_wconf 89' lang='lat' dir='ltr'>secundnm</span> 
     </span>
     <span class='ocr_line' id='line_1_8' title="bbox 328 1299 1458 1383; baseline 0.004 -21"><span class='ocrx_word' id='word_1_57' title='bbox 328 1299 454 1365; x_wconf 84' lang='lat' dir='ltr'>litterae</span> <span class='ocrx_word' id='word_1_58' title='bbox 491 1300 701 1383; x_wconf 88' lang='lat' dir='ltr'>superficiem,</span> <span class='ocrx_word' id='word_1_59' title='bbox 739 1319 801 1383; x_wconf 89' lang='lat' dir='ltr'>quo</span> <span class='ocrx_word' id='word_1_60' title='bbox 834 1300 928 1365; x_wconf 84' lang='lat' dir='ltr'>mode</span> <span class='ocrx_word' id='word_1_61' title='bbox 968 1300 1143 1366; x_wconf 87' lang='lat' dir='ltr'>aduncatur·</span> <span class='ocrx_word' id='word_1_62' title='bbox 1179 1300 1302 1364; x_wconf 84' lang='lat' dir='ltr'>caelum</span> <span class='ocrx_word' id='word_1_63' title='bbox 1339 1319 1458 1367; x_wconf 86' lang='lat' dir='ltr'>sursum.</span> 
     </span>
     <span class='ocr_line' id='line_1_9' title="bbox 329 1404 1457 1489; baseline -0.002 -19"><span class='ocrx_word' id='word_1_64' title='bbox 329 1409 421 1489; x_wconf 88' lang='lat' dir='ltr'>quasi</span> <span class='ocrx_word' id='word_1_65' title='bbox 447 1407 552 1488; x_wconf 86' lang='lat' dir='ltr'>possit</span> <span class='ocrx_word' id='word_1_66' title='bbox 580 1425 650 1470; x_wconf 89' lang='lat' dir='ltr'>esse</span> <span class='ocrx_word' id='word_1_67' title='bbox 680 1407 741 1471; x_wconf 88' lang='lat' dir='ltr'>nisi</span> <span class='ocrx_word' id='word_1_68' title='bbox 769 1411 918 1471; x_wconf 81' lang='lat' dir='ltr'>sursum?</span> <span class='ocrx_word' id='word_1_69' title='bbox 948 1404 1040 1485; x_wconf 83' lang='lat' dir='ltr'>Quod</span> <span class='ocrx_word' id='word_1_70' title='bbox 1069 1411 1176 1472; x_wconf 84' lang='lat' dir='ltr'>autem</span> <span class='ocrx_word' id='word_1_71' title='bbox 1205 1407 1386 1471; x_wconf 86' lang='lat' dir='ltr'>adiunctum</span> <span class='ocrx_word' id='word_1_72' title='bbox 1408 1409 1457 1468; x_wconf 82' lang='lat' dir='ltr'>est:</span> 
     </span>
     <span class='ocr_line' id='line_1_10' title="bbox 328 1511 1458 1597; baseline -0.002 -21"><span class='ocrx_word' id='word_1_73' title='bbox 328 1513 374 1577; x_wconf 82' lang='lat' dir='ltr'>nt</span> <span class='ocrx_word' id='word_1_74' title='bbox 407 1518 541 1579; x_wconf 89' lang='lat' dir='ltr'>terram</span> <span class='ocrx_word' id='word_1_75' title='bbox 575 1513 788 1578; x_wconf 87' lang='lat' dir='ltr'>discernere</span> <span class='ocrx_word' id='word_1_76' title='bbox 821 1515 1002 1597; x_wconf 88' lang='lat' dir='ltr'>populum</span> <span class='ocrx_word' id='word_1_77' title='bbox 1041 1533 1158 1590; x_wconf 89' lang='lat' dir='ltr'>sunm,</span> <span class='ocrx_word' id='word_1_78' title='bbox 1196 1512 1224 1576; x_wconf 87' lang='lat' dir='ltr'>si</span> <span class='ocrx_word' id='word_1_79' title='bbox 1256 1511 1458 1578; x_wconf 82' lang='lat' dir='ltr'>tantummodo</span> 
     </span>
     <span class='ocr_line' id='line_1_11' title="bbox 329 1618 1489 1694; baseline -0.004 -11"><span class='ocrx_word' id='word_1_80' title='bbox 329 1620 540 1684; x_wconf 81' lang='lat' dir='ltr'>subaudiatur</span> <span class='ocrx_word' id='word_1_81' title='bbox 561 1619 775 1693; x_wconf 76' lang='lat' dir='ltr'>adnotabit,</span> <span class='ocrx_word' id='word_1_82' title='bbox 800 1620 832 1684; x_wconf 91' lang='lat' dir='ltr'>id</span> <span class='ocrx_word' id='word_1_83' title='bbox 857 1624 907 1685; x_wconf 90' lang='lat' dir='ltr'>est</span> <span class='ocrx_word' id='word_1_84' title='bbox 930 1619 1099 1685; x_wconf 85' lang='lat' dir='ltr'>aduncabit</span> <span class='ocrx_word' id='word_1_85' title='bbox 1122 1625 1154 1684; x_wconf 92' lang='lat' dir='ltr'>et</span> <span class='ocrx_word' id='word_1_86' title='bbox 1177 1624 1305 1694; x_wconf 88' lang='lat' dir='ltr'>terram,</span> <span class='ocrx_word' id='word_1_87' title='bbox 1328 1638 1382 1684; x_wconf 90' lang='lat' dir='ltr'>nec</span> <span class='ocrx_word' id='word_1_88' title='bbox 1400 1618 1489 1682; x_wconf 84' lang='lat' dir='ltr'>sul-n</span> 
     </span>
     <span class='ocr_line' id='line_1_12' title="bbox 327 1724 1458 1801; baseline -0.004 -12"><span class='ocrx_word' id='word_1_89' title='bbox 327 1725 476 1790; x_wconf 87' lang='lat' dir='ltr'>audiatur·</span> <span class='ocrx_word' id='word_1_90' title='bbox 513 1745 672 1801; x_wconf 89' lang='lat' dir='ltr'>sursum,</span> <span class='ocrx_word' id='word_1_91' title='bbox 709 1727 793 1791; x_wconf 92' lang='lat' dir='ltr'>hunc</span> <span class='ocrx_word' id='word_1_92' title='bbox 829 1726 957 1791; x_wconf 89' lang='lat' dir='ltr'>uidetur</span> <span class='ocrx_word' id='word_1_93' title='bbox 988 1727 1103 1790; x_wconf 84' lang='lat' dir='ltr'>habere</span> <span class='ocrx_word' id='word_1_94' title='bbox 1135 1745 1264 1790; x_wconf 89' lang='lat' dir='ltr'>sensum</span> <span class='ocrx_word' id='word_1_95' title='bbox 1302 1724 1458 1790; x_wconf 86' lang='lat' dir='ltr'>secundnm</span> 
     </span>
     <span class='ocr_line' id='line_1_13' title="bbox 326 1832 1457 1917; baseline -0.003 -21"><span class='ocrx_word' id='word_1_96' title='bbox 326 1837 447 1896; x_wconf 86' lang='lat' dir='ltr'>rectam</span> <span class='ocrx_word' id='word_1_97' title='bbox 474 1832 579 1907; x_wconf 86' lang='lat' dir='ltr'>fidem,</span> <span class='ocrx_word' id='word_1_98' title='bbox 612 1836 650 1896; x_wconf 94' lang='lat' dir='ltr'>ut</span> <span class='ocrx_word' id='word_1_99' title='bbox 681 1835 804 1897; x_wconf 88' lang='lat' dir='ltr'>caelum</span> <span class='ocrx_word' id='word_1_100' title='bbox 836 1833 1040 1917; x_wconf 85' lang='lat' dir='ltr'>intellegatur</span> <span class='ocrx_word' id='word_1_101' title='bbox 1071 1835 1103 1897; x_wconf 93' lang='lat' dir='ltr'>in</span> <span class='ocrx_word' id='word_1_102' title='bbox 1136 1834 1192 1910; x_wconf 86' lang='lat' dir='ltr'>eis,</span> <span class='ocrx_word' id='word_1_103' title='bbox 1226 1834 1281 1915; x_wconf 87' lang='lat' dir='ltr'>qui</span> <span class='ocrx_word' id='word_1_104' title='bbox 1314 1851 1382 1896; x_wconf 90' lang='lat' dir='ltr'>cnm</span> <span class='ocrx_word' id='word_1_105' title='bbox 1413 1832 1457 1896; x_wconf 86' lang='lat' dir='ltr'>illc</span> 
     </span>
     <span class='ocr_line' id='line_1_14' title="bbox 327 1936 1457 2020; baseline -0.002 -20"><span class='ocrx_word' id='word_1_106' title='bbox 327 1936 499 2000; x_wconf 88' lang='lat' dir='ltr'>iudicaturi</span> <span class='ocrx_word' id='word_1_107' title='bbox 521 1940 606 2014; x_wconf 87' lang='lat' dir='ltr'>sunt,</span> <span class='ocrx_word' id='word_1_108' title='bbox 631 1944 663 2001; x_wconf 89' lang='lat' dir='ltr'>et</span> <span class='ocrx_word' id='word_1_109' title='bbox 685 1942 769 2002; x_wconf 85' lang='lat' dir='ltr'>terra</span> <span class='ocrx_word' id='word_1_110' title='bbox 791 1939 824 2001; x_wconf 94' lang='lat' dir='ltr'>in</span> <span class='ocrx_word' id='word_1_111' title='bbox 849 1939 905 2012; x_wconf 89' lang='lat' dir='ltr'>eis,</span> <span class='ocrx_word' id='word_1_112' title='bbox 931 1939 985 2020; x_wconf 88' lang='lat' dir='ltr'>qui</span> <span class='ocrx_word' id='word_1_113' title='bbox 1008 1939 1170 2002; x_wconf 87' lang='lat' dir='ltr'>iudicandi</span> <span class='ocrx_word' id='word_1_114' title='bbox 1194 1943 1283 2012; x_wconf 88' lang='lat' dir='ltr'>suut;</span> <span class='ocrx_word' id='word_1_115' title='bbox 1308 1941 1345 2002; x_wconf 93' lang='lat' dir='ltr'>ut</span> <span class='ocrx_word' id='word_1_116' title='bbox 1366 1936 1457 2002; x_wconf 88' lang='lat' dir='ltr'>aduc-</span> 
     </span>
     <span class='ocr_line' id='line_1_15' title="bbox 327 2043 1455 2128; baseline -0.002 -22"><span class='ocrx_word' id='word_1_117' title='bbox 327 2043 431 2107; x_wconf 89' lang='lat' dir='ltr'>cabit</span> <span class='ocrx_word' id='word_1_118' title='bbox 454 2046 597 2107; x_wconf 90' lang='lat' dir='ltr'>caelum</span> <span class='ocrx_word' id='word_1_119' title='bbox 622 2063 771 2109; x_wconf 87' lang='lat' dir='ltr'>sursum</span> <span class='ocrx_word' id='word_1_120' title='bbox 795 2064 854 2108; x_wconf 89' lang='lat' dir='ltr'>nnn</span> <span class='ocrx_word' id='word_1_121' title='bbox 879 2044 930 2108; x_wconf 83' lang='lat' dir='ltr'>uic</span> <span class='ocrx_word' id='word_1_122' title='bbox 953 2045 1178 2128; x_wconf 88' lang='lat' dir='ltr'>intellegamus</span> <span class='ocrx_word' id='word_1_123' title='bbox 1202 2045 1315 2126; x_wconf 87' lang='lat' dir='ltr'>‘rapiet</span> <span class='ocrx_word' id='word_1_124' title='bbox 1331 2043 1361 2108; x_wconf 91' lang='lat' dir='ltr'>in</span> <span class='ocrx_word' id='word_1_125' title='bbox 1379 2047 1455 2116; x_wconf 86' lang='lat' dir='ltr'>aera’,</span> 
     </span>
     <span class='ocr_line' id='line_1_16' title="bbox 327 2147 1487 2234; baseline -0.002 -22"><span class='ocrx_word' id='word_1_126' title='bbox 327 2149 383 2213; x_wconf 88' lang='lat' dir='ltr'>sed</span> <span class='ocrx_word' id='word_1_127' title='bbox 408 2150 448 2213; x_wconf 83' lang='lat' dir='ltr'>‘in</span> <span class='ocrx_word' id='word_1_128' title='bbox 468 2149 650 2214; x_wconf 88' lang='lat' dir='ltr'>iudiciarias</span> <span class='ocrx_word' id='word_1_129' title='bbox 670 2151 771 2233; x_wconf 87' lang='lat' dir='ltr'>eriget</span> <span class='ocrx_word' id='word_1_130' title='bbox 790 2151 904 2215; x_wconf 86' lang='lat' dir='ltr'>sedes&#39;.</span> <span class='ocrx_word' id='word_1_131' title='bbox 923 2151 1036 2214; x_wconf 85' lang='lat' dir='ltr'>Potest</span> <span class='ocrx_word' id='word_1_132' title='bbox 1054 2154 1085 2216; x_wconf 89' lang='lat' dir='ltr'>et</span> <span class='ocrx_word' id='word_1_133' title='bbox 1104 2150 1183 2215; x_wconf 90' lang='lat' dir='ltr'>illud</span> <span class='ocrx_word' id='word_1_134' title='bbox 1203 2151 1345 2234; x_wconf 84' lang='lat' dir='ltr'>intellegi</span> <span class='ocrx_word' id='word_1_135' title='bbox 1364 2147 1455 2213; x_wconf 86' lang='lat' dir='ltr'>aduc·</span> <span class='ocrx_word' id='word_1_136' title='bbox 1470 2163 1487 2202; x_wconf 80' lang='lat' dir='ltr'>u</span> 
     </span>
     <span class='ocr_line' id='line_1_17' title="bbox 325 2255 1457 2342; baseline -0.004 -23"><span class='ocrx_word' id='word_1_137' title='bbox 325 2256 429 2320; x_wconf 89' lang='lat' dir='ltr'>cabit</span> <span class='ocrx_word' id='word_1_138' title='bbox 461 2259 605 2321; x_wconf 87' lang='lat' dir='ltr'>caelum</span> <span class='ocrx_word' id='word_1_139' title='bbox 639 2277 787 2321; x_wconf 87' lang='lat' dir='ltr'>sursum</span> <span class='ocrx_word' id='word_1_140' title='bbox 827 2257 1008 2322; x_wconf 80' lang='lat' dir='ltr'>‘aduocauit</span> <span class='ocrx_word' id='word_1_141' title='bbox 1039 2258 1167 2342; x_wconf 87' lang='lat' dir='ltr'>angelos</span> <span class='ocrx_word' id='word_1_142' title='bbox 1201 2258 1233 2321; x_wconf 94' lang='lat' dir='ltr'>in</span> <span class='ocrx_word' id='word_1_143' title='bbox 1266 2255 1405 2339; x_wconf 86' lang='lat' dir='ltr'>supernis</span> <span class='ocrx_word' id='word_1_144' title='bbox 1432 2257 1457 2316; x_wconf 86' lang='lat' dir='ltr'>et</span> 
     </span>
     <span class='ocr_line' id='line_1_18' title="bbox 325 2352 1455 2446; baseline 0.004 -20"><span class='ocrx_word' id='word_1_145' title='bbox 325 2363 458 2427; x_wconf 82' lang='lat' dir='ltr'>excelsis</span> <span class='ocrx_word' id='word_1_146' title='bbox 481 2363 572 2440; x_wconf 84' lang='lat' dir='ltr'>locis,</span> <span class='ocrx_word' id='word_1_147' title='bbox 597 2382 669 2426; x_wconf 87' lang='lat' dir='ltr'>cum</span> <span class='ocrx_word' id='word_1_148' title='bbox 693 2363 810 2446; x_wconf 88' lang='lat' dir='ltr'>quibus</span> <span class='ocrx_word' id='word_1_149' title='bbox 834 2363 1005 2429; x_wconf 84' lang='lat' dir='ltr'>descendat</span> <span class='ocrx_word' id='word_1_150' title='bbox 1029 2364 1067 2428; x_wconf 92' lang='lat' dir='ltr'>ad</span> <span class='ocrx_word' id='word_1_151' title='bbox 1090 2363 1272 2428; x_wconf 82' lang='lat' dir='ltr'>faciendum</span> <span class='ocrx_word' id='word_1_152' title='bbox 1294 2352 1455 2430; x_wconf 60' lang='lat' dir='ltr'>inliciunt</span> 
     </span>
     <span class='ocr_line' id='line_1_19' title="bbox 325 2466 1458 2552; baseline -0.004 -20"><span class='ocrx_word' id='word_1_153' title='bbox 325 2469 496 2533; x_wconf 86' lang='lat' dir='ltr'>adnocabit</span> <span class='ocrx_word' id='word_1_154' title='bbox 528 2475 565 2535; x_wconf 90' lang='lat' dir='ltr'>et</span> <span class='ocrx_word' id='word_1_155' title='bbox 591 2474 738 2549; x_wconf 86' lang='lat' dir='ltr'>terram,</span> <span class='ocrx_word' id='word_1_156' title='bbox 770 2472 803 2535; x_wconf 91' lang='lat' dir='ltr'>id</span> <span class='ocrx_word' id='word_1_157' title='bbox 832 2473 882 2536; x_wconf 90' lang='lat' dir='ltr'>est</span> <span class='ocrx_word' id='word_1_158' title='bbox 909 2471 1052 2535; x_wconf 84' lang='lat' dir='ltr'>homines</span> <span class='ocrx_word' id='word_1_159' title='bbox 1084 2471 1115 2534; x_wconf 94' lang='lat' dir='ltr'>in</span> <span class='ocrx_word' id='word_1_160' title='bbox 1143 2475 1227 2534; x_wconf 90' lang='lat' dir='ltr'>terra</span> <span class='ocrx_word' id='word_1_161' title='bbox 1254 2471 1364 2552; x_wconf 92' lang='lat' dir='ltr'>ntique</span> <span class='ocrx_word' id='word_1_162' title='bbox 1389 2466 1458 2530; x_wconf 90' lang='lat' dir='ltr'>indi·</span> 
     </span>
     <span class='ocr_line' id='line_1_20' title="bbox 325 2573 1457 2660; baseline -0.004 -22"><span class='ocrx_word' id='word_1_163' title='bbox 325 2576 453 2642; x_wconf 89' lang='lat' dir='ltr'>candcs.</span> <span class='ocrx_word' id='word_1_164' title='bbox 488 2575 522 2641; x_wconf 85' lang='lat' dir='ltr'>si</span> <span class='ocrx_word' id='word_1_165' title='bbox 551 2580 657 2640; x_wconf 89' lang='lat' dir='ltr'>antem</span> <span class='ocrx_word' id='word_1_166' title='bbox 686 2581 857 2660; x_wconf 87' lang='lat' dir='ltr'>utrumque</span> <span class='ocrx_word' id='word_1_167' title='bbox 886 2576 1139 2641; x_wconf 88' lang='lat' dir='ltr'>subaudiendum</span> <span class='ocrx_word' id='word_1_168' title='bbox 1164 2583 1223 2655; x_wconf 86' lang='lat' dir='ltr'>est,</span> <span class='ocrx_word' id='word_1_169' title='bbox 1258 2595 1330 2640; x_wconf 90' lang='lat' dir='ltr'>cum</span> <span class='ocrx_word' id='word_1_170' title='bbox 1357 2573 1457 2638; x_wconf 88' lang='lat' dir='ltr'>dicitur</span> 
     </span>
     <span class='ocr_line' id='line_1_21' title="bbox 323 2680 1489 2760; baseline -0.003 -15"><span class='ocrx_word' id='word_1_171' title='bbox 323 2686 362 2745; x_wconf 86' lang='lat' dir='ltr'>et</span> <span class='ocrx_word' id='word_1_172' title='bbox 393 2689 540 2760; x_wconf 85' lang='lat' dir='ltr'>terram,</span> <span class='ocrx_word' id='word_1_173' title='bbox 572 2682 605 2745; x_wconf 92' lang='lat' dir='ltr'>id</span> <span class='ocrx_word' id='word_1_174' title='bbox 638 2685 687 2746; x_wconf 86' lang='lat' dir='ltr'>est</span> <span class='ocrx_word' id='word_1_175' title='bbox 719 2685 751 2747; x_wconf 89' lang='lat' dir='ltr'>et</span> <span class='ocrx_word' id='word_1_176' title='bbox 783 2683 987 2747; x_wconf 74' lang='lat' dir='ltr'>adnotabit</span> <span class='ocrx_word' id='word_1_177' title='bbox 1019 2686 1051 2747; x_wconf 92' lang='lat' dir='ltr'>et</span> <span class='ocrx_word' id='word_1_178' title='bbox 1083 2701 1243 2758; x_wconf 88' lang='lat' dir='ltr'>sursum,</span> <span class='ocrx_word' id='word_1_179' title='bbox 1276 2688 1314 2746; x_wconf 89' lang='lat' dir='ltr'>ut</span> <span class='ocrx_word' id='word_1_180' title='bbox 1340 2682 1398 2746; x_wconf 89' lang='lat' dir='ltr'>iste</span> <span class='ocrx_word' id='word_1_181' title='bbox 1422 2680 1489 2744; x_wconf 72' lang='lat' dir='ltr'>sita</span> 
     </span>
     <span class='ocr_line' id='line_1_22' title="bbox 324 2789 1455 2867; baseline -0.004 -15"><span class='ocrx_word' id='word_1_182' title='bbox 324 2807 453 2853; x_wconf 86' lang='lat' dir='ltr'>sensns:</span> <span class='ocrx_word' id='word_1_183' title='bbox 481 2789 661 2852; x_wconf 80' lang='lat' dir='ltr'>Aduocabit</span> <span class='ocrx_word' id='word_1_184' title='bbox 688 2790 812 2854; x_wconf 86' lang='lat' dir='ltr'>caelum</span> <span class='ocrx_word' id='word_1_185' title='bbox 841 2809 979 2867; x_wconf 87' lang='lat' dir='ltr'>sursum,</span> <span class='ocrx_word' id='word_1_186' title='bbox 1009 2792 1041 2853; x_wconf 89' lang='lat' dir='ltr'>et</span> <span class='ocrx_word' id='word_1_187' title='bbox 1068 2793 1183 2853; x_wconf 85' lang='lat' dir='ltr'>terrain</span> <span class='ocrx_word' id='word_1_188' title='bbox 1212 2789 1380 2854; x_wconf 88' lang='lat' dir='ltr'>aduocabit</span> <span class='ocrx_word' id='word_1_189' title='bbox 1400 2805 1455 2850; x_wconf 88' lang='lat' dir='ltr'>sur·</span> 
     </span>
     <span class='ocr_line' id='line_1_23' title="bbox 323 2893 1455 2978; baseline -0.004 -20"><span class='ocrx_word' id='word_1_190' title='bbox 323 2914 411 2958; x_wconf 90' lang='lat' dir='ltr'>snm:</span> <span class='ocrx_word' id='word_1_191' title='bbox 440 2894 518 2959; x_wconf 89' lang='lat' dir='ltr'>nihil</span> <span class='ocrx_word' id='word_1_192' title='bbox 541 2896 656 2958; x_wconf 82' lang='lat' dir='ltr'>melina</span> <span class='ocrx_word' id='word_1_193' title='bbox 679 2895 825 2978; x_wconf 87' lang='lat' dir='ltr'>intellegi</span> <span class='ocrx_word' id='word_1_194' title='bbox 848 2896 993 2960; x_wconf 84' lang='lat' dir='ltr'>existimo</span> <span class='ocrx_word' id='word_1_195' title='bbox 1018 2914 1112 2978; x_wconf 88' lang='lat' dir='ltr'>quam</span> <span class='ocrx_word' id='word_1_196' title='bbox 1137 2913 1247 2960; x_wconf 87' lang='lat' dir='ltr'>omnes</span> <span class='ocrx_word' id='word_1_197' title='bbox 1277 2895 1329 2977; x_wconf 90' lang='lat' dir='ltr'>qui</span> <span class='ocrx_word' id='word_1_198' title='bbox 1351 2893 1455 2974; x_wconf 84' lang='lat' dir='ltr'>rapien-</span> 
     </span>
     <span class='ocr_line' id='line_1_24' title="bbox 323 3000 1455 3083; baseline -0.004 -19"><span class='ocrx_word' id='word_1_199' title='bbox 323 3007 376 3064; x_wconf 91' lang='lat' dir='ltr'>tur</span> <span class='ocrx_word' id='word_1_200' title='bbox 407 3002 439 3064; x_wconf 94' lang='lat' dir='ltr'>in</span> <span class='ocrx_word' id='word_1_201' title='bbox 472 3000 600 3065; x_wconf 87' lang='lat' dir='ltr'>obuiam</span> <span class='ocrx_word' id='word_1_202' title='bbox 629 3000 755 3067; x_wconf 85' lang='lat' dir='ltr'>Christo</span> <span class='ocrx_word' id='word_1_203' title='bbox 782 3003 815 3064; x_wconf 94' lang='lat' dir='ltr'>in</span> <span class='ocrx_word' id='word_1_204' title='bbox 844 3020 925 3075; x_wconf 87' lang='lat' dir='ltr'>aera,</span> <span class='ocrx_word' id='word_1_205' title='bbox 959 3001 1015 3067; x_wconf 87' lang='lat' dir='ltr'>sed</span> <span class='ocrx_word' id='word_1_206' title='bbox 1044 3001 1168 3066; x_wconf 85' lang='lat' dir='ltr'>caelum</span> <span class='ocrx_word' id='word_1_207' title='bbox 1196 3001 1318 3066; x_wconf 88' lang='lat' dir='ltr'>dictum</span> <span class='ocrx_word' id='word_1_208' title='bbox 1344 3001 1455 3083; x_wconf 84' lang='lat' dir='ltr'>prepter</span> 
     </span>
     <span class='ocr_line' id='line_1_25' title="bbox 321 3107 1452 3191; baseline -0.006 -20"><span class='ocrx_word' id='word_1_209' title='bbox 321 3108 454 3186; x_wconf 87' lang='lat' dir='ltr'>animas,</span> <span class='ocrx_word' id='word_1_210' title='bbox 477 3111 593 3172; x_wconf 88' lang='lat' dir='ltr'>terram</span> <span class='ocrx_word' id='word_1_211' title='bbox 616 3112 744 3190; x_wconf 87' lang='lat' dir='ltr'>propter</span> <span class='ocrx_word' id='word_1_212' title='bbox 762 3127 902 3190; x_wconf 85' lang='lat' dir='ltr'>corpora.</span> <span class='ocrx_word' id='word_1_213' title='bbox 928 3107 1150 3172; x_wconf 88' lang='lat' dir='ltr'>Discernere</span> <span class='ocrx_word' id='word_1_214' title='bbox 1172 3126 1266 3189; x_wconf 86' lang='lat' dir='ltr'>porro</span> <span class='ocrx_word' id='word_1_215' title='bbox 1290 3107 1452 3191; x_wconf 88' lang='lat' dir='ltr'>populum</span> 
     </span>
     <span class='ocr_line' id='line_1_26' title="bbox 322 3211 1486 3297; baseline -0.006 -19"><span class='ocrx_word' id='word_1_216' title='bbox 322 3233 441 3293; x_wconf 85' lang='lat' dir='ltr'>suum,</span> <span class='ocrx_word' id='word_1_217' title='bbox 474 3214 550 3296; x_wconf 89' lang='lat' dir='ltr'>qnid</span> <span class='ocrx_word' id='word_1_218' title='bbox 583 3222 633 3278; x_wconf 87' lang='lat' dir='ltr'>cst</span> <span class='ocrx_word' id='word_1_219' title='bbox 664 3215 724 3279; x_wconf 88' lang='lat' dir='ltr'>nisi</span> <span class='ocrx_word' id='word_1_220' title='bbox 753 3234 809 3296; x_wconf 93' lang='lat' dir='ltr'>per</span> <span class='ocrx_word' id='word_1_221' title='bbox 835 3215 990 3280; x_wconf 87' lang='lat' dir='ltr'>indicium</span> <span class='ocrx_word' id='word_1_222' title='bbox 1018 3233 1162 3297; x_wconf 86' lang='lat' dir='ltr'>separare</span> <span class='ocrx_word' id='word_1_223' title='bbox 1191 3215 1291 3280; x_wconf 86' lang='lat' dir='ltr'>bonos</span> <span class='ocrx_word' id='word_1_224' title='bbox 1319 3234 1337 3278; x_wconf 90' lang='lat' dir='ltr'>a</span> <span class='ocrx_word' id='word_1_225' title='bbox 1362 3211 1486 3276; x_wconf 68' lang='lat' dir='ltr'>malian</span> 
     </span>
     <span class='ocr_line' id='line_1_27' title="bbox 320 3317 1452 3402; baseline -0.004 -18"><span class='ocrx_word' id='word_1_226' title='bbox 320 3325 484 3402; x_wconf 88' lang='lat' dir='ltr'>tamqnam</span> <span class='ocrx_word' id='word_1_227' title='bbox 521 3339 598 3385; x_wconf 89' lang='lat' dir='ltr'>oues</span> <span class='ocrx_word' id='word_1_228' title='bbox 635 3321 673 3385; x_wconf 88' lang='lat' dir='ltr'>ab</span> <span class='ocrx_word' id='word_1_229' title='bbox 710 3322 842 3386; x_wconf 80' lang='lat' dir='ltr'>haedis?</span> <span class='ocrx_word' id='word_1_230' title='bbox 880 3322 1001 3386; x_wconf 90' lang='lat' dir='ltr'>Deinde</span> <span class='ocrx_word' id='word_1_231' title='bbox 1041 3322 1204 3387; x_wconf 89' lang='lat' dir='ltr'>conuersic</span> <span class='ocrx_word' id='word_1_232' title='bbox 1242 3321 1391 3388; x_wconf 87' lang='lat' dir='ltr'>sermonis</span> <span class='ocrx_word' id='word_1_233' title='bbox 1419 3317 1452 3380; x_wconf 88' lang='lat' dir='ltr'>ad</span> 
     </span>
     <span class='ocr_line' id='line_1_28' title="bbox 321 3426 1451 3514; baseline -0.006 -22"><span class='ocrx_word' id='word_1_234' title='bbox 321 3427 450 3510; x_wconf 85' lang='lat' dir='ltr'>angelos</span> <span class='ocrx_word' id='word_1_235' title='bbox 479 3428 564 3492; x_wconf 86' lang='lat' dir='ltr'>lacta</span> <span class='ocrx_word' id='word_1_236' title='bbox 591 3433 655 3493; x_wconf 87' lang='lat' dir='ltr'>est:</span> <span class='ocrx_word' id='word_1_237' title='bbox 689 3427 922 3514; x_wconf 73' lang='lat' dir='ltr'>congregate</span> <span class='ocrx_word' id='word_1_238' title='bbox 956 3428 1017 3492; x_wconf 94' lang='lat' dir='ltr'>illi</span> <span class='ocrx_word' id='word_1_239' title='bbox 1044 3429 1169 3494; x_wconf 89' lang='lat' dir='ltr'>iustos</span> <span class='ocrx_word' id='word_1_240' title='bbox 1199 3429 1296 3500; x_wconf 73' lang='lat' dir='ltr'>eins:</span> <span class='ocrx_word' id='word_1_241' title='bbox 1328 3426 1451 3510; x_wconf 83' lang='lat' dir='ltr'>profecte</span> 
     </span>
    </p>
   </div>
   <div class='ocr_carea' id='block_1_3' title="bbox 412 3688 685 3751">
    <p class='ocr_par' dir='ltr' id='par_1_3' title="bbox 412 3688 685 3751">
     <span class='ocr_line' id='line_1_29' title="bbox 412 3688 685 3751; baseline -0.007 -9"><span class='ocrx_word' id='word_1_242' title='bbox 412 3691 428 3742; x_wconf 84' lang='lat'>5</span> <span class='ocrx_word' id='word_1_243' title='bbox 449 3689 473 3743; x_wconf 87' lang='lat'>1.</span> <span class='ocrx_word' id='word_1_244' title='bbox 493 3688 586 3742; x_wconf 84' lang='lat' dir='ltr'>Thess.</span> <span class='ocrx_word' id='word_1_245' title='bbox 606 3689 632 3751; x_wconf 83' lang='lat'>4,</span> <span class='ocrx_word' id='word_1_246' title='bbox 654 3689 685 3743; x_wconf 81' lang='grc'>17</span> 
     </span>
    </p>
   </div>
   <div class='ocr_carea' id='block_1_4' title="bbox 318 3821 1552 4429">
    <p class='ocr_par' dir='ltr' id='par_1_4' title="bbox 359 3821 1447 3900">
     <span class='ocr_line' id='line_1_30' title="bbox 359 3821 1447 3900; baseline -0.009 -16"><span class='ocrx_word' id='word_1_247' title='bbox 359 3831 421 3884; x_wconf 92' lang='lat' dir='ltr'>liu</span> <span class='ocrx_word' id='word_1_248' title='bbox 441 3830 515 3884; x_wconf 83' lang='lat' dir='ltr'>esaia</span> <span class='ocrx_word' id='word_1_249' title='bbox 532 3829 700 3900; x_wconf 79' lang='lat' dir='ltr'>prophetat</span> <span class='ocrx_word' id='word_1_250' title='bbox 771 3831 829 3884; x_wconf 85' lang='lat' dir='ltr'>tale</span> <span class='ocrx_word' id='word_1_251' title='bbox 849 3848 934 3900; x_wconf 80' lang='lat' dir='ltr'>emp</span> <span class='ocrx_word' id='word_1_252' title='bbox 985 3831 1087 3885; x_wconf 80' lang='lat' dir='ltr'>2lraec</span> <span class='ocrx_word' id='word_1_253' title='bbox 1106 3847 1157 3888; x_wconf 84' lang='lat' dir='ltr'>em.</span> <span class='ocrx_word' id='word_1_254' title='bbox 1175 3831 1203 3898; x_wconf 71' lang='lat'>9¹</span> <span class='ocrx_word' id='word_1_255' title='bbox 1255 3821 1447 3885; x_wconf 80' lang='lat' dir='ltr'>3aduocauitd</span> 
     </span>
    </p>

    <p class='ocr_par' dir='ltr' id='par_1_5' title="bbox 320 3917 1447 4078">
     <span class='ocr_line' id='line_1_31' title="bbox 320 3917 1445 3980; baseline -0.012 -6"><span class='ocrx_word' id='word_1_256' title='bbox 320 3920 338 3974; x_wconf 86' lang='grc'><strong>6</strong></span> <span class='ocrx_word' id='word_1_257' title='bbox 357 3919 474 3979; x_wconf 84' lang='lat' dir='ltr'>obuiam,</span> <span class='ocrx_word' id='word_1_258' title='bbox 493 3919 647 3980; x_wconf 71' lang='lat' dir='ltr'>curiatam,</span> <span class='ocrx_word' id='word_1_259' title='bbox 667 3935 680 3972; x_wconf 84' lang='lat' dir='ltr'>e</span> <span class='ocrx_word' id='word_1_260' title='bbox 748 3921 764 3972; x_wconf 83' lang='lat'><strong>7</strong></span> <span class='ocrx_word' id='word_1_261' title='bbox 783 3936 890 3973; x_wconf 85' lang='lat' dir='ltr'>sursum</span> <span class='ocrx_word' id='word_1_262' title='bbox 909 3919 1058 3972; x_wconf 86' lang='lat' dir='ltr'>aduncatur</span> <span class='ocrx_word' id='word_1_263' title='bbox 1076 3921 1217 3973; x_wconf 83' lang='lat' dir='ltr'>caelnmn</span> <span class='ocrx_word' id='word_1_264' title='bbox 1290 3917 1445 3978; x_wconf 82' lang='lat' dir='ltr'>desursnnip</span> 
     </span>
     <span class='ocr_line' id='line_1_32' title="bbox 321 3998 1447 4078; baseline 0 -18"><span class='ocrx_word' id='word_1_265' title='bbox 321 4008 485 4078; x_wconf 72' lang='lat' dir='ltr'>8p0aset9</span> <span class='ocrx_word' id='word_1_266' title='bbox 549 4009 582 4061; x_wconf 92' lang='lat'>10</span> <span class='ocrx_word' id='word_1_267' title='bbox 601 4007 782 4062; x_wconf 84' lang='lat' dir='ltr'>aduocauitb</span> <span class='ocrx_word' id='word_1_268' title='bbox 855 4009 923 4062; x_wconf 84' lang='lat' dir='ltr'>neb</span> <span class='ocrx_word' id='word_1_269' title='bbox 980 4009 1011 4062; x_wconf 92' lang='lat' dir='ltr'>ll</span> <span class='ocrx_word' id='word_1_270' title='bbox 1032 4009 1147 4078; x_wconf 74' lang='lat' dir='ltr'>aberep</span> <span class='ocrx_word' id='word_1_271' title='bbox 1210 4009 1242 4062; x_wconf 86' lang='grc'>12</span> <span class='ocrx_word' id='word_1_272' title='bbox 1262 3998 1447 4078; x_wconf 69' lang='lat' dir='ltr'>quinqueni</span> 
     </span>
    </p>

    <p class='ocr_par' dir='ltr' id='par_1_6' title="bbox 318 4089 1552 4253">
     <span class='ocr_line' id='line_1_33' title="bbox 319 4089 1552 4166; baseline 0 -18"><span class='ocrx_word' id='word_1_273' title='bbox 319 4096 348 4148; x_wconf 90' lang='lat' dir='ltr'>in</span> <span class='ocrx_word' id='word_1_274' title='bbox 368 4097 406 4150; x_wconf 87' lang='lat' dir='ltr'>eis</span> <span class='ocrx_word' id='word_1_275' title='bbox 425 4113 476 4150; x_wconf 86' lang='lat' dir='ltr'>cm.</span> <span class='ocrx_word' id='word_1_276' title='bbox 490 4095 525 4164; x_wconf 74' lang='lat'>12¹</span> <span class='ocrx_word' id='word_1_277' title='bbox 599 4096 631 4149; x_wconf 81' lang='grc'>13</span> <span class='ocrx_word' id='word_1_278' title='bbox 651 4099 716 4149; x_wconf 86' lang='lat' dir='ltr'>sunt</span> <span class='ocrx_word' id='word_1_279' title='bbox 734 4095 914 4150; x_wconf 83' lang='lat' dir='ltr'>indicaturiu</span> <span class='ocrx_word' id='word_1_280' title='bbox 979 4099 1010 4150; x_wconf 79' lang='lat'>15</span> <span class='ocrx_word' id='word_1_281' title='bbox 1031 4095 1109 4150; x_wconf 85' lang='lat' dir='ltr'>sedes</span> <span class='ocrx_word' id='word_1_282' title='bbox 1129 4097 1250 4166; x_wconf 83' lang='lat' dir='ltr'>erigatc</span> <span class='ocrx_word' id='word_1_283' title='bbox 1320 4089 1445 4148; x_wconf 78' lang='lat' dir='ltr'>aduocauit</span> <span class='ocrx_word' id='word_1_284' title='bbox 1551 4145 1552 4148; x_wconf 76' lang='grc'>,</span> 
     </span>
     <span class='ocr_line' id='line_1_34' title="bbox 318 4173 1443 4253; baseline -0.011 -16"><span class='ocrx_word' id='word_1_285' title='bbox 318 4185 400 4253; x_wconf 82' lang='lat' dir='ltr'>bep;</span> <span class='ocrx_word' id='word_1_286' title='bbox 418 4191 444 4237; x_wconf 82' lang='lat' dir='ltr'>et</span> <span class='ocrx_word' id='word_1_287' title='bbox 460 4185 594 4252; x_wconf 73' lang='lat' dir='ltr'>clepit</span> <span class='ocrx_word' id='word_1_288' title='bbox 611 4187 648 4236; x_wconf 83' lang='lat'>18</span> <span class='ocrx_word' id='word_1_289' title='bbox 666 4187 708 4238; x_wconf 81' lang='lat'>20</span> <span class='ocrx_word' id='word_1_290' title='bbox 725 4189 761 4238; x_wconf 82' lang='lat'>21</span> <span class='ocrx_word' id='word_1_291' title='bbox 851 4187 883 4238; x_wconf 81' lang='lat'>21</span> <span class='ocrx_word' id='word_1_292' title='bbox 905 4185 1113 4238; x_wconf 69' lang='lat' dir='ltr'>cardamomo</span> <span class='ocrx_word' id='word_1_293' title='bbox 1202 4173 1443 4238; x_wconf 79' lang='lat' dir='ltr'>terramuocabitt</span> 
     </span>
    </p>

    <p class='ocr_par' dir='ltr' id='par_1_7' title="bbox 319 4263 1443 4429">
     <span class='ocr_line' id='line_1_35' title="bbox 319 4263 1443 4344; baseline -0.005 -18"><span class='ocrx_word' id='word_1_294' title='bbox 319 4274 355 4326; x_wconf 91' lang='grc'>22</span> <span class='ocrx_word' id='word_1_295' title='bbox 374 4289 466 4327; x_wconf 86' lang='lat' dir='ltr'>ornnes</span> <span class='ocrx_word' id='word_1_296' title='bbox 484 4291 560 4336; x_wconf 44' lang='lat' dir='ltr'>msam</span> <span class='ocrx_word' id='word_1_297' title='bbox 580 4274 737 4327; x_wconf 78' lang='lat' dir='ltr'>hominene</span> <span class='ocrx_word' id='word_1_298' title='bbox 791 4274 968 4343; x_wconf 78' lang='lat' dir='ltr'>rapiuntnrg</span> <span class='ocrx_word' id='word_1_299' title='bbox 1009 4275 1043 4327; x_wconf 81' lang='grc'>24</span> <span class='ocrx_word' id='word_1_300' title='bbox 1062 4275 1154 4343; x_wconf 87' lang='lat' dir='ltr'>perro]</span> <span class='ocrx_word' id='word_1_301' title='bbox 1174 4272 1316 4344; x_wconf 70' lang='lat' dir='ltr'>propterte</span> <span class='ocrx_word' id='word_1_302' title='bbox 1353 4272 1383 4324; x_wconf 81' lang='lat'>‘25</span> <span class='ocrx_word' id='word_1_303' title='bbox 1399 4263 1443 4320; x_wconf 76' lang='lat' dir='ltr'>uisi</span> 
     </span>
     <span class='ocr_line' id='line_1_36' title="bbox 319 4359 1046 4429; baseline 0.001 -16"><span class='ocrx_word' id='word_1_304' title='bbox 319 4359 385 4428; x_wconf 86' lang='lat' dir='ltr'>quid</span> <span class='ocrx_word' id='word_1_305' title='bbox 405 4360 481 4414; x_wconf 86' lang='lat' dir='ltr'>estb</span> <span class='ocrx_word' id='word_1_306' title='bbox 536 4363 570 4415; x_wconf 83' lang='lat'>26</span> <span class='ocrx_word' id='word_1_307' title='bbox 590 4370 679 4414; x_wconf 82' lang='lat' dir='ltr'>tame</span> <span class='ocrx_word' id='word_1_308' title='bbox 751 4360 846 4428; x_wconf 83' lang='lat' dir='ltr'>edisp</span> <span class='ocrx_word' id='word_1_309' title='bbox 901 4363 934 4414; x_wconf 83' lang='grc'>27</span> <span class='ocrx_word' id='word_1_310' title='bbox 955 4361 1046 4429; x_wconf 80' lang='lat' dir='ltr'>illicp</span> 
     </span>
    </p>
   </div>
   <div class='ocr_carea' id='block_1_5' title="bbox 0 0 1600 4959">
    <p class='ocr_par' dir='ltr' id='par_1_8' title="bbox 0 0 1600 4959">
     <span class='ocr_line' id='line_1_37' title="bbox 0 0 1600 4959; baseline 0 4"><span class='ocrx_word' id='word_1_311' title='bbox 0 0 1600 4959; x_wconf 95' lang='lat' dir='ltr'> </span> 
     </span>
    </p>
   </div>
  </div>
 </body>
</html>
