3192 4959
349 468 400 522 De
428 468 602 523 ciuitate
629 466 691 522 dei
718 466 783 525 lib.
812 468 884 525 xvl.
914 484 991 539 cap.
1021 470 1063 523 28.
1092 468 1135 523 29.
1251 472 1315 536 179

164 666 211 730 sie
238 664 384 747 suscepit
410 662 502 741 Loth,
531 666 569 728 ut
596 664 692 729 etiam
718 664 789 747 ipso
816 663 849 728 in
873 664 1040 748 conloquio
1065 682 1138 729 cum
1163 664 1230 729 illis
1255 684 1313 729 suo

165 772 372 856 singulariter
388 771 562 836 Dominum
577 771 725 854 appellet.
740 769 823 835 Nam
838 789 911 836 curn
927 771 972 837 eis
988 770 1154 854 pluraliter
1169 772 1315 837 dixisset:

164 878 272 956 Ecce,
311 877 463 957 domini,
501 876 694 941 declinate
727 876 763 939 in
798 876 945 941 domum
978 877 1087 959 pueri
1120 878 1250 957 uestri,
1284 880 1317 943 et

165 987 271 1049 cetera
294 1004 375 1067 quae
398 983 445 1047 ibi
467 983 625 1061 dicuntur,
643 986 756 1066 postea
774 986 880 1047 tamen
899 984 945 1047 ita
963 984 1097 1067 legitur:
1121 984 1167 1049 111
1190 988 1316 1049 tenue·

129 1095 252 1155 arunt
291 1090 418 1174 angeli
454 1108 601 1155 manum
635 1089 718 1154 eius
755 1094 793 1155 et
823 1108 969 1155 manum
1003 1090 1131 1155 uxoris
1164 1090 1246 1157 eius
1280 1094 1317 1155 at

163 1217 296 1263 manus
335 1198 491 1262 duarum
528 1197 699 1261 filiarum
736 1196 829 1276 eius,
867 1196 904 1270 in
937 1215 978 1261 oo
1013 1196 1110 1277 quod
1141 1201 1315 1281 parceret

164 1306 350 1370 Dominus
373 1304 460 1387 ipsi.
484 1304 693 1368 arfactum
719 1305 787 1380 est,
811 1321 894 1368 mox
916 1306 959 1367 ut
978 1303 1188 1368 eduxerunt
1205 1305 1313 1369 illum

164 1412 277 1490 foras,
303 1414 340 1476 et
363 1411 551 1476 dixerunt:
572 1408 723 1474 Saluam
742 1408 801 1473 fac
821 1409 979 1473 animam
998 1412 1111 1488 tuam,
1132 1428 1174 1475 ue
1193 1430 1314 1494 respe-

163 1519 265 1600 xeris
296 1520 409 1595 retro,
447 1535 513 1581 uec
545 1516 703 1581 steteris
735 1515 772 1579 iu
805 1519 888 1580 tota
921 1515 1158 1601 regionepin
1191 1521 1314 1583 monto

120 1645 143 1683 ro
163 1626 314 1690 saluum
338 1628 374 1689 te
393 1625 464 1701 fac,
483 1642 527 1688 ue
546 1623 692 1705 quaudo
713 1622 1045 1704 conprehenderis.
1066 1623 1171 1689 Dixit
1189 1627 1314 1689 autom

161 1732 259 1797 Loth
294 1732 338 1797 ad
370 1731 476 1796 illos:
511 1730 593 1809 Oro,
622 1730 790 1805 Domine,
820 1730 910 1811 quia
940 1729 1087 1795 inuenit
1110 1749 1202 1813 puer
1223 1734 1313 1795 tuus

162 1837 468 1902 misericordiam
499 1840 584 1900 ante
615 1839 663 1911 to,
698 1838 843 1917 et'quae
874 1840 1062 1917 sequuntur.
1092 1836 1212 1901 Deinde
1241 1838 1315 1921 post

161 1944 245 2009 haec
275 1944 376 2008 uerba
407 1943 610 2028 singulariter
640 1942 688 2006 illi
720 1940 891 2025 respondet
919 1946 951 2006 et
981 1942 1148 2017 Dominus,
1179 1962 1250 2007 curu
1282 1944 1314 2007 in

163 2050 293 2115 duobus
325 2050 446 2134 augelis
480 2052 574 2127 osset,
605 2048 727 2113 dicens:
755 2050 850 2113 Doce
879 2047 1039 2113 miratus
1070 2067 1150 2112 sum
1177 2048 1313 2113 faciem

122 2178 145 2219 rs
163 2159 279 2235 tuam,
299 2158 331 2221 et
349 2159 464 2221 cetera.
485 2155 573 2221 Unde
593 2156 695 2220 multo
716 2158 765 2220 est
785 2154 980 2234 credibilius,
1000 2156 1085 2238 quod
1105 2159 1137 2219 et
1155 2156 1314 2221 Abraham

162 2265 196 2328 in
221 2263 325 2327 tribus
349 2267 381 2326 et
402 2262 484 2327 Loth
507 2262 540 2326 in
563 2260 689 2327 duobus
712 2262 791 2327 uiris
815 2262 988 2327 Dominum
1014 2263 1237 2346 agnoscebant,
1262 2261 1313 2325 cui

163 2390 221 2453 per
247 2370 441 2453 singularem
459 2388 627 2433 numerum
645 2368 868 2451 loquebantur,
888 2368 984 2432 etiam
1004 2386 1076 2432 curu
1097 2387 1150 2433 eos
1169 2369 1313 2464 homines

164 2495 236 2540 esse
272 2476 510 2551 arbitrarentur3
547 2494 649 2557 neque
686 2475 770 2539 euim
808 2475 902 2539 aliam
940 2474 979 2539 ob
1018 2493 1147 2538 causam
1180 2474 1226 2539 sio
1259 2494 1313 2539 eos

164 2586 384 2665 susceperunt,
416 2586 454 2647 ut
491 2586 654 2663 tamquam
687 2581 877 2647 mortalibus
911 2584 943 2644 et
975 2580 1111 2646 humana
1144 2581 1313 2646 refectione

118 2709 145 2749 ao
163 2689 381 2773 indigentibus
409 2689 641 2765 ministrareut;
670 2689 727 2753 sed
754 2690 822 2752 erat
851 2688 992 2771 profecto
1023 2687 1153 2769 aliquid,
1183 2705 1244 2771 quo
1268 2688 1313 2752 ita

165 2796 370 2873 excellebant,
394 2796 470 2860 licet
492 2799 656 2879 tamquam
679 2796 835 2869 hominen,
860 2795 950 2859 utin
975 2795 1021 2859 eis
1041 2814 1110 2859 esse
1130 2794 1312 2875 Dominum,

164 2904 250 2968 sicut
281 2922 352 2967 esse
385 2902 509 2967 adsolet
540 2903 572 2967 iu
600 2902 776 2985 prophetis,
809 2902 853 2979 hi,
882 2902 936 2983 qui
965 2902 1216 2983 hospitalitatem
1246 2902 1311 2965 illis

165 3010 363 3082 exhibebant,
397 3009 542 3073 dubitare
572 3028 634 3074 uon
664 3011 810 3091 posseut;
845 3007 949 3089 adque
980 3008 1051 3071 ideo
1081 3012 1112 3070 et
1138 3008 1225 3091 ipsos
1255 3008 1311 3071 ali-

164 3116 288 3197 quando
322 3116 489 3199 pluraliter
522 3118 554 3181 et
580 3117 613 3181 in
642 3116 687 3180 eia
715 3116 888 3179 Dominum
918 3114 1086 3197 aliquando
1111 3114 1313 3197 singulariter

117 3240 144 3280 aa
164 3221 375 3304 appellabant.
417 3221 557 3303 Angelos
594 3224 701 3285 autem
738 3220 839 3284 fuisse
878 3220 1033 3303 scriptura
1069 3223 1213 3298 testatur,
1250 3240 1309 3285 uon

164 3328 270 3391 solum
293 3328 325 3391 in
348 3329 409 3391 hoc
432 3328 558 3410 genesis
580 3327 673 3405 libro,
704 3327 759 3391 ubi
783 3327 861 3391 haec
886 3330 977 3410 gesta
1000 3330 1173 3403 narrantur,
1199 3346 1310 3391 uerum

164 3434 261 3497 etiam
289 3434 321 3498 in
350 3434 488 3517 epistula
516 3432 556 3497 ad
583 3433 756 3511 Hebraeos,
785 3432 852 3510 ubi,
883 3452 956 3496 cum
979 3432 1180 3515 hospitalitas
1204 3433 1308 3497 lauda-

162 3542 263 3603 retur:
277 3540 348 3603 Per
361 3540 464 3617 hano,
479 3539 593 3621 inquit,
609 3540 723 3604 etiam
740 3538 890 3621 quidam
906 3539 1122 3605 nescientes
1139 3540 1308 3621 bospitio

162 3648 389 3729 receperunt
412 3647 578 3730 angelos.
603 3647 664 3710 Per
686 3646 759 3710 illos
784 3646 883 3729 igitur
906 3648 970 3709 tres
990 3646 1087 3720 uiros,
1108 3664 1180 3709 cum
1199 3664 1308 3710 rursus

255 3872 271 3924 3
289 3870 354 3926 Gen.
376 3872 416 3936 19,
436 3873 452 3925 2
471 3888 530 3941 sqq.
585 3872 619 3926 28
639 3870 721 3926 Hebr.
743 3874 783 3936 13,
804 3874 820 3925 2

205 3993 360 4064 2appollet
388 3994 604 4067 Vaooppaf
623 3996 739 4050 Domi.-
728 3997 913 4067 ,appellaret
928 4014 971 4067 po
1080 3996 1249 4051 3iuclinate
1273 3995 1308 4048 V¹

162 4082 308 4137 dinanum
331 4083 443 4138 duarum
459 4102 504 4155 pp
613 4085 682 4138 9in
705 4090 797 4140 monte
825 4086 990 4159 Voagpc;
1013 4087 1041 4140 iu
1064 4084 1311 4189 montemubpaf

164 4198 203 4250 13
222 4197 300 4252 illeo
407 4200 553 4270 respondet
576 4200 626 4269 Vp
643 4200 759 4255 Domb:
749 4202 1029 4271 ,responditreltv
1137 4199 1307 4253 haeeddsb

162 4286 328 4340 laetante
346 4286 445 4340 Abrah.
465 4305 516 4343 om
542 4288 593 4341 Va
656 4290 691 4343 20
711 4290 816 4359 quode
880 4292 913 4343 22
934 4308 992 4345 esse
1012 4290 1118 4343 adsolet
1138 4288 1240 4359 ubeg¹
1246 4305 1308 4358 po,·

161 4386 228 4424 esse
242 4374 356 4428 solet²
326 4393 344 4446 p
359 4393 370 4443 ,·
388 4393 446 4429 esse
465 4393 516 4430 om.
541 4377 567 4430 V
583 4378 682 4433 Domo.

1223 4483 1270 4536 12*
