3192 4959
432 452 483 505 De
511 453 685 506 ciuitate
713 451 776 505 dei
805 451 869 505 lib.
892 452 978 506 XVII.
1007 468 1082 523 cap.
1106 455 1130 508 4.
1290 458 1354 521 217

200 646 357 730 ambiguo
379 645 499 711 Graeco
518 647 662 731 intellegi
687 650 720 712 et
743 647 1002 712 aduersarium
1027 668 1146 713 eunur.
1172 648 1250 712 Cum
1272 650 1357 713 enim

201 754 363 817 Dominus
400 753 562 836 possidere
600 774 657 818 nos
689 755 838 837 eoeperit,
875 756 1017 837 profeeto
1051 755 1268 829 aduersarius,
1302 756 1356 838 qni

199 863 312 923 noster
336 860 448 935 fueret,
476 860 579 942 ipsius
601 860 648 937 fit,
669 865 701 923 et
723 862 872 925 uincetur
900 861 1042 935 nuntie,
1067 861 1123 925 ned
1147 880 1208 925 uon
1232 861 1357 925 uiribus

200 967 336 1036 nostrin,
367 966 458 1047 quia
485 984 555 1030 non
583 966 619 1030 in
647 967 795 1030 uirtute
823 970 961 1049 potens
991 970 1049 1031 est
1078 968 1148 1031 nir.
1175 967 1355 1032 Dominus

159 1098 177 1135 e
215 1091 293 1156 ergo
331 1072 523 1137 infirmum
559 1073 677 1137 faciet
719 1072 976 1136 aduersarium
1020 1092 1141 1148 sunm,
1176 1073 1355 1138 Dominus

199 1182 378 1255 nanetun3
407 1183 445 1243 ut
472 1180 618 1244 uincetur
641 1198 659 1242 a
683 1179 812 1255 sanetis,
842 1198 922 1261 ornos
946 1180 1102 1244 Dominus
1132 1182 1261 1243 nanetus
1286 1198 1354 1244 sarr-

199 1289 328 1349 otorum
355 1285 456 1349 efficit
479 1290 618 1351 nanetus.

248 1394 295 1456 Ae
318 1411 376 1476 per
398 1393 458 1457 hoe
481 1412 553 1457 non
578 1394 771 1477 glorietur
800 1393 963 1476 prudens
987 1393 1022 1456 in
1048 1412 1115 1457 sue
1138 1392 1353 1475 prudentia,

199 1503 242 1562 et
268 1518 339 1563 non
368 1500 560 1584 glorietur
587 1500 781 1581 potensin
811 1519 881 1563 sue
906 1499 1089 1581 potentia,
1119 1502 1156 1563 et
1182 1518 1252 1563 nou
1278 1500 1352 1583 glo-

145 1606 325 1671 norietur
348 1606 455 1671 diues
479 1606 516 1671 in
540 1605 696 1670 diuitiis
721 1606 816 1681 soler
837 1606 955 1669 sedin
979 1605 1049 1671 hoo
1068 1606 1268 1689 glorietur,
1289 1607 1353 1687 qui

199 1712 407 1795 glorietur,
446 1711 673 1795 intellegere
710 1714 747 1775 et
783 1712 880 1776 sciro
918 1713 1115 1777 Dominum
1154 1717 1189 1777 et
1226 1713 1353 1777 faeere

198 1818 388 1881 iudicium
422 1823 457 1883 et
488 1818 681 1883 iustitium
712 1819 749 1882 in
779 1818 900 1883 medio
928 1822 1060 1883 terune.
1092 1818 1163 1883 Non
1191 1838 1289 1901 parua
1318 1838 1353 1883 en

197 1928 291 2007 parte
315 1925 476 2007 intellegit
500 1927 533 1987 et
561 1924 623 1989 neit
644 1926 827 2001 Dominum,
857 1925 911 2007 qui
934 1926 1094 2009 intellegit
1117 1930 1150 1989 et
1173 1926 1235 1990 scit
1258 1926 1351 1989 etiarn

197 2031 263 2095 hoe
295 2050 315 2094 a
347 2031 482 2095 Domino
516 2031 578 2095 eibi
611 2031 687 2109 dari,
722 2034 760 2095 ut
790 2032 957 2116 intellegat
989 2036 1021 2096 et
1054 2032 1135 2096 sciat
1167 2032 1349 2096 Dominum.

142 2165 178 2205 ιι
199 2135 302 2215 Quid
335 2138 431 2202 enim
464 2138 592 2210 habes,
626 2140 671 2203 ait
704 2141 882 2221 apostolus,
916 2138 1013 2221 quod
1046 2158 1114 2203 uon
1143 2138 1351 2221 accepisti?

197 2244 243 2309 Si
265 2249 394 2307 antem
420 2248 461 2308 et
485 2246 681 2326 accepisti,
707 2245 795 2328 quid
821 2245 1009 2329 glorieris,
1034 2244 1143 2327 quasi
1164 2264 1232 2309 non
1252 2264 1352 2309 anee-

195 2351 327 2432 peris?
355 2351 472 2428 idest,
502 2353 593 2433 quasi
617 2371 635 2414 a
658 2356 690 2416 te
713 2353 784 2434 ipso
809 2351 869 2416 tibi
893 2352 945 2428 sit,
976 2351 1059 2416 unde
1084 2350 1239 2435 gloriaris.
1263 2351 1353 2416 Facit

196 2460 311 2521 autem
345 2458 501 2522 iudicium
534 2463 566 2523 et
596 2458 765 2534 iustitiam,
795 2458 849 2539 qui
878 2461 964 2523 reete
992 2458 1085 2521 uiuit.
1117 2458 1213 2521 Recte
1243 2461 1349 2521 autern

194 2563 298 2628 uiuit.
328 2563 382 2646 qui
407 2564 606 2647 obtemperat
627 2566 833 2648 praecipienti
857 2564 939 2637 Deo;
969 2568 1000 2628 et
1030 2564 1119 2628 linis
1143 2566 1349 2646 praecepti.

135 2698 174 2738 20
195 2669 237 2734 id
267 2671 325 2745 est,
354 2669 394 2733 od
422 2669 506 2751 quod
534 2670 669 2734 refertur
691 2676 906 2753 praereptum,
932 2670 1067 2734 naritus
1092 2673 1151 2733 est
1173 2669 1216 2733 de
1242 2670 1350 2733 eorde

192 2794 295 2858 puro
323 2780 360 2838 et
388 2776 626 2841 conscientia
652 2776 747 2842 bona
775 2780 811 2840 et
839 2776 1011 2841 fiennon
1036 2777 1138 2841 fietu.
1168 2776 1264 2841 Porro
1289 2776 1350 2839 into

193 2881 355 2960 caritas,
394 2883 479 2947 nient
515 2884 671 2949 Iohannes
711 2884 876 2965 apostolus
914 2887 1062 2960 testatur,
1101 2902 1139 2947 ex
1173 2883 1247 2947 Deo
1282 2887 1348 2947 est.

192 2990 317 3052 Facere
348 2989 450 3073 igitur
482 2990 637 3054 iudioium
670 2994 703 3054 et
734 2990 893 3054 iustitiam
927 3010 962 3053 ex
994 2990 1062 3054 Deo
1091 2993 1149 3055 est.
1184 2988 1246 3054 Sed
1275 2988 1350 3071 quid

193 3098 265 3160 est:
289 3095 329 3159 In
352 3095 477 3160 medio
502 3100 646 3161 terrae?
676 3096 787 3179 Neque
813 3098 895 3161 enim
918 3116 979 3161 nou
1005 3095 1120 3160 debent
1143 3096 1245 3159 faeere
1269 3096 1350 3159 iudi-

128 3232 170 3273 2⁵
192 3202 288 3267 cium
316 3205 348 3267 et
374 3203 530 3267 iustitiam
559 3203 613 3285 qui
643 3203 787 3267 habitant
815 3202 846 3267 in
872 3203 1018 3267 extremis
1042 3206 1153 3267 terrae.
1185 3202 1263 3282 Quis
1288 3202 1348 3267 hoo

191 3309 335 3372 dixerit?
367 3309 457 3387 Quur
485 3328 560 3392 ergo
590 3310 732 3373 additum
764 3312 827 3374 eet:
864 3310 903 3373 In
933 3309 1054 3374 medio
1084 3312 1227 3373 terrae?
1257 3307 1349 3388 Quod

191 3417 226 3479 si
248 3434 308 3478 nou
328 3414 497 3479 adderetur
515 3420 549 3479 et-
566 3416 787 3480 tuntummodo
808 3416 978 3483 diceretur:
998 3416 1137 3481 Funere
1161 3414 1346 3481 iudicium

189 3526 236 3585 et
262 3520 464 3597 iustitiam,
498 3521 600 3604 magis
630 3521 689 3585 hoo
721 3524 926 3603 praeceptum
954 3523 990 3585 od
1020 3526 1174 3604 utrosque
1203 3520 1347 3585 homines

186 3627 379 3713 pertineret,
412 3630 445 3691 et
475 3626 721 3691 mediterraneos
745 3632 778 3691 et
800 3628 986 3692 maritimos.
1022 3627 1085 3692 Sed
1111 3647 1150 3692 ne
1179 3627 1347 3709 quisquam

128 3770 164 3810 ω
186 3738 327 3819 putaret
344 3736 420 3816 post
437 3733 529 3797 finem
549 3733 645 3812 uitae,
666 3734 796 3815 quaein
818 3735 877 3799 hoo
896 3734 1003 3818 egitur
1021 3754 1159 3817 corpore,
1180 3752 1345 3817 superesse

289 3978 322 4031 15
343 3979 366 4030 l.
388 3976 447 4031 Cor.
466 3978 493 4043 4,
513 3978 528 4030 7
585 3978 618 4032 19
640 3980 663 4032 1.
682 3978 751 4031 'l'irn
773 3978 797 4041 1,
817 3978 833 4030 5
889 3978 923 4031 22
945 3978 1026 4032 1.10.
1047 3980 1071 4041 4,
1092 3980 1107 4029 7

234 4104 367 4156 letom.
389 4099 420 4153 n¹
487 4102 555 4155 3fit
574 4103 602 4154 et
620 4101 900 4171 uincetnrp915fiet
919 4104 947 4153 et
966 4098 1166 4165 uinceturob;
1186 4098 1218 4152 fit
1238 4103 1265 4152 et
1284 4097 1343 4152 uin·

185 4193 268 4247 citur
286 4206 349 4259 eqo
368 4188 469 4245 Donnb.
568 4192 658 4243 4non
678 4206 729 4246 om.
746 4190 776 4259 9¹
886 4190 986 4242 uirtute
1006 4204 1087 4241 sune
1190 4187 1345 4241 leffecito

184 4278 351 4349 8prudeno
370 4295 454 4332 euno
513 4278 654 4346 9potent.
674 4294 755 4331 suan
823 4279 855 4332 13
876 4281 903 4331 et
922 4278 991 4330 scint
1011 4278 1126 4330 etiamr
1181 4278 1213 4329 19
1235 4276 1299 4328 lines
1319 4275 1343 4329 e¹

185 4370 230 4425 23
248 4368 384 4421 iustitiam
405 4372 433 4420 et
451 4366 581 4420 iudicium
600 4384 614 4420 e
