3192 4959
375 447 427 502 De
455 449 630 504 ciuitate
658 449 719 503 dei
747 449 812 504 lib.
839 447 898 506 XV.
927 466 1002 522 cap.
1032 451 1074 505 12.
1254 454 1294 518 81

145 643 304 727 scriptura
332 645 460 708 centum
487 643 667 727 nonaginta.
704 644 747 708 ot
774 644 922 728 deinceps
949 664 1006 727 per
1033 665 1142 710 omnes
1171 666 1297 730 genera·

145 749 260 828 tiones,
289 749 322 814 in
351 750 468 833 quibus
500 751 665 816 bominum
699 751 769 818 anni
803 757 1090 817 commemorantur
1117 757 1189 818 ante
1217 753 1298 819 dilu-

145 856 248 930 uium,
278 856 387 921 nullus
421 857 484 922 lere
516 857 548 920 in
582 857 699 922 nostris
733 857 899 924 codicibus
929 858 1100 940 inuenitur,
1131 859 1195 941 qui,
1224 879 1297 925 cum

146 965 234 1026 esset
258 965 387 1027 centum
412 981 564 1028 annorum
588 965 641 1028 uel
663 964 745 1028 iufra
768 964 823 1028 uel
845 965 941 1029 etiam
961 969 1089 1030 centnm
1108 967 1225 1051 uiginti
1244 971 1300 1032 aut

115 1053 207 1133 s'non
236 1067 340 1134 multo
370 1071 518 1152 amplius,
547 1071 692 1156 genuerit
718 1071 838 1146 filium;
872 1071 928 1136 sed
955 1072 1010 1154 qui
1037 1073 1169 1138 minima
1196 1078 1298 1138 aetate

145 1178 337 1260 genuerunt,
366 1179 494 1241 centurn
527 1179 699 1261 sexaginta,
729 1180 762 1242 et
793 1178 878 1262 quod
911 1179 1056 1255 excurrit,
1089 1179 1190 1244 luisse
1220 1181 1299 1245 rese-

144 1287 274 1358 runtnr3
310 1283 385 1364 quia
416 1301 520 1360 nemo,
547 1284 706 1367 inquiunt,
740 1283 849 1349 decern
881 1304 1032 1350 annornm
1065 1286 1159 1351 homo
1191 1291 1300 1370 potest

146 1390 279 1473 gignere
302 1387 395 1465 filios,
417 1389 471 1472 qui
494 1407 645 1454 uumerus
671 1393 797 1455 centum
823 1392 1065 1474 appellabantur
1082 1393 1154 1456 anni
1174 1393 1212 1458 ab
1232 1395 1298 1458 illis

145 1496 348 1572 hominibus3
373 1496 428 1560 sed
452 1497 483 1560 in
509 1497 597 1561 aunis
622 1497 759 1562 sedecim
785 1502 835 1562 est
857 1502 980 1562 matura
998 1498 1149 1581 pubertas
1169 1503 1201 1563 et
1218 1501 1299 1584 proli

105 1603 212 1666 roiam
241 1602 355 1667 idonea
383 1603 601 1684 procreandae,
627 1623 706 1686 quos
731 1607 857 1668 centum
882 1607 914 1669 et
937 1606 1100 1689 sexaginta
1124 1623 1220 1670 anuos
1243 1605 1301 1672 illa

144 1716 293 1791 tempora
324 1710 560 1791 nuncupabant.
598 1709 642 1774 Ut
674 1714 780 1775 autem
815 1711 907 1776 aliter
938 1731 1053 1776 anuum
1085 1716 1162 1776 tnnc
1198 1713 1299 1777 fuisse

145 1819 360 1896 conputatum
383 1835 445 1880 nou
470 1817 514 1881 sit
536 1816 729 1891 incredibile,
754 1817 897 1883 adiciunt
920 1819 1005 1901 quod
1028 1823 1106 1900 aput
1131 1819 1299 1902 plerosque

145 1923 321 2005 scriptores
345 1922 496 1988 historiae
520 1924 685 2006 reperitur,
705 1925 883 2009 Aegyptios
903 1925 1054 1990 habuisse
1075 1945 1189 1989 annum
1211 1928 1300 2007 quat

143 2035 223 2092 tuor
245 2047 403 2110 mensum,
422 2031 602 2094 Acarnanas
626 2049 679 2095 sex
701 2051 857 2108 mensum,
877 2031 1026 2097 Lauinius
1044 2032 1195 2096 tredecim
1214 2051 1300 2096 men-

104 2151 128 2191 15
145 2155 231 2200 sum.
270 2135 394 2201 Plinius
423 2135 588 2202 Secundus
616 2157 689 2203 oum
718 2143 1000 2204 commemorasset
1030 2139 1166 2204 relatum
1199 2140 1300 2204 luisse

143 2245 177 2306 in
198 2243 325 2308 litteras
346 2243 500 2326 quendam
520 2243 638 2309 uixisse
651 2248 783 2310 ‘centum
805 2245 1035 2329 quinquaginta
1049 2245 1128 2310 duos
1142 2256 1299 2324 (annos),

145 2349 248 2413 alium
283 2347 392 2413 decem
425 2349 573 2432 amplius,
607 2349 686 2416 alios
720 2352 928 2416 ducentorum
960 2369 1112 2416 annorum
1148 2353 1300 2416 babuisse

144 2457 260 2534 uitam,
290 2456 370 2521 alios
402 2459 625 2535 trecentorum,
655 2457 809 2540 quosdam
842 2457 881 2522 ad
914 2459 1117 2542 quingentos,
1147 2459 1227 2522 alios
1260 2458 1299 2522 ad

144 2566 324 2638 sescentos,
356 2563 525 2628 nonnullos
559 2561 598 2626 ad
631 2563 830 2649 octingentos
863 2565 959 2628 etiam
994 2565 1189 2648 peruenisse,
1221 2564 1299 2630 baec

101 2685 128 2726 ω
146 2669 255 2734 omnia
277 2668 408 2733 inscitia
430 2672 611 2751 temporum
630 2669 784 2736 accidisse
805 2671 975 2736 arbitratus
996 2674 1054 2736 est.
1079 2671 1153 2736 ‘alii
1172 2673 1298 2755 quippe,

144 2775 264 2858 inquit,
280 2779 402 2839 aestate
414 2785 564 2847 <unum>
580 2776 833 2841 determinabant
847 2797 960 2842 annum
980 2781 1013 2842 et
1031 2777 1166 2842 alterum
1185 2778 1298 2856 bieme,

145 2883 201 2946 alii
230 2881 471 2964 quadripertitis
499 2883 709 2965 temporibus.
738 2883 824 2950 sicut
850 2885 998 2963 Arcades,
1027 2885 1142 2968 inquit
1165 2904 1299 2968 quorum

145 2991 218 3054 anni
243 2989 447 3054 trimenstres
469 2989 618 3054 fuerunt.³
653 2989 777 3054 Adiecit
802 2989 897 3054 etiam
921 2990 1090 3072 aliqnando
1113 2989 1299 3074 Aegyptios,

144 3115 285 3178 quorum
308 3115 426 3179 paruos
449 3115 548 3161 annos
573 3100 794 3178 quaternorum
819 3116 964 3161 mensum
989 3095 1091 3162 luisse
1111 3116 1205 3179 supra
1224 3096 1299 3160 diri-

101 3215 127 3254 5
147 3223 232 3280 mus,
255 3203 352 3266 lunae
374 3201 435 3267 line
457 3203 615 3267 limitasse
640 3223 766 3268 annum.
795 3205 916 3287 ‘ltaque
941 3208 1018 3286 aput
1042 3223 1106 3282 eos,
1129 3203 1244 3286 inquit,
1269 3206 1301 3266 et

146 3308 389 3394 singulamilia
412 3327 563 3374 annorum
589 3309 707 3375 uixisse
730 3311 927 3393 produntur.³

240 3591 272 3645 17
292 3589 328 3643 H.
348 3589 381 3648 N.
400 3589 461 3655 vn,
480 3590 526 3654 48,
547 3591 597 3646 155

180 3754 199 3806 6
225 3755 255 3804 11
279 3747 353 3819 quod
377 3749 493 3804 excurrit
514 3765 575 3818 sup.
601 3749 650 3802 lin.
680 3747 705 3801 V
812 3751 843 3804 ll
867 3767 906 3820 aq.
926 3753 958 3804 ut
980 3765 1081 3804 annum
1099 3753 1164 3803 tunc
1184 3748 1264 3843 aliter
1277 3767 1299 3819 p

147 3877 182 3930 14
201 3891 329 3930 mensum
349 3879 373 3928 et
391 3874 431 3968 sic
450 3871 577 3942 deinceps
601 3873 708 3943 Vpaf
725 3873 843 3942 Domb.;
859 3875 991 3988 1111111111
1013 3873 1151 3944 obepo·
1224 3850 1299 3927 acar-

145 3999 239 4064 cadaa,
257 4001 290 4053 in
307 3974 602 4068 11119.’11111111111,1
713 3997 831 4054 labinios
855 3997 893 4066 V;
909 3999 1031 4053 lanioab
1141 3999 1174 4052 16
1192 3998 1298 4051 litterae

150 4089 239 4153 Vera·
257 4089 361 4142 litteris
381 4087 453 4158 abp
532 4104 617 4142 annos
636 4104 686 4144 om.
711 4087 876 4158 Veppaf
962 4088 996 4143 20
1020 4087 1129 4142 inscitia
1152 4086 1299 4156 Vppaf,·

145 4177 296 4232 inscientia
315 4193 333 4230 u
345 4177 361 4231 b
372 4193 398 4244 e,·
422 4179 533 4246 propter
555 4177 726 4231 inscientiam
744 4194 761 4231 o
840 4178 873 4231 21
898 4193 981 4230 unum
999 4193 1051 4231 om.
1076 4176 1102 4230 V
1119 4176 1187 4231 obe
1191 4192 1213 4244 p
1225 4193 1238 4245 ρ
1249 4194 1266 4226 α
1278 4181 1302 4239 f

145 4269 181 4322 22
200 4266 322 4336 pertitio,
340 4281 375 4322 m.
395 4265 615 4336 2superacra'pto
635 4265 738 4334 quadri,
758 4266 773 4317 b
850 4266 885 4319 23
904 4267 1073 4320 trimenstres
1096 4263 1168 4331 Ve¹3
1186 4263 1297 4318 trimen-

145 4373 200 4424 111,
222 4353 291 4422 ae²,·
309 4359 365 4409 tres
383 4371 490 4408 menses
509 4355 539 4421 b‚·
556 4354 707 4408 trimestres
721 4371 769 4422 po
842 4354 952 4409 luerunt
975 4355 1124 4424 Vobepp‚·
1140 4353 1215 4408 fuere
1232 4369 1250 4406 o

174 4481 258 4522 mx
275 4482 333 4528 Aur.
348 4489 417 4530 opera
432 4479 506 4520 Sestio
520 4479 539 4520 V
554 4489 606 4528 para
621 4479 651 4519 ll.
1246 4460 1263 4512 6
