3192 4959
268 441 318 494 lle
347 442 520 494 ciuitate
549 441 610 493 dei
637 441 691 493 lib
728 439 814 496 XXII.
844 457 918 509 cap.
947 441 990 494 26.
1018 441 1061 493 Pi.
1170 444 1237 506 653

85 635 275 717 inpossibile
308 636 455 710 clamant,
494 634 617 718 quando
651 635 778 716 quidem
816 655 873 700 nos
905 634 1019 710 Deum,
1054 635 1108 717 qui
1140 636 1235 700 etiam

85 741 263 806 secundum
291 743 457 806 Platonem
485 741 563 805 facit
589 741 800 824 inpossibilia,
829 741 861 804 id
889 741 1047 805 facturum
1076 760 1147 806 esse
1175 741 1236 805 cla-

85 851 240 912 mamus?
267 846 338 912 Non
368 867 453 932 ergo,
483 851 519 912 ut
541 847 652 912 beatas
682 847 745 911 sint
769 847 902 920 animae,
932 866 1046 929 corpus
1071 852 1121 912 est
1144 867 1237 912 omne

85 955 287 1040 fugiendum,
316 953 371 1018 sed
400 972 513 1035 corpus
543 952 780 1035 incorruptibile
803 954 1030 1037 recipiendum.
1055 955 1096 1019 llt
1118 955 1148 1017 iu
1174 974 1237 1035 quo

53 1083 65 1119 a
85 1061 330 1126 conuenientius
355 1060 586 1142 incorruptibili
611 1080 739 1142 corpore
762 1061 975 1132 laetabuntur,
1000 1081 1093 1143 quarn
1116 1061 1149 1125 iu
1173 1079 1236 1143 quo

85 1166 285 1250 corruptibili
319 1171 529 1250 gemuerunt?
564 1166 615 1232 Sic
649 1169 730 1231 enim
763 1187 824 1232 non
857 1169 890 1232 in
923 1169 967 1231 eis
997 1168 1055 1230 crit
1087 1168 1143 1231 illa
1171 1167 1240 1231 dira

85 1273 257 1356 cupiditas,
281 1293 374 1356 quam
398 1273 508 1354 posuit
531 1293 566 1337 ex
589 1273 720 1338 Platone
744 1274 916 1358 Vergilius,
937 1274 991 1338 ubi
1012 1274 1073 1338 ait:

279 1419 388 1476 Rursus
413 1421 442 1476 ct
463 1417 607 1490 incipiant
628 1417 657 1476 in
683 1435 806 1492 corpora
827 1419 904 1477 uelle
926 1418 1046 1486 reuerti;

85 1557 145 1632 sic,
170 1556 310 1636 inquam,
334 1557 542 1638 cupiditatem
566 1557 743 1620 reuertenti
768 1558 807 1620 ad
833 1576 962 1641 corpora
985 1576 1045 1620 non
1063 1557 1235 1628 habebunt,

42 1687 67 1725 ro
85 1683 161 1726 curn
188 1680 327 1745 corpora,
351 1663 382 1726 in
408 1681 487 1744 quae
511 1663 629 1728 reuerti
653 1664 795 1746 cupiunt,
820 1683 930 1728 secum
953 1664 1115 1728 habebunt
1138 1668 1170 1726 et
1188 1664 1235 1728 sic

84 1768 260 1844 habebunt,
289 1772 327 1832 ut
358 1789 530 1850 numquam
563 1789 624 1834 non
656 1769 802 1846 habeant,
836 1790 1009 1853 numquam
1038 1789 1074 1833 ea
1105 1789 1236 1852 prorsus

85 1875 142 1940 uel
165 1875 206 1940 ad
230 1875 376 1959 exiguum
399 1875 573 1958 quamlibet
597 1879 723 1958 tempus
748 1877 815 1940 ulla
838 1881 938 1941 morte
961 1876 1126 1959 deponant.

517 2067 653 2133 CAPUT
678 2067 808 2132 XXVII.

87 2211 143 2273 De
174 2209 396 2274 contrariis
427 2209 751 2274 delinitionibus
780 2211 969 2274 Platonis
998 2211 1125 2291 adque
1149 2210 1235 2274 Por-

43 2343 68 2380 ιε»
89 2317 241 2400 phprii,
265 2317 303 2380 in
328 2317 477 2400 quibus
502 2317 536 2381 si
560 2321 729 2399 uterque
753 2318 876 2382 alteri
901 2319 1073 2394 cederet,
1097 2319 1233 2382 aneri-

416 2427 511 2488 ·tatc
536 2428 678 2488 neuter
702 2425 899 2488 deniaret.

134 2565 270 2647 Singula
303 2564 455 2648 quaedam
490 2566 633 2631 dixerunt
664 2567 755 2630 Plato
790 2567 892 2649 adque
919 2566 1123 2649 Porphyrius,
1157 2587 1239 2648 quae

87 2674 114 2737 si
140 2672 224 2736 inter
243 2691 277 2738 se
302 2673 533 2737 communicare
557 2674 747 2756 potuissent,
773 2672 851 2738 lacti
870 2677 979 2737 assent
995 2674 1131 2738 fortasse
1151 2673 1238 2738 chri-

86 2779 195 2842 stiani.
227 2776 318 2842 Plato
352 2776 431 2840 dixit
459 2778 525 2842 sine
554 2778 737 2860 corporibus
767 2778 888 2842 animas
915 2778 948 2841 iu
977 2783 1138 2843 aeternum
1167 2797 1239 2844 esse

39 2903 65 2942 ao
84 2904 150 2949 non
184 2902 289 2965 posse,
326 2884 402 2949 Ideo
440 2885 525 2948 onim
560 2885 637 2948 dirit
671 2885 767 2949 etiam
801 2885 978 2966 sapientum
1012 2885 1132 2950 animas
1163 2888 1240 2967 post

85 2989 269 3074 quamlibet
293 2991 425 3074 longum
454 2995 590 3073 tempus,
619 2996 723 3055 tamen
753 2991 792 3055 ad
816 3010 947 3073 corpora
973 2991 1140 3057 redituras.
1162 2992 1239 3056 Por-

82 3097 222 3181 phyrius
251 3101 358 3161 autem
385 3096 463 3161 dixit
491 3098 626 3162 animam
652 3098 921 3183 purgatissimam,
951 3117 1023 3162 cum
1046 3097 1176 3162 redierit
1198 3099 1237 3162 ad

82 3205 229 3280 Patrem,
257 3202 297 3266 ad
324 3203 401 3268 haec
430 3204 513 3268 mala
540 3203 649 3268 mundi
677 3224 850 3287 numquam
880 3223 949 3268 esse
976 3204 1157 3269 redituram.
1190 3207 1238 3268 Ac

83 3329 144 3392 per
168 3308 239 3384 hoe,
264 3307 349 3389 quod
373 3328 482 3402 uerum
504 3309 586 3372 uidit
604 3309 707 3384 Plato,
727 3310 755 3374 si
774 3309 915 3374 dedisset
933 3309 1115 3393 Porphyric,
1141 3311 1237 3375 etiam

38 3436 64 3475 aa
82 3417 249 3478 iustorum
279 3414 380 3497 adque
409 3415 588 3497 sapientum
617 3416 862 3499 purgatissimas
893 3417 1014 3481 animas
1037 3417 1076 3480 ad
1100 3416 1238 3480 humana

83 3541 220 3604 corpora
252 3521 422 3598 redituras;
457 3541 566 3587 rursus
601 3524 684 3605 quod
717 3542 828 3587 uerum
863 3524 945 3587 uidit
972 3522 1175 3606 Porphyrius,
1209 3523 1237 3586 si

178 3785 195 3836 8
215 3782 283 3838 Aen.
303 3783 349 3847 Vl,
370 3785 419 3837 151

123 3922 395 3992 lqui..Platonem
414 3924 500 3977 onab
564 3925 626 3978 bin
646 3924 793 3993 incorrupt.
811 3940 830 3992 p
893 3922 1045 3991 luirgiliis
1065 3921 1092 3974 b¹
1154 3922 1188 3975 10
1207 3927 1236 3975 et

82 4014 124 4066 sic
144 4010 289 4064 habebunt
307 4028 340 4063 m.
360 4015 375 4064 1
392 4029 452 4080 sup.
473 4013 520 4066 lin.
541 4029 554 4066 c
628 4011 660 4066 12
680 4011 784 4065 adom.
803 4029 823 4079 p
897 4013 928 4064 17
948 4010 1057 4078 singula
1076 4010 1238 4078 alroppa·

82 4100 189 4171 singuli
211 4119 253 4170 ρα
270 4097 369 4153 Domo.
438 4099 468 4154 18
487 4100 600 4154 forsitan
620 4117 660 4169 ep
729 4101 763 4152 20
782 4106 808 4152 ct
826 4100 861 4151 25
880 4099 1032 4168 sapientum
1052 4097 1102 4168 cq¹
1121 4098 1238 4166 Denta,-

81 4216 253 4287 sapientium
274 4215 371 4283 obpo
461 4217 495 4270 24
514 4216 564 4270 hoc
583 4217 669 4270 om.b
742 4181 801 4268 siob
876 4213 1070 4285 decidissetp,·
1091 4213 1236 4268 dedisset
1297 4214 1304 4224 “

80 4297 232 4419 ppdphirio
253 4331 268 4384 b
323 4331 357 4385 26
376 4329 496 4385 redditas
516 4332 531 4385 b
604 4333 627 4386 si
646 4330 765 4386 dedisset
786 4331 895 4400 atqu·
914 4331 937 4384 si
956 4346 1007 4384 om.
1026 4347 1040 4382 e
1044 4348 1067 4398 p
1085 4331 1186 4387 Domb.
