3192 4959
274 434 317 495 30
627 428 653 481 S.
683 426 842 481 Aurelii
868 426 1085 495 Augustini

275 625 437 701 seductae,
462 623 518 688 sed
542 642 614 687 eum
638 622 761 703 fefellit,
783 641 844 705 quo
868 622 963 688 modo
986 622 1091 687 fuerat
1112 619 1316 685 iudicandum
1341 619 1425 703 quod

277 736 345 797 erat
368 731 526 796 dicturus:
564 728 712 795 Mulier.
736 750 845 812 qnam
874 728 1016 794 dedisti
1044 747 1199 805 mecum,
1223 728 1306 809 ipsa
1333 727 1426 792 mihi

276 838 390 915 dedit,
422 840 458 903 et
485 836 721 901 manducaui.
760 833 845 914 Quid
873 854 946 919 ergo
971 836 1139 917 pluribus?
1176 834 1247 899 Etsi
1270 833 1424 899 credendo

275 964 336 1009 non
366 946 441 1009 sunt
469 942 562 1007 arnbo
591 942 729 1024 decepti,
751 942 910 1025 peccando
938 946 1045 1006 tamen
1069 941 1162 1006 ambo
1186 945 1262 1005 sunt
1285 939 1369 1024 capti
1393 942 1426 1005 et

276 1049 395 1115 diaboli
418 1050 541 1133 laqueis
566 1049 717 1133 inplicati.

735 1240 872 1306 CAPUT
896 1241 967 1305 XII.

300 1384 351 1449 De
380 1382 570 1463 qualitate
598 1382 748 1465 pcccati
778 1400 796 1445 a
825 1382 957 1465 primis
988 1382 1206 1447 hominibus
1235 1382 1401 1446 admissi.

323 1522 356 1589 si
390 1542 483 1605 quern
516 1542 591 1587 uero
624 1525 743 1589 mouet.
773 1543 856 1606 quur
883 1524 954 1588 aliis
981 1523 1121 1607 peccatis
1150 1524 1197 1588 sio
1224 1526 1337 1587 natura
1363 1540 1425 1587 non

277 1632 418 1693 mutetur
451 1629 598 1695 humana.
632 1648 726 1711 quern
760 1629 800 1693 ad
831 1631 960 1694 modum
993 1631 1049 1694 illa
1082 1630 1215 1695 duorum
1252 1630 1426 1712 primorum

194 1740 196 1743 ’
277 1737 441 1800 hominum
474 1725 745 1818 praeuaricatione
777 1740 902 1800 mutata
934 1740 993 1810 est,
1017 1740 1054 1802 ut
1086 1741 1192 1802 tantae
1220 1735 1424 1819 corruptioni,
1446 1764 1472 1801 ιο

277 1844 427 1923 quantem
456 1840 603 1906 uidemus
632 1840 734 1923 adque
763 1842 930 1917 sentimus,
956 1848 988 1907 ot
1010 1862 1066 1927 per
1088 1842 1169 1907 hanc
1192 1842 1370 1907 subiaceret
1393 1846 1426 1906 et

277 1948 372 2013 morti
396 1966 432 2012 ao
456 1950 505 2013 tot
528 1951 560 2011 et
583 1948 681 2012 tantis
705 1951 834 2030 tamque
853 1947 935 2013 inter
953 1968 987 2013 sc
1006 1950 1171 2013 contrariis
1190 1950 1427 2031 perturbaretur

278 2059 311 2119 et
328 2054 499 2119 fluouraret
512 2054 702 2132 adfectibus,
724 2055 828 2137 qualis
847 2055 879 2119 in
898 2056 1043 2138 paradiso
1063 2059 1134 2120 anto
1153 2062 1331 2139 peccatum,
1350 2056 1427 2121 lioet

278 2162 311 2225 in
336 2180 465 2244 corpore
490 2161 619 2226 animali
644 2165 741 2238 esset,
765 2162 877 2245 utique
900 2182 961 2227 non
984 2162 1048 2227 fuit
1070 2200 1113 2209 -
1137 2163 1259 2245 siquis
1283 2163 1343 2228 hoo
1361 2182 1427 2227 nro-

278 2270 381 2345 uetur,
401 2271 439 2332 ui
457 2268 530 2345 dini,
550 2288 611 2333 non
635 2268 705 2333 ideo
730 2268 826 2333 debet
849 2268 1028 2333 existimare
1046 2269 1118 2333 leue
1138 2288 1174 2333 ac
1192 2288 1328 2352 paruum
1346 2269 1427 2333 illud
1446 2295 1473 2333 rs
1586 2265 1587 2286 ¹

278 2373 379 2439 fuisse
402 2374 620 2451 commissum,
640 2375 716 2456 quia
737 2375 767 2439 in
794 2394 866 2439 esca
889 2376 1010 2440 factum
1035 2378 1175 2450 estnon
1198 2376 1325 2458 quidem
1344 2378 1428 2440 mala

279 2498 336 2544 nec
367 2480 468 2555 noxia,
497 2480 558 2543 nisi
592 2480 666 2561 quia
697 2480 872 2564 probibita3
906 2500 1009 2563 neque
1038 2482 1122 2545 enim
1151 2481 1324 2563 quidquam
1351 2481 1427 2546 mali

279 2586 366 2650 Deus
400 2586 431 2649 in
464 2584 520 2649 illo
549 2588 656 2650 tantae
684 2585 849 2651 felicitatis
877 2588 948 2652 loco
978 2591 1097 2652 crearet
1125 2588 1228 2671 adque
1259 2590 1426 2671 plantaret.

279 2690 343 2755 Sed
367 2692 567 2757 oboedientia
591 2692 810 2757 commendata
833 2694 937 2757 estin
961 2697 1140 2777 praecepto,
1164 2713 1245 2776 quae
1268 2693 1372 2758 uirtus
1395 2693 1427 2757 in
1586 2763 1587 2774 χ

280 2802 422 2862 ereatura
444 2798 590 2862 rationali
613 2802 715 2863 mater
737 2800 875 2882 quodam
898 2801 995 2865 modo
1020 2805 1070 2864 est
1092 2801 1232 2865 omnium
1254 2804 1427 2883 custosque
1446 2826 1475 2866 so

280 2905 455 2979 uirtutum
490 2905 615 2986 quando
644 2905 771 2987 quiidem
802 2906 848 2970 ita
870 2907 956 2971 fecta
978 2910 1037 2984 est,
1061 2910 1098 2971 ut
1122 2906 1151 2970 ei
1174 2906 1335 2972 subditam
1359 2924 1429 2971 esse

280 3012 324 3075 sit
347 3010 440 3086 utile;
465 3012 678 3092 perniciosum
703 3016 808 3077 autem
834 3033 936 3091 suam,
956 3033 1016 3077 non
1041 3014 1109 3077 eius
1134 3031 1153 3076 a
1176 3032 1238 3096 quo
1258 3016 1362 3077 creata
1380 3015 1429 3077 est

279 3118 382 3181 iacere
405 3118 615 3183 uoluntatem.
639 3119 708 3184 Hoc
733 3119 840 3202 itaque
863 3120 900 3183 de
919 3139 982 3185 uino
1002 3119 1064 3184 cibi
1084 3139 1197 3204 genere
1217 3139 1278 3184 non
1297 3118 1427 3192 edendo,

281 3224 337 3287 ubi
365 3223 497 3288 aliorum
526 3227 614 3290 tanta
642 3228 733 3307 copia
757 3227 953 3304 subiacebat,
977 3231 1042 3290 tarn
1066 3226 1139 3291 leue
1162 3229 1365 3309 praeceptum
1388 3225 1427 3287 ad

280 3330 524 3407 obseruandum,
553 3336 618 3397 tam
647 3334 742 3399 breue
771 3334 810 3398 ad
838 3335 990 3397 memoria
1017 3334 1227 3406 retinendum,
1255 3334 1310 3397 ubi
1341 3351 1428 3415 prae·
1446 3360 1474 3399 aa

281 3436 391 3499 sertim
419 3436 557 3502 nondum
585 3439 745 3503 uoluntati
773 3440 931 3522 cupiditas
955 3440 1135 3510 resistebat.
1160 3440 1244 3522 quod
1267 3440 1305 3503 de
1328 3458 1428 3522 poena

281 3544 542 3627 transgressionis
566 3549 678 3627 postea
701 3547 911 3611 subsecutum
936 3550 994 3623 est,
1018 3551 1107 3612 tanto
1131 3547 1248 3611 maiore
1272 3545 1429 3610 iniustitia

282 3648 437 3714 uiolatum
462 3654 520 3729 est,
545 3658 662 3733 quanto
686 3654 828 3718 faciliore
852 3656 962 3736 posset
985 3654 1188 3718 obseruantia
1211 3652 1374 3718 custodiri.

371 3842 387 3893 2
408 3838 473 3894 Gen.
494 3842 518 3903 3,
541 3842 573 3895 12

317 3963 457 4017 traceam
481 3962 871 4032 Ve¹lpa;mihial›e²af
952 3968 1031 4021 rnil¹
1095 3968 1271 4023 inteditur
1294 3968 1428 4039 V;prinii

283 4049 399 4105 hominis
418 4053 521 4121 peccati
537 4052 649 4107 admissi
662 4072 680 4121 p
691 4070 722 4121 q,·
739 4054 820 4122 primi
837 4058 944 4125 peccati
960 4073 1009 4127 per
1026 4057 1162 4111 hominem
1177 4057 1317 4113 admissio
1354 4060 1384 4113 11
1400 4064 1429 4113 et

282 4140 364 4193 morti
388 4140 553 4208 Velpaf;
578 4142 769 4197 storacio
880 4146 912 4197 12
932 4149 961 4198 et
982 4148 1104 4200 totacl
1193 4148 1428 4223 conturbareturl

285 4228 318 4281 14
337 4232 410 4281 esset
429 4229 572 4283 anirnalio
628 4232 660 4283 15
679 4230 747 4283 illud
766 4248 826 4301 sup.
847 4234 896 4285 lin.
920 4233 947 4285 V
999 4236 1031 4288 11
1051 4236 1115 4306 nisi]
1133 4236 1181 4291 sed
1199 4254 1234 4290 m.
1254 4239 1273 4289 2
1290 4238 1321 4290 in
1338 4253 1395 4291 ras.
1414 4254 1428 4291 e

282 4316 314 4368 21
337 4315 409 4369 eise
463 4318 496 4371 23
516 4317 570 4370 ciui
594 4317 627 4370 V¹
682 4320 716 4371 25
737 4318 770 4372 ad
789 4322 979 4375 memorianus
1033 4325 1066 4377 28
1086 4324 1251 4378 custodiret
