3192 4959
312 444 353 505 44
654 440 681 495 S.
709 438 866 493 Aurelii
893 438 1111 507 Augustini

312 634 399 698 illam
429 634 537 719 peragi
565 635 777 716 uoluptatem.
805 633 855 697 lbi
883 633 964 697 enim
993 632 1177 716 philosophi
1203 650 1265 697 non
1294 635 1457 700 erubesce·

311 741 387 805 bant
414 740 516 806 uideri
546 760 580 805 se
609 740 693 806 uella
717 739 937 817 concumbere,
965 740 1021 804 ubi
1044 739 1143 805 libido
1167 740 1236 823 ipsa
1260 740 1459 806 erubesceret

312 867 450 932 surgere.
482 848 523 912 nt
554 866 639 913 nnnc
670 846 818 911 uidemus
847 846 950 911 adhuc
980 866 1050 911 esse
1074 845 1282 930 philosophos
1305 846 1456 930 Cynicos3

311 954 345 1017 bi
369 955 454 1019 enim
477 959 561 1033 suut,
587 955 726 1038 quinon
750 953 856 1017 solum
880 953 1071 1017 amiciuntur
1093 953 1201 1037 pallio,
1225 972 1338 1017 uerum
1362 954 1457 1018 etiam

311 1060 435 1125 clauam
459 1061 577 1139 ferunt;
602 1080 693 1125 nemo
717 1061 823 1124 tumen
848 1078 956 1123 eornm
981 1060 1078 1123 audet
1100 1060 1160 1125 hoc
1183 1059 1297 1132 fucere,
1321 1059 1458 1143 quodsi
1490 1080 1502 1118 a

312 1167 410 1249 aliqui
443 1168 513 1231 ansi
546 1172 661 1244 essent,
694 1170 821 1231 utnon
851 1166 955 1231 dicam
982 1166 1101 1231 ictibus
1127 1166 1349 1250 lapidantium,
1374 1170 1459 1231 certe

312 1380 483 1445 humanam
512 1380 579 1444 sinc
608 1379 673 1444 ulla
697 1378 894 1443 dubitatione
917 1381 1072 1455 naturam,
1102 1383 1135 1443 ct
1156 1379 1269 1443 merito
1293 1379 1400 1461 pudet.
1422 1380 1459 1444 In

313 1484 382 1551 eius
415 1487 531 1569 quippe
564 1486 808 1561 inoboedientia,
846 1504 926 1568 quae
964 1485 1115 1570 genitalia
1147 1486 1287 1568 corporis
1320 1486 1460 1551 membra

312 1593 389 1658 solis
423 1594 489 1657 suis
523 1592 663 1657 motibus
696 1591 840 1657 subdidit
877 1596 909 1657 et
939 1592 1093 1674 potestati
1122 1592 1298 1656 uoluntatis
1331 1593 1457 1675 eripuit,
1478 1610 1505 1649 ιο

311 1700 390 1765 satis
421 1700 607 1775 ostenditur,
641 1699 718 1782 quid
746 1699 789 1763 sit
817 1699 955 1764 hominis
983 1698 1032 1762 illi
1059 1698 1178 1779 primae
1205 1698 1458 1763 inoboedientiae

310 1807 515 1885 retributum3
544 1807 628 1889 quod
656 1806 686 1871 in
715 1824 752 1871 ea
773 1809 863 1887 parte
886 1805 1021 1871 maxime
1044 1805 1185 1887 oportuit
1207 1824 1366 1887 apparere,
1397 1824 1460 1888 qua

312 1916 481 1997 generatur
506 1914 576 1995 ipsa
604 1916 726 1985 natura,
755 1932 836 1995 quae
863 1912 919 1977 illo
943 1912 1045 1995 primo
1070 1916 1103 1976 et
1125 1931 1239 1995 magno
1263 1912 1296 1975 in
1320 1911 1458 1976 deterius

312 2024 361 2084 est
393 2022 515 2083 mutata
546 2022 692 2103 peccato;
726 2038 744 2082 a
777 2019 869 2083 cuius
903 2038 984 2083 nexu
1015 2019 1124 2085 nullus
1164 2018 1296 2101 eruitur,
1329 2018 1390 2082 nisi
1425 2017 1460 2081 id

312 2126 406 2208 quod,
441 2145 513 2191 etam
547 2146 654 2191 omnes
688 2126 717 2190 in
753 2146 816 2190 uno
849 2131 965 2202 essent,
998 2126 1030 2188 in
1064 2144 1264 2190 communem
1288 2124 1457 2206 pamiciem
1479 2140 1505 2181 ιε

311 2234 525 2315 perpetratum
560 2236 609 2297 est
642 2236 674 2297 et
705 2232 765 2297 Dei
798 2232 923 2296 iustitia
955 2230 1164 2309 uindicatum,
1202 2231 1262 2295 Dei
1295 2230 1396 2315 gratia
1426 2229 1458 2293 in

312 2337 447 2421 singulis
472 2338 622 2422 expietur.

762 2528 898 2594 CAPUT
921 2528 1008 2594 XXI.

310 2670 364 2734 De
395 2668 685 2735 benedictione
717 2669 1061 2752 multiplicandae
1090 2668 1365 2733 fecunditatis
1394 2668 1458 2733 hu-

310 2795 447 2841 manae
486 2779 576 2839 ante
614 2778 823 2859 peccatum
863 2775 963 2854 data,
1004 2795 1119 2859 quam
1149 2776 1503 2859 praeuaricatione

354 3024 449 3089 Absit
473 3025 592 3107 itaque,
623 3027 660 3089 ut
688 3023 852 3088 credamus
881 3023 955 3088 illos
986 3025 1137 3108 coniuges
1160 3024 1192 3088 in
1215 3024 1362 3107 paradiso
1386 3042 1460 3089 con·

311 3130 443 3195 stitutus
467 3150 522 3214 per
546 3131 626 3195 banc
647 3130 823 3207 libidinem,
847 3130 886 3195 de
910 3150 972 3213 qua
995 3131 1208 3196 erubescendo
1233 3130 1342 3195 eadem
1361 3148 1460 3194 mem-

310 3237 366 3301 bra
401 3239 559 3315 texerunt,
600 3238 776 3322 inpleturus
814 3236 915 3301 fuisse
957 3237 1043 3321 quod
1079 3238 1111 3302 iu
1149 3257 1208 3302 sua
1238 3235 1460 3301 benedictione

311 3342 398 3408 Deus
431 3344 523 3409 dixit:
563 3344 747 3410 Crescite
785 3348 824 3409 at
854 3344 1196 3427 multiplicamini
1229 3346 1268 3408 et
1299 3344 1505 3424 repletas

310 3454 467 3515 terram.
499 3451 579 3516 Post
609 3454 775 3534 peccatum
812 3452 928 3535 quippe
960 3454 1030 3516 orta
1057 3454 1107 3516 est
1133 3451 1211 3515 haec
1237 3449 1352 3524 libido;
1384 3455 1462 3532 post

310 3560 476 3639 peccatum
512 3578 581 3622 eam
617 3562 729 3623 natura
765 3578 826 3622 non
863 3558 1020 3639 inpudens
1052 3558 1172 3623 amissa
1202 3559 1374 3640 potestate,
1407 3558 1461 3621 cui

310 3682 424 3747 corpus
449 3684 485 3728 ex
509 3665 594 3729 omui
617 3668 706 3747 parte
730 3665 900 3741 seruiebat,
929 3664 1031 3729 sensit
1053 3664 1206 3743 adtendit,
1235 3659 1363 3728 erubuit
1386 3682 1459 3744 ope·

400 3906 433 3959 25
454 3904 520 3959 Gen.
541 3906 567 3967 1,
585 3906 619 3959 28

346 4074 539 4142 3surgerate
612 4030 724 4143 qu¹niaos
744 4072 771 4127 V
822 4074 962 4128 bclauem
979 4074 998 4129 1¹
1055 4074 1219 4129 'lsalibusc
1291 4072 1459 4129 obrueturc¹

312 4162 344 4214 12
363 4161 477 4215 maxime
495 4165 607 4231 purtao
673 4162 705 4215 14
724 4161 817 4215 nullus
835 4180 936 4215 neruo
1001 4164 1034 4216 16
1052 4162 1218 4217 uindicatam
1238 4163 1258 4217 l¹
1315 4164 1348 4217 17
1368 4163 1459 4233 expia-

310 4252 399 4306 toml
453 4252 487 4305 20
508 4250 572 4304 data
595 4250 701 4317 V50m.
717 4269 790 4322 ppo
844 4253 876 4305 21
899 4251 1031 4305 ademerit
1053 4252 1330 4322 V5adirneretppo
1397 4252 1459 4306 liui-

309 4339 380 4393 dinis
404 4340 428 4393 V
481 4340 515 4392 25
536 4339 639 4409 repleta
659 4340 752 4405 codd.,·
770 4340 917 4409 impletae
971 4342 1005 4394 26
1025 4340 1106 4394 horta
1129 4340 1172 4394 Vl
