3192 4959
319 497 370 553 De
398 500 572 554 ciuitate
600 499 662 554 dei
684 499 749 554 lib.
772 499 830 554 XX.
860 517 934 572 cup.
965 503 1006 555 14.
1037 503 1078 557 15.
1205 505 1270 567 463

578 693 717 760 CAPUT
739 693 810 759 XV.

121 833 194 916 Qui
225 837 312 902 siut
339 837 499 915 mortui,
525 837 695 919 quus-ud
718 835 917 902 iudicium
942 837 1132 903 exhibuit
1155 857 1271 916 mare,

272 944 339 1008 uel
367 963 467 1026 quos
498 962 602 1008 murs
627 946 667 1008 et
688 943 813 1009 inseri
837 944 1117 1012 reddiderunt.

161 1085 229 1150 Sed
253 1087 307 1168 qui
331 1089 408 1150 suut
428 1084 557 1164 mortui,
581 1103 660 1167 quus
684 1085 828 1150 exhibuit
851 1105 946 1164 mere,
971 1087 1079 1168 quiin
1103 1105 1139 1152 eo
1160 1089 1272 1152 eruut?

93 1193 233 1275 sNeque
261 1193 344 1258 euim
374 1193 428 1276 qui
450 1191 483 1256 iu
507 1193 586 1257 mari
608 1193 797 1271 moriuntur,
822 1213 882 1258 uun
907 1194 1035 1258 suntin
1059 1193 1191 1272 inferno,
1216 1199 1273 1259 aut

121 1319 252 1382 corpora
283 1319 392 1366 eorum
424 1303 592 1365 seruentur
622 1300 654 1364 iu
686 1301 777 1378 usuri,
811 1304 875 1382 aut,
905 1300 989 1384 quud
1018 1304 1067 1365 est
1091 1300 1271 1378 absurdius,

119 1426 205 1472 mure
238 1407 376 1472 bebebet
406 1407 506 1472 bouus
539 1411 682 1471 mortuus
716 1411 748 1471 et
778 1407 920 1472 infernus
953 1407 1064 1472 melos.
1098 1404 1177 1486 Quis
1210 1406 1272 1471 hoe

119 1515 304 1598 putauerit?
332 1514 395 1581 Sed
422 1514 563 1597 profectu
593 1515 817 1579 conuenienter
844 1515 972 1597 quidum
1001 1515 1061 1578 hue
1088 1515 1158 1578 luco
1187 1531 1273 1578 mere
1364 1571 1366 1574 .

120 1640 173 1704 pro
205 1621 272 1686 isto
304 1621 432 1686 saeculo
459 1621 602 1703 positum
630 1620 801 1704 accipiunt.
835 1619 916 1686 Cum
945 1640 1018 1705 urge
1048 1623 1080 1684 et
1107 1637 1186 1702 quos
1219 1619 1272 1684 hie

82 1728 262 1792 roiuueuiet
297 1726 443 1792 Christus
479 1726 511 1790 iu
549 1745 678 1808 corpore
716 1727 908 1792 constitutos
945 1727 1042 1792 simul
1080 1725 1274 1810 significaret

122 1853 195 1898 uum
223 1833 281 1908 eis,
309 1832 364 1915 qui
390 1833 600 1898 resurrecturi
622 1837 707 1911 suut,
736 1833 933 1912 iudicandus,
958 1832 1055 1898 etiam
1079 1833 1168 1915 ipsus
1191 1851 1272 1896 mur·

120 1944 194 2006 tuus
227 1939 413 2022 appellauit,
451 1942 484 2004 et
514 1940 625 2016 bouus,
663 1939 781 2022 quibus
815 1941 946 2005 dieitur:
984 1939 1136 2004 Mortui
1170 1939 1271 2004 euin]

122 2047 238 2123 estis,
271 2048 310 2109 et
337 2045 427 2110 uitu
458 2049 603 2110 uestra
630 2046 872 2112 abscondita
900 2049 963 2111 est
991 2065 1076 2111 eum
1106 2045 1272 2112 Christo

121 2152 156 2216 iu
180 2153 273 2230 Deo,
298 2155 330 2217 et
351 2153 465 2231 malos,
490 2153 528 2218 de
552 2154 668 2235 quibus
693 2153 825 2218 dieitur:
851 2153 944 2218 Siue
965 2156 1146 2218 mortuus
1167 2171 1270 2234 sepe-

84 2279 107 2317 u
121 2260 199 2324 lire
222 2263 405 2324 mortuus
429 2277 535 2324 sues.
558 2259 698 2324 Possunt
719 2259 838 2324 mortui
858 2259 953 2324 etiem
972 2263 1101 2348 propter
1118 2259 1179 2322 hoe
1199 2257 1272 2334 diei,

122 2367 206 2447 quud
228 2366 376 2430 mortalia
392 2369 508 2448 gerunt
531 2384 676 2449 turpem
700 2365 784 2430 uude
804 2366 986 2448 apostulus:
1012 2365 1165 2447 Corpus
1191 2363 1271 2446 qui-

124 2472 218 2548 deru,
246 2471 360 2554 iuquit,
389 2476 589 2538 mortuum
618 2476 681 2537 est
703 2477 871 2555 propter
893 2474 1124 2554 peecatum
1155 2469 1272 2553 spiri-

123 2583 185 2641 tus
220 2583 351 2642 autem
384 2578 473 2642 uitu
505 2581 568 2644 est
595 2582 762 2661 propter
789 2577 1010 2656 iustitiam,
1044 2581 1216 2659 utrumque
1240 2576 1272 2640 iu

122 2684 250 2747 homine
271 2684 403 2748 uiuente
432 2683 534 2766 adque
557 2684 589 2748 in
613 2684 673 2749 hue
697 2703 826 2766 uoluere
850 2683 1026 2749 constituto
1051 2702 1121 2748 esse
1146 2683 1272 2748 demun·

82 2811 107 2850 ru
124 2796 237 2871 straus,
271 2793 304 2854 et
335 2809 450 2873 eorpus
481 2793 644 2854 mortuum
677 2795 710 2855 et
741 2791 889 2873 spiritum
922 2792 1033 2855 uitam.
1065 2790 1132 2854 Neu
1165 2793 1271 2854 tumen

124 2895 201 2958 dixit
232 2915 347 2978 eorpus
378 2896 522 2972 mortale,
556 2897 611 2961 sed
643 2901 816 2974 mortuum,
855 2896 1003 2980 quamuis
1036 2897 1143 2962 eadem
1175 2896 1273 2979 paulo

122 3006 197 3082 post
218 3003 315 3066 etiam
339 3001 485 3067 murtuliu
503 3020 644 3085 corpora,
664 3004 751 3068 sicut
767 3003 921 3068 usitatius
941 3007 1105 3080 uocantur,
1124 3002 1271 3085 appellet.

123 3107 190 3172 Hos
223 3125 298 3191 ergo
330 3112 474 3172 mortuos
506 3108 651 3173 exhibuit
681 3127 779 3186 ruere,
813 3109 867 3190 qui
899 3109 930 3174 iu
965 3128 1000 3174 eu
1029 3112 1128 3186 erant,
1157 3109 1189 3174 id
1213 3111 1273 3186 est,

123 3214 266 3278 exhibuit
287 3213 433 3279 homiues
456 3214 516 3279 hue
540 3214 714 3292 saeculum,
744 3215 937 3298 quicumque
961 3216 991 3279 iu
1016 3234 1052 3280 eo
1077 3219 1174 3291 erent,
1199 3215 1274 3298 quia

82 3345 107 3383 rs
124 3320 262 3384 nondum
286 3320 438 3385 obierant.
465 3321 514 3384 Et
536 3339 640 3386 mors
665 3326 705 3385 et
727 3321 924 3398 infernus,
953 3321 1066 3404 iuquit,
1090 3321 1273 3387 reddide-

124 3429 218 3490 runt
248 3429 440 3504 mortuos,
475 3447 574 3510 quos
606 3427 645 3492 iu
678 3446 718 3492 se
751 3428 963 3494 habebunt.
996 3429 1085 3493 Mure
1118 3429 1272 3506 exhibuit,

125 3532 209 3612 quia,
241 3533 325 3598 sieut
356 3533 480 3598 inuenti
511 3536 596 3610 suut,
629 3534 813 3610 adfueruut;
846 3553 932 3600 mors
964 3554 1040 3600 uero
1074 3539 1105 3598 et
1131 3535 1272 3598 infernus

124 3638 337 3718 reddiderunt,
367 3641 514 3724 quoniam
539 3640 635 3719 uitae,
665 3640 703 3705 de
727 3661 789 3723 qua
813 3641 876 3705 ium
900 3640 1047 3720 exierunt,
1071 3643 1271 3706 reuoeuruut.

125 3743 191 3808 Neu
225 3745 343 3811 frustra
378 3747 515 3811 fortasse
552 3766 613 3810 nou
646 3748 725 3812 satis
757 3745 820 3811 fuit
852 3749 888 3812 ut
921 3746 1040 3812 diceret
1075 3767 1179 3812 murs
1218 3749 1275 3811 aut

81 3850 318 3927 uiufernus
352 3852 409 3918 sed
441 3855 612 3935 utrumque
641 3853 761 3919 dietum
792 3857 856 3918 est:
892 3873 977 3918 mors
1006 3856 1134 3937 propter
1160 3853 1271 3931 bunos,

127 3957 181 4038 qui
201 3959 419 4026 tautummodo
442 3965 576 4026 mortem
599 3961 721 4044 perpeti
746 3964 928 4043 potueruut,
956 3979 1016 4024 neu
1042 3963 1075 4024 et
1097 3959 1271 4034 infernum3

217 4187 325 4242 12001.
346 4188 370 4252 3,
390 4187 407 4242 3
464 4189 497 4241 14
514 4187 564 4242 Mt.
584 4187 609 4248 8,
628 4187 664 4241 22
720 4189 752 4242 16
771 4186 849 4242 Rom.
869 4189 894 4250 8,
916 4188 949 4241 10

166 4308 333 4382 2eribuit9
403 4314 433 4366 11
454 4311 523 4366 iisv
602 4312 635 4366 14
654 4311 813 4380 sepelliree
887 4312 919 4365 19
938 4312 1064 4365 uiueree
1135 4311 1163 4363 iu
1184 4310 1272 4363 onub

128 4395 166 4450 26
184 4399 281 4457 exibuit
298 4417 313 4457 e
366 4403 401 4456 29
421 4417 492 4455 mors
510 4416 597 4469 usque
616 4399 655 4454 ud
673 4401 776 4454 dictum
796 4399 887 4453 estin
906 4417 991 4470 muru.
1009 4417 1027 4470 9
