3192 4959
335 437 386 489 De
414 435 588 489 ciuitate
617 434 678 488 dei
705 433 771 488 lib.
798 433 885 489 XXII.
915 451 989 504 cap.
1016 435 1058 488 19.
1085 434 1128 487 20.
1243 435 1305 499 631

156 627 290 714 &opacis
318 630 437 696 Graece
463 630 593 706 dicitur,
622 629 707 712 quod
733 629 835 694 nostri
857 629 1045 710 interpretes
1069 628 1178 692 Latine
1203 627 1307 692 dicere

157 755 221 801 non
252 740 397 802 ualentes
424 737 456 801 iu
484 737 565 802 libro
593 755 746 819 geneseos
775 735 962 802 caecitatem
989 735 1188 818 interpretati
1221 737 1305 802 sunt.

155 844 248 908 Hanc
271 843 354 908 enim
383 847 458 908 sunt
485 842 573 927 passi
602 841 795 918 sodomitae,
825 841 948 924 quando
973 841 1165 923 quaerebant
1188 839 1307 904 ostium

156 948 237 1013 iusti
259 950 320 1014 uiri
343 968 401 1014 nec
424 951 570 1031 poterant
592 949 743 1013 inuenire.
768 944 856 1026 Quae
881 949 908 1012 si
934 947 1071 1012 caecitas
1094 947 1219 1022 fuisset,
1245 965 1308 1028 qua

125 1057 194 1120 stit
220 1061 260 1124 ut
280 1055 361 1121 nihil
387 1057 492 1138 possit
515 1056 627 1131 uideri,
656 1075 718 1120 non
743 1056 863 1121 ostium
887 1075 950 1138 qua
972 1053 1221 1138 ingrederentur,
1251 1052 1305 1118 sed

157 1164 256 1228 duces
276 1162 400 1228 itineris
424 1183 443 1226 a
466 1163 582 1246 quibus
605 1163 679 1227 inde
703 1163 944 1239 abducerentur,
967 1161 1172 1244 inquirerent.

202 1269 320 1336 Nescio
353 1289 416 1354 quo
448 1274 555 1335 antem
588 1271 681 1335 modo
714 1272 760 1334 sic
798 1268 964 1334 adficimur
996 1286 1101 1333 amore
1132 1270 1305 1349 martyrum

156 1379 335 1455 beatorum,
370 1380 408 1442 ut
444 1377 582 1441 uelimus
620 1377 652 1440 in
683 1377 739 1440 illo
772 1394 870 1459 regno
907 1375 939 1440 in
977 1393 1087 1439 eorum
1124 1372 1307 1456 corporibus

157 1483 265 1548 uidere
294 1483 463 1548 uulnerum
488 1483 664 1558 cicatrices,
695 1502 775 1566 quae
798 1501 854 1566 pro
880 1481 996 1547 Christi
1021 1481 1146 1546 nomine
1169 1480 1307 1562 pertule-

113 1617 138 1656 re
157 1593 248 1664 runt3
273 1595 306 1654 et
327 1591 463 1655 fortasse
487 1589 680 1654 uidebimus.
703 1589 774 1655 Non
798 1589 882 1653 enim
907 1587 1090 1652 deformitas
1113 1587 1145 1650 in
1170 1587 1226 1662 eis,
1251 1583 1307 1648 sed

158 1697 297 1782 dignitas
322 1697 391 1777 erit,
415 1701 448 1760 et
476 1697 642 1779 quaedam,
670 1696 818 1779 quamuis
846 1697 877 1759 in
902 1714 1042 1778 corpore,
1070 1713 1131 1758 non
1156 1692 1305 1775 corporis,

158 1804 214 1869 sed
245 1804 377 1867 uirtutis
403 1803 608 1886 pulchritudo
632 1802 780 1887 fulgebit.
813 1801 880 1866 Nec
907 1802 979 1866 ideo
1007 1805 1112 1865 tamen
1142 1799 1169 1865 si
1201 1800 1308 1882 aliqua

157 1911 350 1994 martyribus
374 1913 538 1993 amputata
562 1913 595 1974 et
617 1909 723 1974 ablata
746 1912 822 1973 sunt
846 1908 995 1984 membra,
1021 1908 1088 1971 sine
1111 1907 1190 1989 ipsis
1209 1925 1307 1970 mern-

157 2018 223 2081 bris
256 2021 349 2082 erunt
379 2017 411 2080 in
438 2017 669 2082 resurrectione
698 2019 908 2090 mortuorum,
942 2015 1057 2097 quibus
1086 2013 1207 2078 dictum
1240 2017 1305 2077 est:

112 2150 137 2190 rs
158 2123 345 2206 Capillus
373 2123 527 2205 capitis
550 2122 683 2188 uestri
706 2142 780 2187 non
804 2121 967 2204 peribit
996 2119 1058 2186 Sed
1082 2122 1109 2184 si
1133 2121 1194 2184 hoc
1218 2119 1307 2184 dece-

155 2231 205 2295 bit
230 2230 264 2294 in
286 2230 343 2294 illo
366 2248 451 2295 nouo
476 2229 614 2305 saeculo,
642 2232 681 2293 ut
702 2228 820 2294 indicia
847 2229 1059 2312 gloriosorum
1083 2228 1251 2292 uulnerum
1273 2226 1305 2289 in

154 2336 212 2401 illa
234 2337 395 2402 inmortali
418 2355 510 2401 carne
533 2339 708 2414 cernantur,
732 2336 788 2399 ubi
812 2335 963 2412 membra,
989 2337 1026 2397 ut
1042 2333 1306 2417 praeciderentur,
1384 2340 1387 2347 '

154 2462 311 2526 percussa
341 2443 395 2508 uel
427 2446 516 2509 secta
547 2446 633 2520 sunt,
669 2443 715 2507 ibi
747 2442 922 2519 cicatrices,
961 2441 1016 2506 sed
1048 2445 1154 2506 tamen
1188 2439 1306 2504 eisdem

155 2549 309 2615 membris
336 2549 482 2627 redditis,
513 2568 575 2614 non
602 2548 747 2632 perditis,
772 2548 977 2633 apparebunt.
1011 2546 1167 2627 Quamuis
1199 2547 1306 2628 itaque

110 2682 138 2722 ro
156 2658 265 2722 omnia
288 2675 369 2739 quae
393 2655 578 2721 acciderunt
601 2655 724 2738 corpori
746 2656 827 2719 uitio
849 2659 924 2720 tunc
944 2675 1005 2720 non
1026 2657 1127 2732 erunt,
1151 2671 1212 2717 non
1232 2655 1307 2717 sunt

155 2767 265 2828 tamen
289 2761 469 2845 deputanda
491 2762 545 2827 uel
568 2762 756 2844 appellanda
777 2763 859 2826 uitia
880 2761 1010 2826 uirtutis
1034 2759 1157 2826 indicia.

617 2954 756 3021 CAPUT
779 2955 849 3018 XX.

156 3096 273 3177 Quod
304 3097 342 3161 in
375 3097 685 3162 resurrectione
717 3101 966 3162 mortuorum
999 3099 1144 3160 natura
1173 3113 1307 3179 corpo-

111 3225 137 3258 ra
155 3223 239 3268 rum
273 3203 537 3286 quibuslibet
563 3203 693 3268 modis
718 3203 1014 3285 dissipatorum
1038 3201 1077 3266 in
1100 3201 1305 3285 integrum

423 3310 699 3392 undecumque
722 3309 952 3374 reuocanda
976 3308 1042 3374 sit.

202 3453 298 3518 Absit
321 3457 438 3529 autem,
463 3455 501 3518 ut
523 3453 562 3517 ad
585 3452 807 3518 resuscitanda
830 3472 961 3536 corpora
979 3452 1129 3533 uitaeque
1149 3449 1307 3514 reddenda

156 3581 219 3625 non
253 3559 356 3642 possit
384 3559 612 3642 omnipotentis
640 3560 796 3625 Creatoris
826 3560 930 3624 omnia
956 3577 1115 3632 reuocare,
1146 3575 1226 3638 quae
1253 3557 1307 3621 uel

249 3807 266 3861 3
286 3804 353 3860 Gen.
374 3807 416 3874 19,
437 3806 467 3859 11
527 3809 559 3860 15
578 3805 624 3860 Lc.
644 3806 688 3870 21,
709 3805 742 3860 18

198 3983 348 4047 laurasia,
365 3981 398 4035 irc
414 3998 499 4050 mcrp.
520 3980 553 4034 ul
570 3982 702 4048 orasia,p
793 3979 902 4048 3passi
921 3981 985 4033 sunt
1004 3979 1044 4034 bo
1151 3977 1306 4031 hostiumb

159 4073 262 4142 equis
280 4070 339 4125 sib
393 4069 491 4124 fuisset
510 4071 627 4124 caecitas
645 4069 744 4124 Domb.
808 4085 862 4136 qua
880 4067 903 4122 si
922 4071 953 4121 ut
971 4066 1090 4122 nichilb
1144 4069 1307 4137 bpossetp

157 4177 213 4233 qua
231 4159 310 4230 o¹eq
327 4159 440 4223 Domb.,·
460 4167 513 4227 quo
533 4159 643 4227 clbpv
711 4159 727 4212 6
742 4164 808 4227 post
826 4157 993 4227 inquirerent
1010 4158 1043 4212 in
1061 4173 1075 4211 e
1092 4160 1202 4211 ecstunt
1219 4155 1306 4208 uerbo

156 4268 193 4305 m,
213 4252 233 4302 2
251 4248 356 4303 lineola
375 4248 465 4303 Metu
483 4249 536 4302 hue
555 4265 650 4318 usq;p
670 4251 761 4302 uetere
781 4257 825 4302 ent
863 4249 877 4300 7
896 4247 987 4301 nescio
1007 4245 1079 4316 quod
1098 4263 1151 4316 quo
1171 4249 1260 4300 autem
1276 4245 1306 4311 b;

157 4340 251 4394 nescio
270 4342 361 4392 antem
380 4353 497 4407 quonam
515 4355 535 4407 p
589 4338 606 4392 9
625 4353 693 4406 quas
712 4335 738 4390 οἳ
793 4337 826 4390 15
846 4338 931 4390 uestri
950 4351 1001 4390 om.
1020 4353 1039 4403 p
