3192 4959
298 373 362 435 248
643 371 669 423 S.
698 369 856 423 Aurelii
885 370 1102 439 Augustini

300 585 368 647 ego
405 584 517 646 opere
553 584 632 629 mea
668 566 760 649 regi.
798 566 945 650 Lingua
981 586 1062 629 mea
1100 567 1268 630 calamus
1303 566 1448 630 scribae

300 671 490 736 uelociter
509 652 725 736 scribentis,
745 670 953 753 Speciosus
972 673 1090 735 forma
1112 690 1198 753 prae
1218 672 1319 735 liliis
1339 672 1448 737 homi-

301 798 399 853 num;
425 778 570 843 diffusa
593 781 652 843 est
675 780 800 862 gratia
823 779 858 842 in
876 768 1102 855 labiis'tuis,
1127 783 1329 861 propterea
1347 779 1449 843 hene-

301 883 399 947 dinit
440 889 476 948 te
513 884 613 949 Deus
655 884 692 949 in
729 888 933 950 aeternum.
972 886 1179 969 Accingere
1218 885 1349 968 gladio
1386 890 1447 950 tuo

299 992 404 1055 circa
427 992 557 1065 femur,
582 992 850 1073 potentissime
875 991 1001 1074 specie
1026 995 1090 1057 tua
1110 996 1146 1056 et
1164 992 1448 1074 pulchritudine
1475 1014 1486 1054 a

301 1101 376 1167 tua.
407 1101 442 1161 et
470 1097 622 1161 intende
648 1103 683 1162 et
705 1117 886 1180 prospere
915 1097 1074 1179 procede
1100 1101 1136 1161 et
1158 1117 1275 1181 regna
1299 1104 1449 1181 propter

302 1205 506 1269 ueritatem
531 1210 567 1269 et
590 1205 919 1269 mansuetudinem
944 1208 981 1268 et
1003 1205 1204 1280 iustitiam,
1230 1210 1267 1268 et
1290 1205 1449 1269 deducet

302 1315 338 1374 te
380 1311 612 1376 mirabiliter
654 1312 805 1375 dextera
846 1315 921 1375 tna.
965 1309 1138 1393 Sagittae
1180 1314 1268 1375 tuae
1306 1318 1446 1387 acutae,

206 1480 209 1485 .
301 1419 594 1499 potentissimae
622 1418 767 1500 (populi
797 1417 863 1480 sub
893 1419 928 1480 te
958 1416 1106 1495 cadent)
1134 1416 1170 1479 in
1195 1417 1309 1482 corda
1331 1418 1446 1481 inimi·

303 1544 429 1589 corum
453 1525 563 1607 regis.
589 1524 703 1589 Sedes
728 1528 804 1600 tua,
830 1524 940 1600 Deus,
965 1524 999 1586 in
1026 1523 1177 1587 saecula
1200 1524 1447 1601 saeculorum,
1467 1546 1486 1583 a

302 1630 413 1715 uirga
438 1631 663 1695 directionis
687 1632 796 1714 uirga
823 1630 928 1712 regni
956 1630 1020 1694 tui
1046 1629 1227 1695 Dilexisti
1254 1631 1446 1695 iustitiam

303 1742 340 1800 et
359 1737 442 1801 odio
463 1738 632 1801 habuisti
653 1738 912 1819 iniquitatem;
938 1740 1137 1819 propterea
1154 1737 1262 1800 unxit
1282 1740 1318 1801 te
1337 1738 1445 1811 Deus,

302 1843 404 1907 Deus
437 1847 527 1909 tuus
560 1844 641 1909 oleo
676 1843 926 1909 exultationis
959 1862 1045 1927 prae
1073 1843 1332 1927 participibus
1360 1842 1445 1908 tuis.

303 1950 457 2033 Myrrha
485 1955 521 2015 et
548 1955 658 2034 gutta
682 1954 720 2016 et
742 1952 846 2015 casia
874 1970 892 2015 a
914 1951 1158 2017 uestimentis
1182 1950 1272 2027 tuis,
1297 1970 1315 2015 a
1338 1950 1445 2015 domi-

303 2057 372 2121 bus
393 2059 584 2135 eburneis;
606 2078 645 2123 ex
666 2059 804 2141 quibua
823 2061 860 2123 te
880 2058 1299 2123 delectaueruntfiliae
1319 2076 1483 2141 regumn

303 2164 340 2227 in
368 2165 506 2229 honore
534 2167 608 2231 tuo.
640 2164 720 2244 Quis
747 2184 809 2229 non
833 2165 886 2228 hic
911 2164 1083 2241 Christum,
1113 2184 1207 2245 quem
1230 2164 1444 2246 praedicemus

304 2274 336 2334 et
366 2271 398 2334 in
431 2290 526 2353 quem
559 2272 727 2349 credimus,
761 2272 937 2354 quamlibet
970 2272 1012 2335 sit
1035 2272 1155 2351 tardus,
1184 2275 1348 2354 agnoscat,
1377 2289 1442 2333 curn

304 2376 412 2441 audiat
447 2377 562 2456 Deum,
601 2379 692 2442 cuius
730 2378 822 2443 sedes
861 2381 913 2443 est.
946 2378 977 2441 in
1015 2378 1142 2442 saecula
1175 2378 1385 2453 saeculorum,
1417 2380 1445 2438 et

304 2486 439 2549 unctum
472 2504 489 2548 a
517 2484 596 2561 Deo,
629 2486 739 2567 utique
768 2486 854 2549 sicut
881 2484 997 2567 unguit
1020 2484 1117 2560 Deus,
1150 2502 1211 2547 non
1239 2482 1373 2558 risibili,
1396 2480 1446 2546 sed

305 2590 442 2672 spiritali
465 2591 568 2672 adque
594 2591 797 2676 intellegibili
826 2591 1016 2655 chrismate?
1051 2586 1130 2667 Quia
1159 2588 1243 2653 enirn
1270 2592 1337 2653 tam
1364 2588 1445 2652 rudis
1461 2610 1482 2649 a

305 2700 355 2761 est
385 2697 417 2761 in
449 2698 508 2762 hac
540 2698 692 2781 religione
724 2698 777 2763 uel
809 2702 875 2761 tam
905 2697 1020 2762 surdus
1054 2696 1208 2761 aduersus
1237 2696 1307 2760 eius
1336 2696 1445 2760 fernam

304 2804 398 2887 longe
426 2805 553 2887 lateque
577 2804 735 2881 diffusam,
764 2810 801 2868 ut
825 2802 988 2868 Christum
1012 2822 1030 2867 a
1053 2802 1234 2880 chrismate,
1258 2803 1319 2867 hoc
1343 2805 1391 2867 est
1412 2800 1445 2863 ab

305 2910 454 2975 unctione
487 2910 681 2993 appellatum
713 2930 783 2975 esse
816 2929 878 2974 non
910 2910 1056 2974 nouerit?
1088 2909 1205 2993 Agnito
1238 2912 1346 2973 autem
1378 2926 1445 2991 rege

307 3016 443 3093 Christo,
471 3017 534 3080 ianr
563 3020 676 3094 cetera,
707 3036 786 3098 quae
814 3018 866 3081 hic
894 3016 1015 3100 tropice
1044 3016 1129 3080 dicta
1157 3018 1242 3094 sunt,
1272 3035 1334 3099 quo
1358 3014 1444 3080 modo

307 3123 350 3187 sit
373 3124 538 3205 speciosus
561 3124 663 3189 forma
684 3144 759 3208 prae
781 3124 856 3188 filiis
881 3124 1055 3202 hominum,
1081 3122 1214 3205 quadani
1238 3125 1326 3189 tant-o
1351 3122 1444 3206 magis
1460 3143 1480 3181 n

347 3388 359 3441 1
382 3404 431 3455 ego
451 3403 502 3440 om.
522 3404 536 3441 c
608 3386 927 3455 calamus,.acribentie]
948 3385 1065 3439 calamus
1085 3388 1114 3438 et
1131 3384 1183 3454 rlq.
1204 3384 1219 3437 b
1280 3386 1350 3439 2-4
1368 3384 1444 3437 forma

309 3480 338 3529 ct
356 3476 430 3544 relq.‚
445 3476 552 3529 omissis
565 3476 656 3529 umbre
670 3492 754 3543 usque
767 3476 806 3528 ad
820 3481 957 3531 aeternum
975 3474 991 3527 l.
1008 3476 1033 3535 4,
1049 3474 1064 3526 b
1119 3476 1136 3528 4
1150 3472 1242 3541 gladio
1261 3476 1309 3526 tuo
1330 3469 1442 3549 a¹9pp¹‚·

309 3565 429 3633 gladium
448 3568 525 3617 tuum
546 3563 651 3617 a²bcv
669 3564 768 3617 Domh.
835 3568 850 3617 5
870 3564 987 3632 speciem
1006 3566 1081 3615 tnarn
1102 3565 1130 3615 et
1148 3562 1199 3630 rlq.
1219 3562 1326 3615 emises
1342 3574 1441 3629 sequer-

309 3654 383 3706 tibus
400 3669 485 3721 aerque
503 3654 542 3706 ad
559 3669 643 3721 regna
657 3654 674 3706 l.
692 3653 748 3714 6‚h
786 3654 802 3705 6
823 3656 851 3705 et
868 3651 979 3705 intende
1000 3652 1028 3704 a¹
1038 3668 1055 3719 p
1061 3668 1107 3720 pp
1126 3650 1240 3715 Domh.,·
1260 3653 1288 3702 et
1305 3666 1355 3703 om.
1374 3646 1440 3701 a²eu

309 3745 338 3795 et
356 3758 482 3810 prospere
501 3758 572 3810 app
585 3758 615 3808 α;
634 3746 662 3795 et
680 3759 731 3796 om.
750 3758 788 3795 ec
806 3742 906 3795 Domb.
992 3744 1020 3792 et
1038 3739 1153 3809 procede
1174 3756 1192 3792 a
1276 3742 1363 3808 propt.
1380 3736 1440 3789 ueri·

309 3833 395 3884 tatem
414 3835 443 3883 et
460 3831 512 3899 rlq.
533 3847 584 3884 om.
598 3848 653 3899 sqq.
668 3848 753 3899 usque
767 3830 807 3883 ud
821 3830 930 3883 dextere
945 3832 993 3882 tue
1008 3830 1024 3885 l.
1037 3829 1091 3891 ab
1128 3830 1144 3881 9
1163 3828 1366 3898 potentissimae
1379 3840 1441 3894 epe:

310 3919 499 3989 potentissime
524 3938 542 3972 a
553 3920 596 3987 hp
607 3938 620 3989 p
632 3939 649 3969 α
657 3920 689 3989 f¹
714 3919 814 3974 Domb.
941 3918 1021 3975 corda
1034 3935 1080 3987 pp
1104 3918 1217 3984 Domb.‚·
1240 3916 1319 3970 corde
1338 3915 1440 3982 aleos

311 4010 345 4063 10
364 4009 501 4063 saeculum
520 4010 621 4063 saeculi
641 4026 658 4059 α
712 4009 850 4063 saeculnm
869 4012 896 4061 et
914 4008 958 4077 rlq
977 4023 1028 4061 om.
1047 4022 1102 4075 sqq.
1121 4024 1206 4074 usquc
1224 4006 1264 4060 ad
1279 4007 1321 4061 tui
1339 4006 1356 4058 l.
1375 4000 1438 4065 11‚b

313 4100 343 4152 ll
364 4098 531 4167 directionis]
552 4098 699 4166 aequitatis
719 4115 736 4147 α
792 4098 824 4150 12
845 4096 928 4150 odisti
943 4095 1052 4156 abas
1113 4094 1196 4149 odisti
1215 4098 1243 4149 et
1261 4094 1314 4164 rlq.
1333 4109 1379 4147 om.
1391 4106 1438 4157 sqq.

309 4203 394 4254 uequc
413 4187 452 4239 ad
470 4188 564 4255 partic.
584 4188 685 4248 trial)
760 4188 792 4241 13
812 4187 901 4240 oleum
921 4204 938 4235 α
1027 4185 1176 4256 particibus
1195 4183 1245 4253 0¹9
1322 4184 1353 4235 14
1370 4182 1438 4249 gnra

311 4278 339 4327 et
356 4275 409 4343 rlq.
428 4292 479 4327 om.
497 4291 553 4343 sqq.
572 4292 657 4343 resque
676 4276 715 4328 ad
732 4280 779 4328 tuo
801 4276 817 4327 l.
839 4274 917 4337 16,b
1009 4275 1095 4327 cassia
1113 4290 1152 4343 cp
1225 4270 1437 4326 reuerentes
