3192 4959
318 470 383 532 564
670 465 697 518 S.
725 465 881 518 Aurelii
910 464 1127 532 Augustini

318 662 492 726 clamarent
513 661 595 725 illud
613 661 645 724 in
664 661 803 741 psalmo:
830 657 944 738 Quam
970 659 1088 722 multa
1111 658 1320 724 multitudo
1346 657 1446 719 dulce-

319 769 421 832 dinis
450 772 547 845 tuae,
572 767 740 844 Domine,
765 781 871 848 quam
902 765 1140 830 abscondisti
1168 764 1391 829 timentibus
1410 764 1446 824 te.

317 874 520 956 perfecisti
557 878 682 937 autem
720 873 974 955 sperantibus,
1012 893 1072 936 nou
1106 873 1138 936 iu
1172 891 1216 947 se,
1251 871 1308 936 sed
1344 871 1378 934 in
1408 869 1446 931 te!

318 979 468 1045 Omnium
500 980 608 1062 itaque
640 980 809 1044 miseretur
841 999 990 1044 uasorum
1025 978 1270 1044 misericordiae.
1304 975 1385 1056 Quid
1411 977 1449 1038 est

319 1088 482 1151 omnium?
506 1088 547 1151 Et
571 1105 680 1150 eorum
704 1087 830 1151 scilicet
854 1105 933 1168 quos
958 1107 993 1150 er
1018 1087 1178 1170 gentibus,
1200 1089 1232 1149 et
1255 1105 1364 1150 eorum
1387 1095 1480 1165 quosa

320 1213 355 1257 er
378 1193 505 1258 Iudaeis
529 1193 781 1274 praedestinarat
802 1192 943 1271 uocauit,
967 1192 1159 1256 iustificauit
1181 1191 1382 1276 glorificauit,
1402 1207 1448 1252 nor

318 1302 483 1366 homiuum
508 1301 659 1376 omnium,
680 1301 735 1364 sed
754 1299 889 1364 istorum
909 1301 1050 1364 omnium
1069 1301 1227 1364 neminem
1248 1297 1448 1362 damnaturus.

767 1512 904 1576 CAPUT
927 1511 1024 1576 XXV.

318 1654 370 1717 hu
404 1652 450 1729 hi,
485 1651 546 1734 qui
580 1652 685 1725 inter¹
710 1653 924 1717 haereticos
960 1651 1145 1734 baptizati
1179 1655 1267 1716 sunt
1300 1655 1338 1716 et
1371 1651 1450 1714 dete·

319 1759 437 1822 riores
474 1762 607 1841 postea
638 1760 733 1822 male
766 1760 931 1824 uiuendo
965 1763 1052 1824 sunt
1085 1760 1189 1834 facti,
1223 1758 1286 1824 uel
1319 1758 1366 1834 hi,
1401 1755 1482 1838 quir

320 1866 411 1947 aput
448 1866 660 1929 catholicos
702 1867 824 1930 renati
862 1866 904 1930 ad
942 1867 1117 1931 haereses
1156 1868 1221 1930 aut
1260 1865 1450 1929 schismata

319 1973 565 2047 transierunt,
594 1973 657 2035 uel
681 1971 728 2048 hi,
754 1973 817 2055 qui
841 1993 859 2036 a
883 1973 1087 2037 catholicis
1113 1976 1203 2056 aput
1227 1991 1321 2054 quos
1346 1966 1450 2034 renati

320 2083 407 2144 sunl
442 2098 512 2143 non
544 2079 766 2144 recedentes
800 2080 1001 2145 criminose
1034 2081 1166 2144 uiuere
1199 2077 1451 2162 perstiterunt.

319 2186 470 2267 possint
484 2186 691 2269 priuilegio
707 2191 1027 2252 sacramentorum
1042 2187 1305 2251 remissionem
1322 2179 1450 2249 aeterni

709 2312 860 2374 sperare
885 2294 1078 2377 supplicii.
1467 2311 1483 2344 ιι

366 2433 428 2499 Sed
455 2434 519 2498 iam
547 2433 794 2516 respondeamus
824 2435 918 2499 etiam
943 2435 1019 2512 illis,
1048 2435 1103 2516 qui
1127 2454 1187 2499 non
1213 2436 1318 2500 solum
1342 2432 1451 2498 diabolo

321 2542 353 2604 et
380 2540 500 2624 angelis
529 2541 608 2616 eius,
637 2540 722 2604 sicut
744 2559 802 2605 nec
829 2541 895 2619 isti,
924 2543 1041 2605 sedne
1065 2541 1144 2622 ipsis
1169 2541 1298 2624 quidem
1322 2541 1450 2605 omnihus

318 2647 500 2711 hominibus
531 2646 750 2711 liberationem
784 2647 824 2711 ab
858 2651 983 2713 aeterno
1016 2649 1089 2732 igne
1122 2649 1323 2731 promittunt,
1357 2665 1451 2710 uerum

321 2753 365 2817 eis
388 2759 524 2832 tautum,
554 2755 609 2836 qui
633 2753 751 2818 Christi
775 2755 969 2836 baptismate
998 2755 1098 2818 abluti
1123 2758 1155 2819 at
1178 2756 1318 2837 corporis
1342 2755 1404 2818 eius
1426 2757 1450 2814 et

319 2860 484 2943 sanguinis
507 2861 676 2943 participes
701 2861 777 2924 faeti
803 2865 887 2937 sunt,
908 2862 1147 2943 quomodolibet
1170 2863 1315 2936 uixerint,
1337 2862 1367 2925 iu
1389 2878 1450 2941 qua·
1465 2871 1484 2910 a

321 2985 456 3049 cumque
493 2968 615 3031 haeresi
653 2967 705 3031 uel
743 2968 894 3050 inpietate
932 2967 1060 3032 fuerint.
1098 2967 1160 3032 Sed
1198 2968 1383 3034 contradicit
1414 2966 1450 3029 eis

320 3075 484 3155 apostolus
518 3073 639 3137 dicens:
673 3074 877 3138 Manifesta
910 3081 1033 3138 autam
1067 3078 1155 3139 sunt
1190 3095 1300 3158 opera
1331 3073 1448 3143 caruis,

321 3199 414 3262 quae
443 3182 531 3243 sunt
558 3180 772 3259 fornicatio,
810 3181 1049 3258 inmunditia,
1084 3183 1244 3260 luxuria,
1278 3181 1448 3246 idolorum

322 3287 499 3364 seruitus
533 3287 734 3363 ueneficia,
767 3287 1008 3366 inimicitiae,
1042 3289 1318 3367 contentiones,
1350 3303 1449 3352 aemu-

320 3392 496 3471 lationes,
531 3395 807 3474 animositates,
841 3394 1112 3474 dissensiones,
1149 3396 1337 3473 haereses,
1371 3390 1483 3456 isui-s

413 3710 424 3761 l
445 3707 490 3761 Ps.
510 3709 553 3771 30,
573 3709 607 3762 20
662 3709 697 3762 22
718 3708 777 3762 Gal.
797 3711 822 3772 5,
844 3710 876 3762 19
896 3727 955 3779 sqq.

359 3885 499 3954 lmagna,
519 3886 551 3937 in
569 3903 653 3954 rraorp.
673 3886 803 3947 multae
843 3887 1064 3940 2metuentibua
1083 3905 1124 3940 ea
1163 3887 1243 3940 4est
1261 3887 1345 3941 caah
1382 3881 1447 3948 δεῖ]

322 3973 384 4026 etb
458 3979 486 4027 et
504 3975 634 4027 lrorumb
716 3977 782 4029 det
800 3977 945 4030 uocauitb
1019 3976 1130 4046 glorific.
1150 3976 1236 4030 oreb
1315 3972 1446 4029 loruuiuur

321 4059 551 4117 hominumabo
615 4062 786 4133 9Anipf
846 4063 879 4117 10
899 4063 1152 4134 suntiactips5f.
1172 4081 1193 4118 s.
1210 4081 1282 4133 pqe
1347 4061 1446 4127 llapu

322 4165 373 4203 om.
391 4151 436 4220 pf
539 4153 668 4205 scismata
684 4153 730 4222 ps
823 4154 854 4206 14
875 4155 1021 4222 aeternas
1109 4157 1140 4208 15
1160 4155 1287 4225 supplicii
1305 4157 1445 4223 salpemrep

324 4274 356 4328 16
376 4241 468 4340 solda
521 4275 556 4328 23
575 4276 679 4330 luxoria
695 4294 714 4346 9
777 4279 812 4332 24
832 4279 1027 4333 aemolatiouea
1043 4296 1074 4348 p;
1093 4297 1177 4334 ome
1230 4281 1265 4335 25
1285 4276 1443 4332 dissenciones

322 4361 361 4427 οξ·
382 4361 564 4417 dissensiones
580 4381 599 4434 p
