3192 4959
367 467 419 521 De
447 468 620 524 ciuitate
649 469 710 524 dei
737 471 801 526 lib.
829 471 899 526 XVL
928 487 1004 542 cap.
1032 471 1057 526 3.
1226 474 1291 540 129

137 663 203 728 Iste
230 681 323 745 porro
353 661 452 740 Chus,
483 667 572 745 pater
604 663 743 749 gigantis
770 664 925 744 Nebrotb,
958 665 1081 749 primus
1108 667 1290 732 nominatus

138 774 188 834 est
215 769 247 834 in
275 768 352 834 filiis
381 769 491 845 Cheru,
521 769 611 836 euius
640 771 779 853 quinque
808 771 866 836 filii
889 771 953 837 iam
977 773 1102 838 fuerant
1125 774 1290 855 conputati

138 881 170 940 et
197 881 329 960 nepotes
359 876 432 942 duo.
462 875 524 943 Sed
552 878 649 944 istum
679 878 841 962 gigantem
871 881 927 944 aut
954 883 1028 961 post
1056 883 1188 962 nepotes
1212 899 1289 946 suos

137 987 229 1049 natos
248 984 369 1067 genuit,
390 986 454 1060 aut,
475 983 560 1067 quod
579 989 629 1049 est
648 983 845 1064 credibilius,
864 1003 1009 1050 seorsum
1028 984 1067 1050 de
1085 986 1141 1050 illo
1161 991 1290 1070 propter

107 1090 206 1154 seius
231 1091 435 1155 eminentiam
460 1091 616 1176 scriptura
638 1091 747 1156 locuta
777 1095 839 1168 aat;
871 1091 996 1173 quando
1026 1091 1153 1174 quidem
1183 1098 1215 1159 et
1242 1113 1289 1160 re

137 1215 235 1279 gnum
259 1195 330 1259 eius
354 1200 637 1262 commemoratum
660 1199 720 1273 est,
740 1197 833 1262 cuius
851 1197 979 1262 initium
999 1201 1065 1262 erat
1082 1198 1140 1263 illa
1156 1199 1289 1265 nobilis·

137 1303 218 1366 sima
240 1302 385 1386 Babylon
410 1303 535 1379 ciuitas,
560 1307 593 1368 et
616 1322 696 1386 quae
719 1303 809 1380 iuxta
831 1309 1097 1369 commemoratae
1121 1310 1197 1372 sunt
1215 1307 1285 1373 siue

137 1409 285 1473 ciuitates
314 1410 384 1474 siue
412 1411 566 1494 regiones.
595 1407 687 1488 Quod
716 1429 791 1476 uero
822 1410 944 1476 dictum
972 1414 1021 1475 est
1048 1411 1087 1475 de
1115 1417 1198 1478 terra
1220 1413 1287 1490 illa,

136 1513 168 1578 id
191 1519 242 1580 ast
265 1515 304 1580 de
327 1521 412 1580 terra
435 1515 583 1592 sennaar,
608 1535 689 1599 quae
712 1516 892 1598 pertinebat
915 1515 954 1580 ad
977 1535 1111 1602 regnum
1130 1517 1287 1593 Nebroth‚

98 1646 121 1684 ιο
138 1621 238 1688 exisse
265 1625 370 1688 Assur
397 1626 430 1687 et
462 1623 645 1688 aedificasse
673 1623 818 1688 Ninenen
847 1629 880 1688 et
907 1623 985 1688 alias
1014 1643 1094 1705 quas
1125 1624 1288 1690 conteruit

137 1728 296 1806 ciuitates,
329 1731 423 1815 longe
453 1733 565 1812 postea
598 1729 717 1796 factum
751 1733 811 1807 est
844 1729 930 1811 quod
962 1749 998 1794 ex
1029 1729 1089 1795 bac
1122 1732 1287 1796 occasione

136 1835 319 1918 perstrinxit
345 1840 473 1919 propter
499 1835 697 1902 nobilitatem
729 1837 820 1920 regni
842 1835 1058 1920 Assyriorum,
1086 1837 1170 1920 quod
1192 1839 1286 1902 mira-

136 1943 242 2006 biliter
270 1942 422 2008 dilatauit
446 1941 558 2018 Ninus,
588 1943 659 2008 Beli
680 1942 777 2020 filius,
808 1942 951 2008 conditor
972 1941 1116 2008 Niueuae
1144 1944 1269 2010 ciuitati

138 2067 282 2133 magnam
318 2049 410 2115 cuins
444 2049 585 2115 ciuitatis
619 2067 731 2114 nomen
765 2067 802 2114 ex
833 2048 921 2113 illins
951 2049 1078 2114 nomine
1106 2050 1286 2116 deriuatum

101 2179 122 2217 n
139 2159 194 2230 est,
219 2158 258 2221 ut
281 2175 299 2220 a
321 2153 405 2221 Nino
429 2154 552 2220 Nineue
574 2161 752 2222 uocaretur.
776 2155 879 2220 Assur
902 2157 1020 2233 autem,
1044 2156 1127 2222 uude
1150 2158 1285 2240 Assyrii,

139 2279 196 2325 non
229 2260 293 2326 fuit
324 2263 357 2326 in
390 2261 464 2327 filiis
499 2261 609 2338 (iham,
641 2261 740 2326 medii
771 2261 830 2326 filii
862 2261 941 2340 Noe,
971 2261 1028 2328 sed
1055 2262 1086 2326 in
1111 2263 1185 2328 filiis
1211 2263 1285 2329 Sem

139 2367 300 2448 reperitur,
338 2368 392 2450 qui
429 2368 491 2433 fuit
526 2369 595 2434 Noa
634 2369 788 2433 maximus
825 2353 922 2434 filius.
961 2368 1051 2434 Unde
1083 2375 1214 2453 apparet
1245 2369 1284 2434 de

139 2475 283 2557 progenie
323 2473 404 2540 Sem.
434 2481 556 2540 exortos
594 2475 704 2554 fuisse,
743 2476 800 2557 qui
834 2481 948 2556 postea
978 2493 1111 2559 regnum
1144 2476 1283 2560 gigantis

139 2581 222 2646 illius
254 2581 431 2647 obtinerent
463 2585 496 2646 et
523 2581 596 2647 inde
628 2580 836 2663 procederent
867 2581 969 2664 adque
1003 2581 1081 2647 alias
1115 2584 1285 2648 conderent

101 2709 124 2748 ar
142 2686 295 2765 ciuitates,
326 2707 458 2770 quarum
487 2687 589 2770 prima
616 2690 666 2752 est
696 2707 713 2751 a
741 2687 1011 2770 Ninoappellata
1038 2687 1171 2752 Nineue.
1199 2689 1283 2754 Hinc

141 2793 255 2859 reditur
286 2794 327 2859 ad
359 2795 457 2860 alinum
489 2794 590 2860 filium
625 2794 733 2876 Cbam,
767 2794 822 2877 qui
854 2796 1044 2859 uocabatur·
1060 2794 1222 2869 Mesrairn,
1251 2799 1284 2860 et

143 2905 421 2966 commemorantur
449 2921 528 2984 quos
558 2902 677 2986 genuit,
708 2920 768 2965 non
797 2905 961 2982 tamquam
984 2900 1104 2985 singuli
1127 2899 1281 2976 homiues,

144 3005 195 3070 sed
223 3008 364 3073 nationes
393 3012 524 3090 septem.
553 3009 594 3072 ut
622 3007 659 3072 de
688 3011 784 3082 serta,
814 3008 906 3071 uelut
929 3006 968 3071 de
991 3010 1079 3072 sexto
1103 3005 1181 3084 filio,
1206 3026 1282 3092 gene

144 3119 399 3180 commemoratur
426 3113 537 3190 exisse,
567 3133 647 3195 quae
677 3114 854 3197 appellatur
876 3112 1066 3190 Philistiim;
1094 3111 1283 3177 nudabunt

102 3239 127 3278 re
146 3223 217 3284 octo.
240 3219 316 3285 Inde
339 3221 455 3285 iterum
480 3219 519 3284 ad
543 3219 689 3285 Obanaan
713 3220 843 3298 reditur,
867 3219 898 3284 in
924 3238 986 3301 quo
1005 3218 1072 3282 filio
1090 3218 1281 3284 maledictus

146 3325 190 3386 est
210 3325 316 3401 Cham,
342 3329 374 3392 et
397 3346 477 3409 quos
501 3327 611 3410 genuit
633 3326 780 3391 undecim
804 3325 1014 3390 nominantur.
1037 3325 1159 3390 Deinde
1178 3345 1281 3408 usque

145 3429 181 3492 ad
196 3451 271 3513 quos
288 3432 367 3496 fines
386 3433 588 3515 perueneriut
606 3432 861 3496 commemoratis
882 3430 1073 3513 quibusdam
1093 3431 1278 3497 ciuitatibus

147 3534 258 3606 dicitur.
283 3540 330 3604 Ac
353 3559 409 3622 per
432 3539 491 3604 boc
514 3539 589 3603 tiliis
613 3537 848 3620 nepotibusque
871 3537 1052 3620 conputatis
1072 3537 1110 3602 de
1130 3539 1280 3622 progenie

147 3640 234 3708 Cbam
256 3646 388 3730 triginta
410 3665 492 3710 uuus
517 3645 615 3730 geniti
638 3643 827 3708 referuntur.

180 3959 343 4028 lprimisV
397 3959 748 4028 2camctar'ceemperb
801 3959 834 4013 10
854 3919 883 4024 οἱ·
902 3957 969 4012 alias
992 3959 1019 4011 V
1072 3960 1104 4014 15
1124 3959 1208 4029 aesyri
1230 3959 1280 4012 Vc

150 4043 178 4095 lt
196 4063 241 4100 noe
264 4065 296 4102 cx
318 4065 397 4102 meae
419 4064 489 4103 corr.
509 4066 524 4102 e
596 4049 628 4102 17
647 4065 713 4106 noe,
736 4054 817 4102 extra
837 4049 902 4120 lira!
922 4049 1054 4102 maximus
1073 4066 1139 4119 noes
1158 4049 1230 4101 filius
1254 4047 1279 4100 V

148 4159 179 4211 ab
194 4163 313 4230 quamV
369 4165 401 4218 21
422 4129 551 4234 nre'yraim
575 4163 610 4230 V,·
629 4163 773 4218 mesrhaim
790 4181 821 4234 9;
840 4164 1032 4218 mesrachime
1090 4165 1125 4218 24
1145 4164 1278 4218 exiissev

147 4247 479 4321 filistimV3fi1isthiim9
569 4253 603 4358 39
624 4252 727 4306 xxxi
748 4269 766 4306 a
851 4270 972 4322 unusp;
990 4269 1071 4306 uuum
1096 4252 1279 4324 Veprpaf

149 4360 195 4432 ibi,
211 4381 241 4421 aa
257 4377 309 4422 unt
327 4384 406 4431 cora,
426 4367 441 4424 b
513 4368 590 4438 genti
609 4369 624 4423 b

177 4487 244 4529 11111111
257 4492 312 4542 Δις.
327 4503 397 4542 opera
411 4491 487 4534 Sentio
502 4493 519 4532 V
536 4503 589 4544 para
604 4493 634 4534 11.
1223 4475 1239 4528 9
