3192 4959
368 468 417 520 De
445 467 622 521 ciuitate
652 467 713 521 dei
740 467 806 521 lib.
835 467 922 522 XXII.
952 486 1026 538 333.
1055 471 1080 524 8.
1233 475 1296 538 609

145 665 273 729 omniuo
297 663 364 728 suis
388 661 480 726 nodis
503 661 707 738 firmissimis,
737 663 822 727 sicut
845 667 921 740 3331,
947 666 1144 747 conperisset
1167 666 1298 732 3131313-

145 775 222 844 tam,
258 768 421 851 crepuisse
458 767 559 848 adque
593 767 760 832 exsiluisse
792 770 923 833 anulum
957 770 1121 852 suspicata
1150 776 1213 845 est:
1242 775 1297 857 qui

146 876 336 958 3113131333
360 893 433 939 cum
456 874 681 956 integerrimus
705 875 1004 952 131333113333133,
1033 877 1159 942 futurae
1184 879 1298 944 salutis

146 982 285 1064 quodam
317 980 412 1045 modo
443 980 562 1064 pignus
591 980 629 1044 de
657 984 746 1045 13313
774 981 929 1047 miraculo
958 1003 992 1046 33
1021 984 1182 1066 333331333
1210 1005 1298 1068 3333-

115 1113 127 1150 s
147 1088 265 1153 sumsit
288 1086 390 1169 31333
414 1086 494 1151 11131
518 1087 684 1151 uinculum
709 1088 838 1152 soluens
863 1089 959 1152 simul
980 1108 1051 1153 cunr
1073 1090 1182 1155 eodem
1203 1095 1295 1158 anulo

146 1194 282 1278 proiecit
312 1195 343 1258 in
378 1193 506 1258 flumen.
538 1194 609 1258 Non
644 1193 772 1259 credaut
804 1195 874 1268 hoc,
908 1196 963 1277 331
996 1197 1092 1261 etiam
1125 1197 1298 1263 Dominum

145 1302 255 1365 Iesum
283 1319 341 1382 per
366 1300 491 1383 integre
517 1299 629 1363 matris
656 1300 827 1383 uirginalia
851 1302 975 1366 enixum
1004 1306 1037 1366 31
1061 1303 1100 1367 31
1124 1303 1299 1387 1133133133

146 1407 241 1471 ostiis
274 1406 393 1470 clausis
424 1407 606 1489 ingressum
634 1406 734 1470 fuisse
764 1426 825 1471 non
855 1409 1003 1481 creduut3
1038 1409 1093 1474 sed
1121 1411 1181 1474 133
1215 1415 1298 1475 certe

147 1517 301 1595 33333331
334 1515 375 1586 31,
409 1513 438 1577 31
470 1531 581 1576 uerum
618 1511 806 1584 inuenerint,
844 1514 901 1578 illa
937 1516 1076 1580 3331331.
1115 1515 1300 1582 Clarissima

102 1645 127 1682 10
146 1619 267 1684 femina
291 1621 351 1694 est,
375 1618 526 1683 nobiliter
548 1622 632 1693 3313,
657 1619 808 1683 nobiliter
830 1622 938 1702 nupia,
960 1621 1142 1705 Carthagini
1161 1622 1297 1698 13111313

147 1726 255 1807 ampla
279 1724 405 1799 ciuitas,
430 1725 536 1807 ampla
558 1743 693 1807 3333333
715 1744 782 1789 rem
807 1729 993 1808 quaerentes
1017 1729 1113 1793 latere
1133 1748 1193 1794 non
1215 1729 1298 1795 sinit.

146 1835 269 1915 Martyr
297 1836 381 1897 certe
408 1833 487 1913 ipse,
522 1851 584 1913 333
612 1833 789 1915 1333133313
817 1835 873 1898 1113
902 1838 1012 1900 333313
1039 1839 1098 1910 331,
1132 1835 1162 1899 13
1197 1835 1296 1900 filiuni

147 1939 363 2021 permanentis
391 1939 527 2022 uirginis
556 1938 707 2006 credidit:
736 1940 767 2002 in
797 1959 880 2016 3333,
910 1942 964 2022 331
992 1943 1084 2006 331113
1113 1942 1231 2008 3133313
1260 1943 1299 2007 31

147 2046 326 2128 1133133133
357 2045 521 2128 ingressus
555 2048 614 2121 331,
652 2045 803 2120 33311111;
840 2051 1013 2128 postremo.
1050 2052 1179 2132 propter
1216 2049 1300 2132 quod

101 2179 125 2216 3
146 2154 256 2218 omnia
277 2154 341 2218 1313
364 2153 513 2216 11333133
536 2171 554 2215 3
577 2153 679 2227 nobis,
699 2153 730 2216 in
751 2172 834 2229 eum,
854 2154 909 2235 qui
933 2154 1097 2220 adscendit
1119 2156 1150 2220 in
1175 2157 1298 2220 caeluni

146 2281 222 2327 cunr
258 2278 359 2334 33133,
386 2260 418 2323 13
453 2278 514 2341 333
541 2263 762 2334 resurrexerat,
797 2259 944 2340 credidit3
980 2267 1012 2324 et
1037 2261 1109 2326 ideo
1142 2281 1199 2346 per
1226 2281 1298 2327 eum

145 2371 240 2431 13313
270 2366 360 2442 1331,
393 2367 469 2447 3313
501 2384 557 2448 pro
589 2366 654 2431 1313
686 2366 747 2429 113
780 2366 917 2430 animam
944 2368 1063 2448 posuit.
1097 2367 1193 2432 Fiunt
1226 2387 1298 2452 ergo

147 2476 247 2540 eliam
282 2493 365 2538 nunc
397 2474 501 2538 multa
532 2474 686 2537 miracula
723 2474 834 2538 eodem
866 2475 933 2539 Deo
967 2475 1100 2539 faciente
1132 2495 1188 2558 per
1219 2495 1299 2558 quos

145 2583 223 2645 3311
247 2584 280 2645 31
303 2599 397 2662 quern
421 2581 460 2644 ad
484 2579 613 2644 modum
637 2580 720 2655 3311,
746 2581 800 2661 331
825 2584 856 2644 31
879 2581 934 2644 1113
954 2600 1033 2661 quae
1052 2581 1189 2662 legimus
1209 2580 1299 2648 iecit:

99 2690 206 2753 33331
239 2689 303 2752 ista
334 2707 391 2752 nec
424 2687 573 2751 similiter
603 2687 808 2752 innotescunt
840 2706 957 2768 neque,
994 2691 1032 2751 31
1063 2706 1123 2751 333
1157 2687 1301 2752 33311331

147 2796 269 2870 animo,
307 2795 397 2876 quasi
435 2797 542 2877 glarea
578 2793 759 2869 memoriae,
798 2794 907 2857 crebra
942 2793 1079 2858 lectione
1117 2795 1299 2859 tunduntur.

146 2903 233 2966 Nam
262 2904 295 2965 et
322 2901 377 2965 ubi
406 2900 570 2984 diligentia
599 2904 659 2971 331,
689 2919 769 2981 3333
797 2919 880 2963 3333
909 2902 1066 2981 3331333
1091 2919 1160 2964 esso
1186 2902 1299 2982 333311,

146 3015 186 3073 31
210 3007 314 3071 libelli
337 3026 456 3082 333331,
476 3007 531 3087 331
550 3006 703 3070 13331313
721 3007 910 3088 percipiunt,
930 3007 1103 3070 recitentur
1120 3006 1150 3070 in
1171 3009 1299 3090 333313,

146 3113 251 3180 semel
278 3113 340 3178 hoc
363 3113 498 3177 audiunt
526 3113 580 3194 qui
604 3113 722 3176 adsunt
744 3113 916 3194 pluresque
944 3130 1006 3176 non
1031 3112 1156 3188 313331,
1185 3117 1222 3176 31
1244 3132 1300 3176 nec

97 3241 126 3280 25
146 3221 209 3301 illi,
239 3220 294 3302 331
323 3219 500 3292 adfuerunt,
533 3223 609 3300 3331
637 3219 760 3300 aliquot
787 3219 854 3282 dies
884 3219 968 3299 quod
996 3217 1164 3282 audierunt
1195 3222 1300 3283 mente

145 3329 309 3392 retineant
332 3330 364 3390 et
387 3327 440 3390 313
464 3326 597 3408 3313333
620 3326 797 3406 reperiatur
814 3325 952 3403 illorum,
977 3325 1031 3406 qui
1056 3323 1096 3401 ei,
1121 3343 1214 3406 quern
1238 3343 1299 3388 non

146 3433 295 3499 adfuisse
318 3433 514 3516 cognouerit,
538 3431 659 3496 indicet
682 3431 766 3514 quod
790 3431 925 3496 audiuit.

194 3541 303 3606 Unum
337 3543 388 3604 est
419 3543 498 3622 3331
529 3557 586 3603 333
619 3539 751 3613 factum,
784 3557 847 3602 non
876 3538 979 3602 maius
1009 3556 1103 3618 quam
1132 3537 1187 3600 illa
1220 3555 1300 3618 quae

145 3647 225 3718 dixi,
261 3645 410 3709 sedtum
438 3645 556 3708 clarum
587 3644 690 3726 adque
719 3642 855 3707 inlustre
884 3643 1083 3712 miraculum.
1113 3646 1150 3706 ut
1177 3641 1300 3705 nullum

186 3893 200 3944 1
228 3890 385 3944 33313333..Ι
414 3887 541 3940 1333313
564 3887 662 3940 Donrb.
754 3889 771 3940 6
795 3885 908 3940 credent
931 3901 1093 3955 aepppu:
1122 3883 1236 3936 credunt
1258 3883 1300 3936 13

145 3991 319 4079 8131113133
339 4029 421 4080 rnarp.
440 3990 548 4074 1331113,
569 4029 582 4065 3
660 4012 692 4064 17
713 4012 830 4064 animans
850 4009 943 4080 posuit
962 4009 1066 4078 31313
1072 4027 1093 4077 p
1105 4026 1162 4073 33,·
1181 4025 1222 4061 an.
1242 4025 1300 4078 pos.

145 4120 227 4158 suam
247 4100 297 4170 e²p
316 4101 414 4155 Domb.
485 4101 517 4152 19
537 4100 583 4168 qui
603 4116 653 4152 om.
672 4117 689 4167 3
756 4100 791 4152 20
812 4097 936 4152 33311331
954 4113 1062 4165 epaon
1082 4095 1213 4150 excedant
1233 4113 1251 4148 3
1259 4111 1300 4164 33

144 4190 267 4256 1133313
285 4188 498 4243 3333113313τὸ
567 4191 600 4242 21
622 4189 725 4258 glarea]
747 4187 854 4259 313331
931 4189 1113 4254 1331331333
1180 4183 1301 4238 233331-

144 4283 231 4352 31331
245 4297 268 4347 p
341 4280 376 4332 24
395 4282 510 4346 333313
609 4278 699 4347 313333
719 4279 765 4347 331
784 4277 814 4343 1,·
833 4277 924 4346 313333
943 4280 1008 4344 313
1080 4275 1115 4328 21
1133 4273 1244 4343 aliquod
1264 4287 1302 4342 33

145 4373 183 4425 26
205 4370 323 4438 3313333
342 4384 420 4432 mss.,·
437 4368 578 4436 quisquam
596 4384 613 4420 3
686 4368 710 4422 ei
730 4367 776 4436 qui
794 4383 849 4418 non
869 4365 885 4418 1

174 4493 261 4534 XXXX
274 4492 335 4541 Aua.
350 4503 420 4542 33333
432 4491 509 4531 Sectlo
524 4491 542 4530 V
556 4502 609 4541 3333
622 4492 653 4530 Il.
1230 4468 1266 4522 39
