3192 4959
317 430 368 483 De
398 429 571 484 ciuitate
600 431 661 485 dei
688 429 753 484 lib.
781 429 853 484 XVI.
883 447 958 501 cap.
989 430 1029 484 la.
1061 432 1102 485 14.
1223 433 1286 496 153

140 640 211 705 que
241 621 333 686 illis
361 624 470 687 Deus
503 643 651 706 eorum,
680 627 723 690 ut
755 627 913 692 exirent
946 626 991 690 de
1025 625 1286 690 habitatione

140 749 209 794 sua
241 733 281 794 et
313 729 424 794 irent
456 729 493 794 iu
527 733 673 795 terram
708 730 906 810 Chauaan,
937 737 975 798 et
1006 733 1100 798 illic
1133 733 1287 798 habita-

139 839 297 912 uerunt,
332 841 365 901 et
398 841 511 916 cetera,
546 856 625 921 quae
658 843 763 904 nanat
794 839 912 905 thior
944 840 1150 905 Ammauites.
1198 841 1287 905 Unde

139 944 343 1008 manifestum
373 947 423 1008 est
451 945 579 1010 domum
609 945 728 1010 Thatae
757 947 1011 1028 persecutionem
1034 966 1162 1029 passam
1185 947 1286 1012 fnisse

112 1071 155 1116 aa
177 1051 349 1116 Chaldaeis
375 1069 430 1133 pro
457 1069 532 1115 uera
556 1051 684 1133 pietate,
710 1071 772 1132 qua
794 1071 878 1117 unus
903 1057 935 1118 et
957 1072 1052 1117 ruerus
1077 1052 1115 1116 ab
1140 1053 1185 1118 ais
1206 1054 1287 1119 cole·

141 1158 233 1222 batur
257 1158 356 1222 Deus.

580 1263 717 1330 CAPUT
742 1265 847 1330 XIIII.

140 1389 188 1454 Dc
222 1389 332 1453 anuis
361 1389 513 1470 Therae,
543 1390 605 1472 qui
637 1389 673 1454 iu
705 1389 844 1456 Charra
877 1391 980 1456 uitae
1015 1409 1104 1455 suae
1137 1395 1285 1472 tempus

625 1497 800 1580 iupleuIt.

103 1639 124 1676 a
181 1622 340 1686 Defuncto
375 1625 481 1686 autem
510 1621 611 1686 Thera
643 1623 674 1686 in
704 1607 948 1706 Mesopotamia,
978 1624 1033 1687 ubi
1065 1622 1184 1688 uixisse
1216 1641 1286 1704 per-

139 1729 264 1792 hibetur
300 1728 453 1794 ducentes
488 1733 520 1793 et
552 1729 691 1812 quinque
729 1749 837 1804 annuos,
871 1729 935 1794 iam
967 1729 1123 1814 incipiunt
1155 1729 1285 1793 iudicari

139 1836 237 1900 factae
253 1835 292 1899 ad
307 1835 465 1898 Abraham
486 1835 712 1934 promissiones
727 1836 797 1913 Dei,
818 1836 902 1919 quod
922 1837 966 1900 ita
986 1837 1139 1920 scriptum
1160 1841 1222 1900 est:
1242 1835 1287 1898 Et

140 1940 293 2005 fuerunt
326 1939 405 2004 dies
438 1939 581 2005 Therae
614 1940 650 2004 iu
685 1941 824 2008 Charra
856 1942 1021 2024 quinqua
1059 1946 1096 2006 et
1132 1939 1285 2006 ducenti

140 2047 231 2120 anni,
263 2049 301 2111 et
328 2051 499 2112 mortuus
530 2051 587 2112 est
615 2049 735 2112 Thera
762 2049 797 2113 in
827 2049 975 2114 Charra.
1014 2047 1083 2113 Non
1109 2049 1155 2114 sic
1179 2051 1285 2112 autem

106 2172 126 2209 1⁵
142 2151 358 2236 accipiendum
387 2158 446 2232 est,
475 2155 565 2236 quasi
594 2173 701 2219 omnes
730 2156 788 2220 hos
819 2157 885 2221 dies
914 2156 957 2219 ibi
986 2155 1095 2238 egerit,
1125 2155 1180 2219 sed
1214 2156 1287 2238 quia

140 2279 246 2325 omnes
273 2260 339 2325 dies
364 2261 449 2325 uitae
474 2280 559 2336 suae,
585 2261 639 2344 qui
662 2263 791 2326 fuerunt
815 2263 888 2326 anni
912 2263 1040 2327 ducenti
1068 2264 1217 2345 quinque,
1241 2262 1285 2326 ibi

140 2367 349 2450 roupieuerit;
374 2365 515 2449 alioquin
540 2367 699 2431 nescietur
723 2371 802 2449 quot
824 2387 921 2433 annos
944 2368 1059 2432 uiuent
1077 2368 1189 2446 Thera,
1210 2387 1285 2450 quo-

140 2474 219 2537 niam
249 2491 311 2538 nou
339 2473 457 2556 legitur
486 2477 583 2555 quoto
613 2493 691 2539 anno
723 2475 809 2539 uitae
833 2494 910 2538 suae
933 2474 964 2540 iu
989 2473 1124 2540 Charrau
1149 2474 1285 2550 ueneu‘t3

140 2585 170 2644 et
196 2579 371 2645 absurdum
401 2584 450 2644 est
478 2581 657 2645 extreman-e
686 2582 717 2645 in
745 2581 809 2644 ista
841 2581 922 2645 serie
955 2581 1203 2665 generationum,
1231 2579 1286 2644 nbi

98 2687 309 2771 indiligenter
337 2691 600 2752 commemoratur
633 2692 711 2769 quot
742 2706 841 2752 annos
874 2689 1008 2771 quisque
1036 2687 1160 2764 uixerit,
1189 2686 1285 2750 huius

140 2793 238 2856 solius
268 2812 433 2856 numerum
462 2811 612 2857 annorum
641 2775 726 2857 uitae
756 2813 816 2857 nou
845 2795 1102 2858 commendatum
1126 2811 1196 2858 esse
1220 2813 1285 2856 me-

139 2900 268 2963 moriae.
293 2897 384 2977 Quod
410 2899 492 2964 euim
517 2899 724 2981 quorundam,
745 2919 825 2982 quos
846 2900 955 2964 eadem
975 2901 1132 2984 scriptura
1150 2918 1285 2964 comme-

140 3010 250 3082 morat,
279 3007 425 3069 tacentur
454 3005 535 3080 anni,
563 3025 624 3069 nou
654 3009 728 3071 sunt
755 3007 787 3070 in
816 3008 875 3070 hoo
905 3008 1021 3081 ordine,
1049 3009 1082 3072 in
1112 3026 1174 3091 quo
1207 3011 1285 3071 teun-

139 3130 249 3193 porum
279 3112 487 3176 dinumeratio
516 3111 699 3177 decessione
728 3113 927 3196 gignentium
952 3117 984 3178 et
1008 3114 1186 3198 genitorum
1216 3133 1285 3177 suc-

100 3237 122 3274 n
140 3218 281 3282 cessione
312 3219 499 3284 contenitur.
538 3220 603 3282 Iste
627 3221 733 3283 autem
760 3219 845 3298 ordo,
871 3219 925 3302 qui
950 3219 1098 3304 dirigitur
1121 3220 1159 3284 ab
1183 3221 1283 3285 Adam

138 3343 240 3407 usque
264 3324 301 3388 ad
321 3323 389 3389 Noe
414 3329 445 3389 et
467 3325 540 3390 inde
563 3345 664 3408 usque
690 3326 729 3390 ad
752 3325 922 3403 Abraham,
947 3328 1014 3391 sine
1038 3347 1167 3392 numero
1192 3347 1284 3391 anno-

139 3451 206 3494 rum
232 3432 316 3496 uitae
341 3451 417 3496 suae
441 3431 596 3496 nemiuem
622 3434 770 3498 continet.

228 3571 260 3624 12
280 3569 347 3624 Gen.
368 3573 410 3638 11,
429 3571 463 3625 32

172 3705 189 3758 2
208 3661 433 3774 habitaIpIIppty
481 3705 497 3760 8
517 3705 544 3758 iu
565 3705 668 3762 Charra
687 3713 712 3760 et
730 3723 794 3761 suae
814 3723 866 3761 om.
876 3725 899 3776 p
951 3708 981 3761 ll
999 3707 1124 3776 indicari]
1144 3708 1230 3762 iucari
1243 3709 1283 3772 e¹;

138 3793 242 3846 incarne
258 3793 285 3861 ,οἳ
393 3793 481 3848 factae
500 3793 535 3848 ad
554 3795 682 3848 abraham
702 3796 863 3866 adregpo,⁸
885 3797 974 3850 factae
994 3796 1028 3850 ad
1048 3797 1175 3850 abraham
1194 3797 1283 3850 factae

140 3882 198 3948 (sid)
224 3881 259 3948 V,·
277 3882 312 3936 ad
330 3881 467 3937 Abraham
486 3883 574 3938 factae
588 3884 688 3938 Domo.
745 3887 778 3939 14
797 3889 827 3938 et
843 3901 896 3940 om.
915 3885 942 3940 V
1009 3886 1090 3940 thara
1106 3903 1183 3951 mas.;
1201 3901 1283 3939 onan

142 3971 171 4024 lI
190 3971 326 4025 nescietur
349 3971 749 4042 VeppDomb.;nesci1etur
768 3975 838 4028 abo
934 3974 1006 4044 quod
1029 3974 1055 4026 V
1142 3974 1170 4027 in
1189 3973 1283 4028 charra

139 4059 243 4113 uixerat
259 4060 337 4131 thare
358 4077 377 4114 a
414 4061 447 4114 18
467 4060 579 4114 charran
598 4061 647 4132 Vq
657 4064 702 4131 fp
723 4063 773 4128 (?);
793 4063 914 4116 charram
930 4079 1009 4128 aeo,·
1030 4062 1111 4116 chara
1123 4080 1160 4130 p;
1179 4062 1281 4116 carrad

140 4147 172 4202 22
192 4152 402 4203 commemorant
424 4147 451 4202 V
520 4150 555 4204 24
574 4148 739 4204 discessione
758 4151 798 4221 bp
876 4151 910 4205 27
931 4153 1003 4206 uitae
1021 4167 1107 4219 mque
1125 4151 1283 4219 adlegitur

141 4237 158 4288 I.
178 4237 423 4307 radamantho
441 4238 543 4292 omisso
561 4239 715 4294 minoribus
734 4241 834 4294 litteris
852 4245 914 4294 m.1
932 4242 1004 4294 inter
1023 4240 1195 4294 dissecratio
1207 4256 1282 4294 mar·

138 4324 200 4393 pino
216 4328 349 4396 suppleta,
374 4327 400 4377 V
