3192 4959
299 445 364 506 222
461 429 467 439 '
644 438 670 491 s.
699 436 854 490 suferri
882 436 1098 504 Augustini

299 654 354 716 per
381 633 543 698 Christum
572 632 747 713 oportebat.
780 628 860 707 Quis
888 633 994 692 autom
1023 648 1105 693 nnnc
1133 628 1218 693 fideli
1248 631 1340 694 oculo
1369 629 1441 693 haec

298 742 425 803 intuens
458 759 518 804 non
552 738 660 802 uideat
693 756 763 800 esse
796 736 962 817 conpleta?
996 735 1128 815 Quando
1161 735 1288 817 quidem
1321 736 1441 799 nullum

298 847 551 922 tabernaculum,
579 845 702 908 nullum
726 843 893 925 templum,
922 843 1047 906 nullum
1071 843 1327 935 altarepnullum
1352 843 1442 907 sacri·

299 953 407 1018 ficium
440 957 473 1015 et
505 952 576 1016 ideo
604 970 661 1015 nec
689 948 775 1013 nllus
805 949 951 1014 sacerdos
981 950 1133 1014 remansit
1157 950 1293 1027 ludaeis,
1318 951 1442 1032 quibus,

298 1064 337 1123 ut
360 1059 397 1121 de
422 1057 542 1122 semine
561 1058 665 1121 Aaron
684 1056 889 1131 ordinaretur,
909 1056 940 1119 in
962 1056 1021 1120 Dei
1040 1056 1144 1120 fuerat
1161 1057 1232 1138 lege
1252 1056 1442 1119 mandatum.
1471 1078 1482 1115 ι

300 1165 393 1246 Quod
418 1168 450 1229 et
473 1165 525 1229 hic
550 1167 833 1228 commemoratum
859 1167 908 1227 est
931 1163 986 1227 illo
1012 1162 1134 1227 dicente
1153 1164 1322 1244 propheta:
1347 1162 1442 1225 Haec

302 1273 400 1337 dicit
417 1271 603 1337 Dominus
624 1271 724 1334 Dens
743 1270 878 1333 lsrael:
900 1264 999 1335 Diri:
1018 1270 1158 1335 Domus
1179 1274 1242 1333 tua
1261 1274 1297 1333 et
1317 1270 1443 1334 domus

299 1380 421 1461 patris
455 1378 513 1443 tui
545 1378 764 1442 transibunt
797 1396 919 1441 coram
948 1396 1002 1441 me
1032 1395 1149 1459 usque
1177 1378 1213 1441 in
1242 1380 1442 1440 aeternum.

301 1488 346 1551 Et
369 1504 465 1550 nunc
484 1484 581 1549 dicit
600 1485 795 1548 Dominus:
817 1483 1072 1565 Nequaquam,
1094 1484 1158 1547 sed
1177 1483 1443 1566 glorificantes

301 1612 358 1657 me
392 1592 631 1676 glorificabo,
671 1595 707 1655 et
739 1592 802 1671 qui
835 1591 1079 1671 me-spernit,
1113 1594 1322 1672 spernetur.
1356 1588 1443 1668 Quod
1461 1610 1482 1649 ιι

301 1700 385 1763 enim
409 1698 550 1762 nominat
573 1697 700 1762 domum
726 1696 825 1778 patris
850 1698 929 1771 eius,
954 1716 1015 1760 non
1040 1716 1112 1760 enm
1137 1696 1175 1760 de
1200 1696 1339 1779 proximo
1359 1702 1443 1779 patre

303 1805 414 1878 dicere,
440 1804 495 1866 sed
520 1804 557 1867 de
581 1804 635 1867 illo
659 1806 772 1879 Aaron,
802 1804 856 1885 qui
879 1804 1000 1885 primus
1025 1803 1171 1867 sacerdos
1196 1809 1246 1867 est
1268 1804 1443 1869 institutus.

303 1912 340 1975 de
369 1911 460 1974 cuins
488 1910 636 1992 progenie
664 1911 760 1974 ceteri
789 1916 1006 1993 sequerentur,
1031 1910 1194 1993 superiora
1218 1910 1443 1987 demonstrant,

302 2017 357 2081 ubi
390 2017 451 2080 ait:
489 2016 700 2080 Reuelatus
735 2035 814 2081 sum
849 2018 892 2080 ad
925 2015 1074 2080 domum
1108 2016 1227 2097 patris
1261 2016 1328 2095 tui,
1366 2034 1443 2079 cum

303 2126 432 2188 essent
454 2124 490 2186 in
514 2126 612 2187 terra
631 2124 795 2205 Aegypti
816 2124 918 2187 serui
937 2123 971 2187 in
994 2124 1097 2188 domo
1117 2124 1269 2197 Pharao,
1291 2127 1328 2187 et
1347 2123 1443 2205 elegi
1462 2142 1483 2179 ιι

304 2230 450 2295 ιΙοιιιιιιιι
483 2229 603 2312 patris
636 2230 693 2293 tui
727 2248 766 2293 ex
801 2230 973 2294 omnibns
1007 2232 1170 2312 sceptris
1204 2230 1323 2295 Israel
1358 2229 1443 2293 milri

304 2336 517 2401 sacerdotio
545 2334 663 2419 fungi.
694 2334 772 2415 Quis
803 2342 927 2416 patrum
952 2337 1014 2401 fnit
1036 2336 1131 2401 huius
1154 2338 1187 2400 in
1210 2337 1267 2400 illa
1291 2336 1444 2421 Aegyptia

301 2443 466 2519 seruitute,
499 2442 581 2506 unde
611 2462 683 2506 cum
711 2443 838 2507 liberali
866 2447 982 2517 essent,
1012 2444 1132 2508 electus
1161 2447 1210 2507 est
1237 2443 1276 2507 ad
1305 2443 1444 2508 sacerdo·

300 2550 392 2620 tium,
421 2549 481 2613 nisi
510 2549 635 2614 Aaron?
664 2550 711 2613 De
736 2550 832 2614 hnins
857 2570 930 2633 ergo
961 2551 1058 2633 stirpe
1082 2552 1144 2617 isto
1167 2552 1237 2616 loco
1262 2550 1340 2615 dixit
1362 2549 1444 2613 futu·

300 2676 370 2719 rum
408 2655 518 2731 fuisse,
557 2660 593 2719 ut
626 2676 687 2720 non
725 2662 833 2721 essent
869 2658 1004 2721 ulterius
1040 2657 1233 2731 sacerdotem
1268 2655 1354 2739 quod
1385 2656 1483 2717 iamsi
1563 2698 1564 2761 Q

301 2761 447 2825 uidemus
470 2762 637 2844 inpletum.
676 2762 798 2845 Vigilet
821 2763 909 2839 fides,
933 2768 1059 2846 praesto
1084 2768 1159 2828 sunt-
1181 2784 1242 2843 res,
1267 2768 1442 2827 cernuntur.

301 2873 449 2932 tenentur
473 2873 505 2932 et
528 2868 635 2932 uidere
660 2870 835 2934 nolentium
861 2871 962 2935 oculis
982 2871 1178 2954 ingeruntur.
1204 2872 1308 2945 Ecce,
1333 2870 1442 2951 inquit.

302 2974 382 3038 dies
416 2973 583 3051 ueniunt,
618 2979 654 3039 et
687 2977 941 3041 exterminabo
971 2996 1095 3041 semen
1123 2982 1229 3041 tuum
1258 2981 1295 3040 et
1323 2994 1442 3040 semen

302 3080 434 3143 donrus
470 3080 592 3161 patris
626 3082 692 3154 tui,
732 3086 769 3145 et
801 3102 869 3145 non
905 3082 976 3146 erit
1008 3083 1080 3147 tibi
1112 3084 1239 3149 senior·
1269 3083 1305 3147 in
1340 3082 1442 3147 domo

302 3205 381 3250 moa
414 3187 586 3251 omnibus
621 3188 767 3264 diebus,
802 3192 838 3252 et
871 3189 992 3254 uirum
1023 3190 1276 3254 exterminabo
1308 3189 1378 3254 tibi
1401 3188 1482 3251 abu

302 3292 416 3356 altari
446 3312 538 3379 meo,
568 3297 610 3357 ut
637 3294 823 3358 deficiant
852 3296 952 3359 oculi
981 3294 1062 3359 eius
1092 3304 1127 3359 et
1155 3296 1303 3360 defluat
1327 3296 1443 3359 anima

303 3399 394 3463 eius.
418 3399 499 3462 Ecce
524 3399 601 3465 diae.
634 3401 688 3481 qui
711 3402 922 3483 praenuntiati
947 3409 1030 3477 sunt,
1055 3402 1118 3465 iam
1142 3406 1306 3467 uenerunt.
1330 3402 1442 3465 Nullus

302 3504 449 3569 sacerdos
473 3509 522 3569 est
545 3508 719 3571 secundum
743 3508 883 3571 ordinem
907 3510 1026 3581 Aerem
1052 3514 1083 3573 et
1107 3508 1299 3590 quicumque
1324 3528 1359 3573 er
1377 3508 1441 3570 eins

302 3630 416 3693 genere
446 3615 494 3675 est
526 3612 631 3676 homo.
665 3632 738 3677 cum
767 3614 856 3678 uidet
884 3614 1074 3679 sacrificium
1099 3614 1350 3679 Christianorum
1379 3618 1440 3677 toto

302 3717 376 3780 orbe
399 3716 528 3799 pollere,
553 3719 615 3782 sibi
634 3724 740 3783 autem
760 3719 910 3784 honorem
931 3722 1022 3784 illum
1044 3740 1194 3805 magnum
1215 3741 1285 3786 esse
1305 3721 1440 3785 subtrac·
1457 3738 1481 3777 so

301 3826 382 3897 tum,
407 3822 558 3887 deliciunt
582 3824 667 3888 oculi
691 3826 759 3888 eius
779 3828 812 3887 et
831 3825 941 3889 defluit
965 3826 1069 3889 anima
1093 3828 1161 3891 eius
1186 3827 1259 3891 tabe
1283 3824 1439 3890 maeroris.

338 4154 354 4206 6
374 4152 482 4205 dicente
500 4168 551 4205 om.
571 4168 584 4203 e
632 4152 661 4203 11
683 4150 776 4204 domus
796 4168 810 4204 c
858 4154 889 4207 15
910 4152 1009 4220 pharao
1030 4170 1120 4224 eppo
1133 4156 1167 4218 ,Ἐς
1185 4153 1330 4221 pharaonis
1351 4154 1442 4221 adpo

305 4244 336 4295 16
356 4240 479 4293 domuie
529 4242 562 4295 25
582 4257 674 4294 uerum
691 4256 709 4308 q
759 4242 792 4294 at
813 4242 1013 4310 pronuntiatio
1064 4244 1097 4297 29
1118 4241 1220 4297 uiuite
1269 4243 1442 4315 seponere.

303 4344 320 4379 u
341 4328 376 4394 (l)
396 4345 511 4397 cram
