3192 4959
311 424 362 476 De
391 424 565 478 ciuitate
594 423 656 478 dei
683 423 748 478 lib.
777 425 849 480 XXI.
878 443 952 498 cap.
984 429 1025 484 10.
1056 428 1096 482 ll.
1215 431 1279 494 539

127 618 348 699 corporalibus
374 618 513 702 ignibus.
541 619 630 684 Unus
660 620 776 703 quippe
805 621 950 704 utrisque
978 621 1062 707 ignis
1092 623 1162 702 erit,
1196 623 1281 689 sicut

128 722 257 790 Veritas
281 725 368 789 dixit.

597 919 734 986 CAPUT
757 921 814 985 XI.

124 1059 180 1123 An
206 1061 276 1124 boo
298 1061 396 1125 ratio
420 1061 598 1126 iustitiae
622 1063 768 1139 habeat,
797 1067 931 1127 utnon
957 1065 1034 1128 sint
1062 1065 1280 1129 extensione

93 1189 107 1229 s
209 1187 413 1250 poenarum
437 1172 616 1250 tempora,
641 1189 748 1252 qnam
772 1171 916 1234 fuerint
939 1175 1190 1254 peccatorum.

172 1307 229 1374 Sio
258 1312 364 1373 autem
392 1309 520 1392 quidam
550 1329 669 1390 eorum,
698 1315 806 1376 contra
835 1332 914 1394 qnos
944 1313 1143 1380 defendimus
1169 1313 1280 1378 ciuita-

124 1419 193 1479 tem
217 1413 289 1492 Dei,
312 1415 468 1479 iniustum
490 1419 614 1498 putant,
640 1421 676 1480 nt
698 1438 753 1500 pro
777 1419 918 1499 peccatis
944 1419 1121 1501 quamlibet
1144 1421 1278 1505 magnis,

123 1541 227 1606 paruo
261 1521 385 1586 scilicet
416 1525 558 1605 tempore
586 1525 786 1606 perpetratis,
820 1545 919 1606 poena
952 1525 1086 1608 quisque
1114 1525 1281 1592 damnetur

124 1632 268 1704 aeterna,
297 1629 388 1710 quasi
415 1628 514 1694 ullius
543 1629 576 1693 id
603 1649 754 1712 umquam
783 1631 910 1696 institia
937 1633 1017 1716 legis
1051 1633 1208 1710 adtendat,
1243 1637 1280 1698 ut

80 1757 105 1796 ro
121 1739 217 1799 tanta
239 1754 329 1799 mora
351 1736 502 1818 temporis
527 1738 662 1819 quisque
685 1737 846 1818 puniatur,
877 1742 994 1820 quanta
1016 1759 1104 1803 mora
1126 1739 1279 1822 temporis

121 1841 208 1906 unde
242 1842 409 1924 puniretur
440 1842 578 1907 admisit.
612 1843 692 1909 Orto
726 1863 841 1927 genera
873 1864 1043 1928 poenarum
1080 1845 1112 1909 in
1150 1847 1276 1930 legibus

122 1967 197 2011 esse
223 1947 336 2011 scribit
359 1945 495 2025 Tullius
520 1948 681 2027 damnum,
705 1950 821 2024 uincla,
846 1952 987 2029 uerbera,
1011 1953 1173 2028 talionem,
1191 1953 1279 2037 igno-

120 2055 270 2130 miniam,
299 2054 456 2132 exsilium,
479 2060 625 2134 mortem,
650 2057 851 2122 seruitutem.
877 2055 961 2136 Quid
984 2060 1097 2124 horum
1122 2061 1280 2142 estquod

120 2162 153 2224 in
178 2161 279 2225 breue
302 2163 430 2244 tempus
455 2181 510 2245 pro
535 2162 688 2245 cuiusque
711 2165 834 2246 peccati
860 2165 1021 2230 celeritate
1046 2169 1214 2244 coartetur,
1243 2169 1280 2231 ut

78 2270 215 2332 natanta
249 2268 430 2332 uindicetur
460 2269 593 2346 morula,
626 2275 744 2351 quanta
775 2271 1021 2354 deprehenditur
1051 2276 1278 2356 perpetratum,

120 2377 186 2440 nisi
215 2375 299 2440 forte
327 2376 426 2441 talio?
453 2376 491 2439 ld
516 2376 599 2439 enim
623 2377 698 2458 agit,
723 2381 760 2442 ut
788 2378 848 2442 hou
872 2379 1011 2462 patiatur
1035 2379 1170 2462 quisque
1194 2379 1280 2461 quod

118 2483 211 2547 feeit.
248 2482 337 2546 Unde
370 2482 451 2546 illud
486 2486 536 2547 est
566 2482 660 2566 legis:
697 2482 854 2549 Oculum
887 2505 951 2568 pro
982 2487 1102 2564 oculo,
1132 2486 1278 2550 dentem

119 2609 188 2671 pro
214 2588 336 2654 dente.
360 2588 445 2653 Fieri
469 2590 552 2668 enim
575 2593 692 2674 potest,
717 2592 843 2655 uttam
866 2591 956 2655 breui
980 2595 1119 2676 tempore
1144 2591 1278 2675 quisque

119 2697 257 2760 amittat
287 2697 415 2760 oculum
449 2697 619 2761 seueritate
652 2697 823 2774 uindictae,
858 2718 953 2781 quam
986 2699 1062 2763 tulit
1089 2699 1158 2781 ipse
1187 2698 1279 2762 alteri

74 2822 101 2861 ao
118 2803 318 2885 inprobitate
346 2807 479 2886 peccati.
508 2803 604 2867 Porro
634 2809 740 2868 aulem
769 2805 797 2869 si
826 2805 945 2869 alienae
973 2805 1107 2869 feminae
1131 2807 1276 2870 osculum

117 2909 256 2973 infixum
281 2909 412 2974 rationis
436 2910 480 2975 sit
502 2912 633 2974 uerbere
657 2911 828 2986 uindicare,
854 2931 955 2974 nonne
979 2912 1033 2994 qui
1056 2911 1138 2975 illud
1161 2915 1277 2994 puncto

117 3015 280 3098 temporis
308 3017 428 3095 feeerit,
461 3017 689 3099 inconparabili
717 3017 865 3081 horarum
895 3018 998 3100 spatio
1029 3018 1214 3083 uerberatnr
1247 3021 1279 3082 et

116 3125 272 3188 suauitas
305 3123 483 3206 uoluptatis
517 3125 647 3208 exiguae
681 3123 829 3189 diuturno
864 3123 970 3188 dolore
999 3125 1149 3207 punitur?
1183 3123 1277 3203 Quid,

115 3234 148 3297 in
189 3230 333 3296 uinculis
370 3231 526 3312 numquid
562 3231 684 3294 tanrdiu
722 3231 858 3314 quisque
894 3231 1082 3295 iudicandus
1121 3235 1171 3295 est
1208 3251 1277 3296 esse

70 3357 97 3394 2⁵
116 3340 250 3414 debere,
280 3337 432 3419 quamdiu
460 3337 536 3401 lecit
564 3337 645 3401 unde
673 3337 790 3401 meririt
818 3337 965 3421 adligari;
995 3357 1067 3402 cum
1100 3336 1278 3402 iustissime

114 3463 261 3510 annosas
292 3463 410 3526 poenas
439 3463 551 3508 seruus
578 3444 611 3507 in
640 3445 834 3526 conpedibus
863 3445 991 3528 pendat,
1023 3442 1077 3526 qui
1101 3445 1197 3508 uerbo
1223 3447 1278 3507 ant

113 3553 185 3617 ictu
213 3551 379 3616 celerrime
397 3553 581 3614 transeunte
600 3550 653 3615 uel
670 3550 838 3615 lacessiuit
858 3551 1021 3616 dominum
1040 3551 1091 3615 uel
1111 3550 1276 3634 plagauit?

113 3661 186 3724 Iam
209 3675 287 3721 uero
307 3657 467 3731 damnum,
490 3657 673 3740 ignominia,
697 3657 854 3735 exsilium,
880 3657 1018 3722 seruitus
1043 3677 1115 3721 enm
1140 3657 1277 3739 plerum·

114 3785 178 3849 que
220 3764 269 3828 sic
305 3763 501 3847 infliguntur,
540 3767 577 3827 ut
612 3763 701 3828 nulla
732 3765 826 3828 uenia
861 3765 1048 3842 relaxentur,
1087 3781 1188 3827 nonne
1221 3783 1276 3845 pro

212 4011 226 4062 1
248 4009 298 4061 Mt.
318 4007 361 4071 25,
380 4008 413 4062 41
473 4007 505 4060 12
524 4007 608 4076 Legg.
627 4007 664 4076 (l)
684 4007 772 4077 lrg.4
830 4008 861 4061 17
881 4007 964 4063 Erod.
984 4009 1027 4070 21,
1048 4007 1083 4060 24

152 4151 371 4219 lutrinsquee
438 4151 559 4218 dsipp
629 4153 661 4205 16
680 4150 754 4204 idem
774 4150 868 4218 agitp
916 4148 1015 4216 ¹aitp
1081 4149 1113 4202 18
1133 4152 1277 4216 tempusq

111 4244 150 4296 20
169 4239 295 4294 feminae
313 4255 365 4293 oin.
384 4257 411 4306 e,·
429 4239 493 4292 uoci
512 4240 617 4292 alienae
635 4257 669 4292 m.
688 4242 709 4292 2
726 4239 940 4306 superadmolum
959 4243 999 4291 eat
1017 4253 1054 4293 so.
1073 4237 1147 4292 uxori
1185 4238 1218 4290 27
1233 4237 1276 4290 bi·

114 4336 206 4400 (Μ
