3192 4959
330 437 395 500 516
674 435 700 487 S.
728 433 883 488 Aurelii
912 431 1128 502 Augustini

328 627 372 692 sit
402 629 435 691 in
463 648 602 712 corpore,
636 647 709 693 oum
738 629 845 712 aliqua
873 647 970 694 causa
997 627 1091 692 etiam
1120 627 1278 692 inuisibili
1302 627 1397 690 tristis
1416 629 1452 689 est

326 735 397 817 ipsa
420 753 549 817 corpore
571 735 739 811 incolumi3
766 735 853 799 dolet
877 735 973 799 etiam
996 754 1058 799 non
1081 735 1113 798 in
1138 753 1266 816 corpore
1287 732 1450 802 constituto:

326 859 399 905 nem
427 843 539 924 utique
567 842 695 906 dolebat
723 843 812 906 diues
840 842 895 905 ille
924 844 1001 924 aput
1027 841 1154 917 iuferoS,
1186 840 1311 923 quando
1336 839 1451 904 dicebat:

328 948 484 1014 Crueior
511 949 547 1013 iu
576 950 643 1013 bac
672 949 833 1014 flamma.
865 947 987 1031 Corpus
1017 953 1123 1013 autem
1147 967 1205 1012 nec
1225 947 1366 1012 exanime
1386 946 1453 1009 dolet

325 1075 384 1119 neo
416 1056 590 1120 auimatum
618 1055 686 1120 siue
715 1057 820 1120 anima
847 1055 942 1120 dolet.
976 1054 1010 1120 Si
1039 1074 1113 1138 ergo
1138 1074 1155 1118 a
1179 1053 1287 1119 dolore
1311 1071 1484 1137 argumenr

324 1164 395 1224 tum
419 1165 504 1225 reete
528 1167 707 1226 sumeretur
726 1161 765 1226 ad
785 1164 929 1241 mortem,
949 1161 1076 1225 ntideo
1097 1180 1180 1224 mors
1199 1160 1304 1244 possit
1323 1159 1453 1234 accidere,

326 1268 401 1349 quia
430 1269 538 1351 potuit
569 1269 709 1334 accidere
739 1273 771 1334 et
800 1270 897 1346 dolor,
930 1269 1032 1352 magis
1066 1269 1105 1332 ad
1133 1267 1271 1332 unimam
1304 1267 1453 1349 pertineret

325 1375 415 1452 mori,
441 1376 480 1438 ad
503 1395 598 1458 qnam
621 1376 723 1458 magis
747 1378 885 1458 pertinet
909 1379 942 1439 et
964 1375 1081 1440 dolere.
1107 1374 1187 1440 Cum
1206 1393 1283 1438 uero
1303 1375 1367 1448 illa,
1389 1391 1452 1455 quae

325 1482 427 1567 magis
460 1482 565 1547 dolero
592 1485 709 1565 potest,
742 1502 803 1546 uon
831 1483 936 1564 possit
964 1482 1053 1558 mori,
1087 1481 1164 1563 quid
1191 1481 1345 1545 momenti
1371 1479 1453 1543 adfert

324 1608 407 1671 quur
437 1588 494 1651 illa
525 1607 666 1670 corpora,
685 1590 848 1670 ⁸quoniam
881 1590 990 1653 futura
1022 1591 1097 1653 sicot
1128 1589 1160 1651 iu
1193 1587 1367 1664 doloribus,
1395 1585 1451 1650 ideo
1467 1607 1488 1645 ιο

324 1695 420 1760 etiam
444 1697 597 1760 moritura
620 1715 690 1760 esse
714 1697 902 1760 credamus?
926 1697 1081 1760 Dixerunt
1104 1695 1233 1776 quidem
1256 1694 1405 1758 Platonici
1424 1711 1452 1756 ex

321 1802 455 1865 terrenis
488 1802 670 1884 corporibus
703 1802 964 1884 moribundisque
996 1801 1147 1866 membris
1180 1819 1253 1865 esse
1286 1801 1402 1865 animae
1428 1803 1454 1863 et

322 1913 465 1972 metuere
492 1912 525 1973 et
552 1928 665 1991 cupere
690 1912 722 1974 et
746 1909 852 1974 dolere
880 1909 982 1992 adque
1007 1909 1158 1993 gaudere;
1187 1908 1271 1972 uude
1295 1906 1452 1990 Vergilius:

322 2016 424 2091 ‘Hinc
447 2015 561 2097 inquit,
587 2014 633 2099 (id
657 2019 707 2080 est
730 2035 767 2078 er
789 2015 987 2080 moribundis
1011 2015 1125 2079 terreni
1144 2015 1285 2098 corporis
1305 2011 1451 2094 membris)

320 2126 469 2187 metuunt
492 2123 699 2206 cupiuntque,
725 2122 835 2186 dolent
857 2122 1082 2206 gaudentque)
1106 2121 1169 2187 Sed
1192 2121 1387 2186 conuicimus
1409 2137 1452 2182 eos
1468 2136 1489 2174 ιε

321 2229 352 2293 in
385 2229 572 2294 duodecimo
596 2212 700 2293 'buius
734 2229 838 2311 operis
870 2228 962 2306 libro,
995 2229 1110 2293 habere
1139 2229 1260 2292 animas
1295 2227 1452 2292 secundnm

319 2337 406 2419 ipsos
427 2337 464 2400 ab
485 2337 571 2401 omni
590 2336 685 2400 etiam
705 2337 846 2417 corporis
869 2336 940 2400 labe
959 2339 1111 2418 purgatas
1130 2335 1231 2398 diram
1251 2333 1453 2417 cupiditatem.

321 2463 400 2525 quae
432 2462 543 2507 rursus
575 2443 731 2524 incipiunt
763 2443 794 2506 iu
829 2461 959 2525 corpora
991 2442 1073 2506 uelle
1105 2443 1233 2506 reuerti.
1267 2441 1330 2508 Ubi
1361 2445 1455 2506 antem

318 2552 427 2632 potest
454 2569 525 2614 esse
552 2549 722 2631 cupiditas,
750 2550 892 2632 prolecto
923 2550 1017 2613 eiiam
1047 2549 1137 2615 dolor
1164 2552 1281 2633 potest.
1305 2549 1454 2614 Frustrata

319 2657 435 2739 qnippe
468 2655 637 2738 copiditas,
675 2656 744 2720 siue
776 2675 837 2720 uon
874 2656 1086 2739 peruenieudo
1115 2676 1177 2738 quo
1209 2657 1367 2735 tendebat,
1396 2654 1490 2718 sinen

320 2763 494 2826 amittendo
523 2781 584 2843 quo
607 2766 804 2843 peruenerat,
833 2763 970 2827 uertitur
992 2763 1023 2826 iu
1044 2763 1192 2827 dolorem.
1218 2763 1412 2846 Quapropter
1432 2759 1455 2822 si

319 2868 432 2947 anima,
466 2887 546 2950 quae
578 2870 630 2931 uel
659 2869 727 2932 sola
755 2870 808 2932 uel
837 2869 971 2932 marimo
995 2869 1092 2947 dolet,
1121 2869 1218 2934 babet
1240 2873 1346 2933 tamen
1370 2886 1457 2950 quan·

319 2974 390 3037 dam
414 2994 470 3055 pro
495 2993 552 3038 suo
577 2974 670 3038 modo
693 2974 957 3040 inmortalitatem
983 2995 1084 3054 suain,
1109 2996 1170 3041 nou
1189 2975 1262 3041 ideo
1282 2976 1360 3041 mori
1376 2978 1456 3058 pote

318 3083 393 3144 runt
414 3080 469 3144 illa
493 3099 632 3162 corpora,
658 3081 731 3162 quia
755 3081 917 3146 dolebunt.
941 3083 1107 3148 Postremo
1132 3082 1160 3148 si
1183 3101 1315 3164 corpora
1337 3083 1456 3152 faciunt,

318 3190 355 3250 nt
383 3188 504 3252 animae
532 3188 669 3263 doleant,
703 3207 784 3269 quur
813 3189 859 3253 eis
888 3188 1028 3254 dolorem
1057 3192 1202 3272 possunt,
1231 3193 1493 3255 moriemurne

317 3294 432 3357 inferre
456 3313 517 3357 uon
540 3298 683 3375 possunt,
707 3295 768 3358 uisi
792 3295 866 3376 quia
891 3315 952 3359 non
977 3300 1027 3360 est
1049 3315 1255 3377 consequens,
1276 3300 1314 3361 nt
1331 3297 1457 3360 mortem

317 3399 413 3462 faciat
436 3400 521 3481 qnod
545 3399 684 3464 dolorem
710 3400 808 3464 facit?
833 3399 922 3479 anr
946 3421 1019 3486 ergo
1038 3402 1223 3467 incredibile
1243 3408 1294 3468 est
1312 3404 1357 3467 ita
1373 3402 1457 3484 ignes

317 3504 381 3569 illis
406 3507 591 3588 corporibus
616 3507 755 3572 dolorem
778 3527 874 3589 posse
898 3509 1021 3586 inferre,
1047 3528 1106 3573 uon
1126 3515 1273 3587 mortem,
1294 3508 1459 3588 sicutipse

317 3629 448 3693 corpora
479 3612 582 3677 dolere
615 3614 736 3678 animas
769 3615 899 3694 faciunt,
935 3634 1012 3698 quas
1045 3619 1149 3680 tamen
1182 3636 1243 3683 uon
1277 3617 1345 3682 ideo
1382 3611 1457 3678 mori

316 3939 356 3993 VI
403 3852 483 3906 4Le.
504 3854 546 3922 16,
565 3854 601 3907 24
656 3856 689 3909 14
707 3855 774 3909 Aen.
795 3855 841 3920 VI,
862 3855 913 3911 733
976 3856 1008 3910 16
1027 3857 1058 3912 L.
1077 3857 1158 3912 XlllI
1178 3874 1199 3912 o.
1220 3859 1287 3924 3;5
1341 3856 1374 3911 18
1390 3853 1455 3908 Aen.

357 3941 435 4001 ‚720
455 3959 494 4011 sq.

352 4066 364 4118 1
384 4065 560 4120 inuisibiliter
579 4085 593 4135 p
656 4069 673 4120 2
692 4087 745 4122 nou
766 4071 805 4137 in]
826 4071 884 4124 siue
905 4071 920 4125 b
976 4071 992 4125 8
1013 4071 1046 4124 ad
1067 4087 1156 4141 qnam,
1176 4071 1210 4125 ad
1230 4089 1264 4126 ex
1281 4074 1328 4124 ent
1345 4077 1457 4128 corr-..i

316 4155 349 4207 16
369 4153 527 4208 duodecimo
550 4173 627 4222 mse.;
650 4162 746 4226 quarto
772 4157 910 4213 decimov
935 4161 1119 4230 (Aupustiuue
1141 4155 1452 4230 promessionem

314 4241 345 4293 21
368 4242 391 4294 si
410 4243 497 4298 om.b
561 4245 594 4298 23
613 4247 796 4313 potueruntb
857 4249 891 4301 24
910 4248 1040 4302 dolebant
1058 4247 1109 4302 e¹b
1168 4249 1202 4302 26
1222 4259 1383 4316 consequeus
1399 4252 1454 4292 11⁰ss

314 4331 389 4383 esto
443 4331 476 4384 27
496 4331 568 4400 ignis
587 4332 642 4402 ὂψ
694 4335 728 4388 29
747 4338 837 4388 tamen
859 4337 1018 4406 obeppo;
1035 4341 1171 4392 tormenta
1190 4315 1318 4408 (Damio.
