<?xml version="1.0" encoding="UTF-8"?>
<!DOCTYPE html PUBLIC "-//W3C//DTD XHTML 1.0 Transitional//EN"
    "http://www.w3.org/TR/xhtml1/DTD/xhtml1-transitional.dtd">
<html xmlns="http://www.w3.org/1999/xhtml" xml:lang="en" lang="en">
 <head>
  <title>
</title>
<meta http-equiv="Content-Type" content="text/html;charset=utf-8" />
  <meta name='ocr-system' content='tesseract 3.04.00' />
  <meta name='ocr-capabilities' content='ocr_page ocr_carea ocr_par ocr_line ocrx_word'/>
</head>
<body>
  <div class='ocr_page' id='page_1' title='image "./corpusscriptoru07wiengoog/corpusscriptoru07wiengoog_0100.png"; bbox 0 0 3192 4959; ppageno 0'>
   <div class='ocr_carea' id='block_1_1' title="bbox 303 420 1108 493">
    <p class='ocr_par' dir='ltr' id='par_1_1' title="bbox 303 420 1108 493">
     <span class='ocr_line' id='line_1_1' title="bbox 303 420 1108 493; baseline 0 -17"><span class='ocrx_word' id='word_1_1' title='bbox 303 421 345 484; x_wconf 77' lang='grc'><strong>84</strong></span> <span class='ocrx_word' id='word_1_2' title='bbox 650 420 676 476; x_wconf 85' lang='lat' dir='ltr'><strong>S.</strong></span> <span class='ocrx_word' id='word_1_3' title='bbox 705 422 863 476; x_wconf 81' lang='lat' dir='ltr'><strong>Aurelii</strong></span> <span class='ocrx_word' id='word_1_4' title='bbox 890 423 1108 493; x_wconf 76' lang='lat' dir='ltr'><strong>Augustini</strong></span> 
     </span>
    </p>
   </div>
   <div class='ocr_carea' id='block_1_2' title="bbox 298 615 1576 3577">
    <p class='ocr_par' dir='ltr' id='par_1_2' title="bbox 298 615 1576 3577">
     <span class='ocr_line' id='line_1_2' title="bbox 304 615 1450 702; baseline 0 -21"><span class='ocrx_word' id='word_1_5' title='bbox 304 617 409 682; x_wconf 88' lang='lat' dir='ltr'><strong>sitatis</strong></span> <span class='ocrx_word' id='word_1_6' title='bbox 434 615 621 694; x_wconf 78' lang='lat' dir='ltr'><strong>similitudo,</strong></span> <span class='ocrx_word' id='word_1_7' title='bbox 650 616 756 680; x_wconf 88' lang='lat' dir='ltr'><strong>itaut</strong></span> <span class='ocrx_word' id='word_1_8' title='bbox 783 620 856 681; x_wconf 89' lang='lat' dir='ltr'><strong>ante</strong></span> <span class='ocrx_word' id='word_1_9' title='bbox 879 619 1024 702; x_wconf 86' lang='lat' dir='ltr'><strong>genitum</strong></span> <span class='ocrx_word' id='word_1_10' title='bbox 1051 617 1165 696; x_wconf 90' lang='lat' dir='ltr'><strong>filium,</strong></span> <span class='ocrx_word' id='word_1_11' title='bbox 1193 619 1248 700; x_wconf 90' lang='lat' dir='ltr'><strong>qui</strong></span> <span class='ocrx_word' id='word_1_12' title='bbox 1277 617 1378 682; x_wconf 91' lang='lat' dir='ltr'><strong>ordini</strong></span> <span class='ocrx_word' id='word_1_13' title='bbox 1405 619 1450 681; x_wconf 92' lang='lat' dir='ltr'><strong>iu-</strong></span> 
     </span>
     <span class='ocr_line' id='line_1_3' title="bbox 303 721 1450 807; baseline -0.002 -19"><span class='ocrx_word' id='word_1_14' title='bbox 303 724 428 802; x_wconf 90' lang='lat' dir='ltr'><strong>seritur,</strong></span> <span class='ocrx_word' id='word_1_15' title='bbox 449 723 524 788; x_wconf 89' lang='lat' dir='ltr'><strong>alibi</strong></span> <span class='ocrx_word' id='word_1_16' title='bbox 544 721 706 805; x_wconf 73' lang='lat' dir='ltr'><strong>supersint</strong></span> <span class='ocrx_word' id='word_1_17' title='bbox 726 725 852 787; x_wconf 86' lang='lat' dir='ltr'><strong>centum</strong></span> <span class='ocrx_word' id='word_1_18' title='bbox 872 723 954 798; x_wconf 88' lang='lat' dir='ltr'><strong>anni,</strong></span> <span class='ocrx_word' id='word_1_19' title='bbox 974 724 1050 788; x_wconf 89' lang='lat' dir='ltr'><strong>alibi</strong></span> <span class='ocrx_word' id='word_1_20' title='bbox 1069 724 1188 800; x_wconf 79' lang='lat' dir='ltr'><strong>desint3</strong></span> <span class='ocrx_word' id='word_1_21' title='bbox 1211 727 1286 807; x_wconf 92' lang='lat' dir='ltr'><strong>post</strong></span> <span class='ocrx_word' id='word_1_22' title='bbox 1308 722 1450 807; x_wconf 86' lang='lat' dir='ltr'><strong>genitum</strong></span> 
     </span>
     <span class='ocr_line' id='line_1_4' title="bbox 303 827 1451 912; baseline -0.002 -17"><span class='ocrx_word' id='word_1_23' title='bbox 303 834 410 895; x_wconf 89' lang='lat' dir='ltr'><strong>autem</strong></span> <span class='ocrx_word' id='word_1_24' title='bbox 433 831 489 894; x_wconf 92' lang='lat' dir='ltr'><strong>ubi</strong></span> <span class='ocrx_word' id='word_1_25' title='bbox 512 829 641 894; x_wconf 87' lang='lat' dir='ltr'><strong>deerant</strong></span> <span class='ocrx_word' id='word_1_26' title='bbox 663 827 834 911; x_wconf 78' lang='lat' dir='ltr'><strong>supersint,</strong></span> <span class='ocrx_word' id='word_1_27' title='bbox 857 829 914 894; x_wconf 92' lang='lat' dir='ltr'><strong>ubi</strong></span> <span class='ocrx_word' id='word_1_28' title='bbox 932 833 1118 912; x_wconf 88' lang='lat' dir='ltr'><strong>supererant</strong></span> <span class='ocrx_word' id='word_1_29' title='bbox 1136 830 1250 905; x_wconf 80' lang='lat' dir='ltr'><strong>desint,</strong></span> <span class='ocrx_word' id='word_1_30' title='bbox 1271 834 1308 894; x_wconf 93' lang='lat' dir='ltr'><strong>ut</strong></span> <span class='ocrx_word' id='word_1_31' title='bbox 1326 849 1451 894; x_wconf 91' lang='lat' dir='ltr'><strong>summa</strong></span> 
     </span>
     <span class='ocr_line' id='line_1_5' title="bbox 303 935 1450 1020; baseline -0.001 -19"><span class='ocrx_word' id='word_1_32' title='bbox 303 936 483 1013; x_wconf 90' lang='lat' dir='ltr'><strong>conueniat;</strong></span> <span class='ocrx_word' id='word_1_33' title='bbox 518 938 550 1000; x_wconf 91' lang='lat' dir='ltr'><strong>et</strong></span> <span class='ocrx_word' id='word_1_34' title='bbox 577 936 637 1000; x_wconf 93' lang='lat' dir='ltr'><strong>hoc</strong></span> <span class='ocrx_word' id='word_1_35' title='bbox 664 935 697 999; x_wconf 93' lang='lat' dir='ltr'><strong>in</strong></span> <span class='ocrx_word' id='word_1_36' title='bbox 724 935 837 1019; x_wconf 90' lang='lat' dir='ltr'><strong>prima,</strong></span> <span class='ocrx_word' id='word_1_37' title='bbox 866 936 1014 1015; x_wconf 87' lang='lat' dir='ltr'><strong>secunda,</strong></span> <span class='ocrx_word' id='word_1_38' title='bbox 1043 936 1146 1015; x_wconf 90' lang='lat' dir='ltr'><strong>tertia,</strong></span> <span class='ocrx_word' id='word_1_39' title='bbox 1175 941 1297 1020; x_wconf 88' lang='lat' dir='ltr'><strong>quarta,</strong></span> <span class='ocrx_word' id='word_1_40' title='bbox 1331 937 1450 1018; x_wconf 86' lang='lat' dir='ltr'><strong>quinta,</strong></span> 
     </span>
     <span class='ocr_line' id='line_1_6' title="bbox 302 1041 1495 1127; baseline 0 -19"><span class='ocrx_word' id='word_1_41' title='bbox 302 1043 438 1127; x_wconf 89' lang='lat' dir='ltr'><strong>septima</strong></span> <span class='ocrx_word' id='word_1_42' title='bbox 470 1041 672 1126; x_wconf 83' lang='lat' dir='ltr'><strong>generatione</strong></span> <span class='ocrx_word' id='word_1_43' title='bbox 704 1041 878 1106; x_wconf 89' lang='lat' dir='ltr'><strong>inuenitur:</strong></span> <span class='ocrx_word' id='word_1_44' title='bbox 909 1043 1038 1108; x_wconf 90' lang='lat' dir='ltr'><strong>uidetur</strong></span> <span class='ocrx_word' id='word_1_45' title='bbox 1069 1043 1184 1109; x_wconf 89' lang='lat' dir='ltr'><strong>habere</strong></span> <span class='ocrx_word' id='word_1_46' title='bbox 1218 1043 1385 1127; x_wconf 89' lang='lat' dir='ltr'><strong>quandam,</strong></span> <span class='ocrx_word' id='word_1_47' title='bbox 1422 1043 1451 1108; x_wconf 88' lang='lat' dir='ltr'><strong>si</strong></span> <span class='ocrx_word' id='word_1_48' title='bbox 1483 1071 1495 1108; x_wconf 75' lang='lat' dir='ltr'><strong>a</strong></span> 
     </span>
     <span class='ocr_line' id='line_1_7' title="bbox 302 1147 1452 1232; baseline 0.001 -19"><span class='ocrx_word' id='word_1_49' title='bbox 302 1149 366 1214; x_wconf 92' lang='lat' dir='ltr'><strong>dici</strong></span> <span class='ocrx_word' id='word_1_50' title='bbox 396 1152 514 1232; x_wconf 88' lang='lat' dir='ltr'><strong>potest,</strong></span> <span class='ocrx_word' id='word_1_51' title='bbox 548 1167 632 1214; x_wconf 91' lang='lat' dir='ltr'><strong>error</strong></span> <span class='ocrx_word' id='word_1_52' title='bbox 663 1147 732 1232; x_wconf 91' lang='lat' dir='ltr'><strong>ipse</strong></span> <span class='ocrx_word' id='word_1_53' title='bbox 765 1150 975 1214; x_wconf 89' lang='lat' dir='ltr'><strong>constantiam</strong></span> <span class='ocrx_word' id='word_1_54' title='bbox 1008 1169 1066 1214; x_wconf 92' lang='lat' dir='ltr'><strong>nec</strong></span> <span class='ocrx_word' id='word_1_55' title='bbox 1094 1170 1204 1216; x_wconf 88' lang='lat' dir='ltr'><strong>casum</strong></span> <span class='ocrx_word' id='word_1_56' title='bbox 1231 1151 1361 1230; x_wconf 82' lang='lat' dir='ltr'><strong>redolet,</strong></span> <span class='ocrx_word' id='word_1_57' title='bbox 1394 1151 1452 1214; x_wconf 90' lang='lat' dir='ltr'><strong>sed</strong></span> 
     </span>
     <span class='ocr_line' id='line_1_8' title="bbox 301 1236 1576 1321; baseline -0.011 -1"><span class='ocrx_word' id='word_1_58' title='bbox 301 1256 499 1321; x_wconf 86' lang='lat' dir='ltr'><strong>industriam.</strong></span> <span class='ocrx_word' id='word_1_59' title='bbox 1572 1236 1576 1245; x_wconf 85' lang='lat'>&#39;</span> 
     </span>
     <span class='ocr_line' id='line_1_9' title="bbox 322 1363 1449 1447; baseline -0.001 -19"><span class='ocrx_word' id='word_1_60' title='bbox 322 1365 457 1447; x_wconf 84' lang='lat' dir='ltr'><strong>&#39;Itaque</strong></span> <span class='ocrx_word' id='word_1_61' title='bbox 489 1363 545 1427; x_wconf 88' lang='lat' dir='ltr'><strong>illa</strong></span> <span class='ocrx_word' id='word_1_62' title='bbox 578 1363 746 1429; x_wconf 86' lang='lat' dir='ltr'><strong>diuersitas</strong></span> <span class='ocrx_word' id='word_1_63' title='bbox 780 1383 982 1428; x_wconf 89' lang='lat' dir='ltr'><strong>uumeromm</strong></span> <span class='ocrx_word' id='word_1_64' title='bbox 1015 1363 1108 1427; x_wconf 89' lang='lat' dir='ltr'><strong>aliter</strong></span> <span class='ocrx_word' id='word_1_65' title='bbox 1140 1383 1174 1428; x_wconf 90' lang='lat' dir='ltr'><strong>se</strong></span> <span class='ocrx_word' id='word_1_66' title='bbox 1201 1364 1386 1430; x_wconf 84' lang='lat' dir='ltr'><strong>habentium</strong></span> <span class='ocrx_word' id='word_1_67' title='bbox 1418 1365 1449 1427; x_wconf 92' lang='lat' dir='ltr'><strong>iu</strong></span> 
     </span>
     <span class='ocr_line' id='line_1_10' title="bbox 303 1469 1451 1549; baseline -0.002 -14"><span class='ocrx_word' id='word_1_68' title='bbox 303 1471 466 1536; x_wconf 79' lang='lat' dir='ltr'><strong>codicibus</strong></span> <span class='ocrx_word' id='word_1_69' title='bbox 492 1469 621 1536; x_wconf 79' lang='lat' dir='ltr'><strong>Graecis</strong></span> <span class='ocrx_word' id='word_1_70' title='bbox 647 1475 679 1535; x_wconf 92' lang='lat' dir='ltr'><strong>et</strong></span> <span class='ocrx_word' id='word_1_71' title='bbox 700 1471 833 1549; x_wconf 88' lang='lat' dir='ltr'><strong>Latinis,</strong></span> <span class='ocrx_word' id='word_1_72' title='bbox 862 1471 955 1535; x_wconf 91' lang='lat' dir='ltr'><strong>aliter</strong></span> <span class='ocrx_word' id='word_1_73' title='bbox 981 1471 1014 1534; x_wconf 94' lang='lat' dir='ltr'><strong>in</strong></span> <span class='ocrx_word' id='word_1_74' title='bbox 1036 1470 1201 1544; x_wconf 79' lang='lat' dir='ltr'><strong>Hebraeis,</strong></span> <span class='ocrx_word' id='word_1_75' title='bbox 1229 1471 1285 1535; x_wconf 92' lang='lat' dir='ltr'><strong>ubi</strong></span> <span class='ocrx_word' id='word_1_76' title='bbox 1312 1489 1374 1536; x_wconf 90' lang='lat' dir='ltr'><strong>non</strong></span> <span class='ocrx_word' id='word_1_77' title='bbox 1401 1476 1451 1534; x_wconf 89' lang='lat' dir='ltr'><strong>est</strong></span> 
     </span>
     <span class='ocr_line' id='line_1_11' title="bbox 301 1576 1495 1660; baseline 0.001 -18"><span class='ocrx_word' id='word_1_78' title='bbox 301 1579 364 1642; x_wconf 87' lang='lat' dir='ltr'><strong>ista</strong></span> <span class='ocrx_word' id='word_1_79' title='bbox 388 1577 426 1641; x_wconf 93' lang='lat' dir='ltr'><strong>de</strong></span> <span class='ocrx_word' id='word_1_80' title='bbox 450 1581 578 1642; x_wconf 90' lang='lat' dir='ltr'><strong>centum</strong></span> <span class='ocrx_word' id='word_1_81' title='bbox 601 1577 689 1643; x_wconf 89' lang='lat' dir='ltr'><strong>anuis</strong></span> <span class='ocrx_word' id='word_1_82' title='bbox 713 1577 801 1660; x_wconf 87' lang='lat' dir='ltr'><strong>prius</strong></span> <span class='ocrx_word' id='word_1_83' title='bbox 825 1577 943 1641; x_wconf 89' lang='lat' dir='ltr'><strong>adbitis</strong></span> <span class='ocrx_word' id='word_1_84' title='bbox 968 1579 1000 1640; x_wconf 93' lang='lat' dir='ltr'><strong>et</strong></span> <span class='ocrx_word' id='word_1_85' title='bbox 1022 1579 1134 1658; x_wconf 86' lang='lat' dir='ltr'><strong>postea</strong></span> <span class='ocrx_word' id='word_1_86' title='bbox 1158 1576 1308 1641; x_wconf 89' lang='lat' dir='ltr'><strong>detractis</strong></span> <span class='ocrx_word' id='word_1_87' title='bbox 1327 1596 1384 1660; x_wconf 90' lang='lat' dir='ltr'><strong>per</strong></span> <span class='ocrx_word' id='word_1_88' title='bbox 1400 1579 1451 1640; x_wconf 88' lang='lat' dir='ltr'><strong>tot</strong></span> <span class='ocrx_word' id='word_1_89' title='bbox 1471 1605 1495 1644; x_wconf 84' lang='grc' dir='ltr'><strong>ιο</strong></span> 
     </span>
     <span class='ocr_line' id='line_1_12' title="bbox 302 1683 1449 1768; baseline 0 -20"><span class='ocrx_word' id='word_1_90' title='bbox 302 1684 519 1768; x_wconf 82' lang='lat' dir='ltr'><strong>generationes</strong></span> <span class='ocrx_word' id='word_1_91' title='bbox 548 1685 731 1749; x_wconf 86' lang='lat' dir='ltr'><strong>continuata</strong></span> <span class='ocrx_word' id='word_1_92' title='bbox 758 1684 912 1766; x_wconf 79' lang='lat' dir='ltr'><strong>parilitas,</strong></span> <span class='ocrx_word' id='word_1_93' title='bbox 936 1701 993 1747; x_wconf 92' lang='lat' dir='ltr'><strong>nec</strong></span> <span class='ocrx_word' id='word_1_94' title='bbox 1015 1683 1157 1747; x_wconf 87' lang='lat' dir='ltr'><strong>malitiae</strong></span> <span class='ocrx_word' id='word_1_95' title='bbox 1179 1683 1369 1747; x_wconf 90' lang='lat' dir='ltr'><strong>Iudaeorum</strong></span> <span class='ocrx_word' id='word_1_96' title='bbox 1392 1701 1449 1748; x_wconf 88' lang='lat' dir='ltr'><strong>nec</strong></span> 
     </span>
     <span class='ocr_line' id='line_1_13' title="bbox 302 1789 1449 1876; baseline -0.003 -21"><span class='ocrx_word' id='word_1_97' title='bbox 302 1791 483 1876; x_wconf 90' lang='lat' dir='ltr'><strong>diligentiae</strong></span> <span class='ocrx_word' id='word_1_98' title='bbox 506 1792 560 1856; x_wconf 87' lang='lat' dir='ltr'><strong>uel</strong></span> <span class='ocrx_word' id='word_1_99' title='bbox 582 1790 768 1872; x_wconf 90' lang='lat' dir='ltr'><strong>prudentiae</strong></span> <span class='ocrx_word' id='word_1_100' title='bbox 792 1791 996 1874; x_wconf 84' lang='lat' dir='ltr'><strong>septuaginta</strong></span> <span class='ocrx_word' id='word_1_101' title='bbox 1021 1791 1240 1874; x_wconf 86' lang='lat' dir='ltr'><strong>interpretum,</strong></span> <span class='ocrx_word' id='word_1_102' title='bbox 1269 1789 1325 1853; x_wconf 91' lang='lat' dir='ltr'><strong>sed</strong></span> <span class='ocrx_word' id='word_1_103' title='bbox 1352 1789 1449 1872; x_wconf 92' lang='lat' dir='ltr'><strong>scrip-</strong></span> 
     </span>
     <span class='ocr_line' id='line_1_14' title="bbox 300 1895 1450 1981; baseline -0.003 -19"><span class='ocrx_word' id='word_1_104' title='bbox 300 1900 379 1963; x_wconf 86' lang='lat' dir='ltr'><strong>toris</strong></span> <span class='ocrx_word' id='word_1_105' title='bbox 401 1898 560 1963; x_wconf 89' lang='lat' dir='ltr'><strong>tribuatur</strong></span> <span class='ocrx_word' id='word_1_106' title='bbox 583 1897 688 1974; x_wconf 85' lang='lat' dir='ltr'><strong>errori,</strong></span> <span class='ocrx_word' id='word_1_107' title='bbox 714 1899 768 1981; x_wconf 91' lang='lat' dir='ltr'><strong>qui</strong></span> <span class='ocrx_word' id='word_1_108' title='bbox 793 1897 830 1962; x_wconf 93' lang='lat' dir='ltr'><strong>de</strong></span> <span class='ocrx_word' id='word_1_109' title='bbox 854 1897 1049 1961; x_wconf 89' lang='lat' dir='ltr'><strong>bibliotheca</strong></span> <span class='ocrx_word' id='word_1_110' title='bbox 1067 1895 1242 1977; x_wconf 82' lang='lat' dir='ltr'><strong>supradicti</strong></span> <span class='ocrx_word' id='word_1_111' title='bbox 1260 1895 1346 1979; x_wconf 83' lang='lat' dir='ltr'><strong>regis</strong></span> <span class='ocrx_word' id='word_1_112' title='bbox 1365 1895 1450 1960; x_wconf 92' lang='lat' dir='ltr'><strong>codi-</strong></span> 
     </span>
     <span class='ocr_line' id='line_1_15' title="bbox 301 1999 1450 2088; baseline -0.004 -18"><span class='ocrx_word' id='word_1_113' title='bbox 301 2024 371 2070; x_wconf 87' lang='lat' dir='ltr'><strong>cem</strong></span> <span class='ocrx_word' id='word_1_114' title='bbox 407 1999 647 2070; x_wconf 90' lang='lat' dir='ltr'><strong>deseribeudum</strong></span> <span class='ocrx_word' id='word_1_115' title='bbox 684 2004 806 2088; x_wconf 88' lang='lat' dir='ltr'><strong>primus</strong></span> <span class='ocrx_word' id='word_1_116' title='bbox 845 2003 975 2085; x_wconf 89' lang='lat' dir='ltr'><strong>accepit.</strong></span> <span class='ocrx_word' id='word_1_117' title='bbox 1017 2001 1099 2066; x_wconf 89' lang='lat' dir='ltr'><strong>Nam</strong></span> <span class='ocrx_word' id='word_1_118' title='bbox 1132 2002 1229 2066; x_wconf 89' lang='lat' dir='ltr'><strong>etiam</strong></span> <span class='ocrx_word' id='word_1_119' title='bbox 1261 2019 1356 2080; x_wconf 90' lang='lat' dir='ltr'><strong>nunc,</strong></span> <span class='ocrx_word' id='word_1_120' title='bbox 1393 2003 1450 2066; x_wconf 92' lang='lat' dir='ltr'><strong>ubi</strong></span> 
     </span>
     <span class='ocr_line' id='line_1_16' title="bbox 301 2109 1494 2193; baseline 0.001 -18"><span class='ocrx_word' id='word_1_121' title='bbox 301 2113 424 2176; x_wconf 91' lang='lat' dir='ltr'><strong>numeri</strong></span> <span class='ocrx_word' id='word_1_122' title='bbox 454 2131 515 2176; x_wconf 92' lang='lat' dir='ltr'><strong>non</strong></span> <span class='ocrx_word' id='word_1_123' title='bbox 548 2113 669 2177; x_wconf 88' lang='lat' dir='ltr'><strong>faciunt</strong></span> <span class='ocrx_word' id='word_1_124' title='bbox 701 2113 857 2176; x_wconf 91' lang='lat' dir='ltr'><strong>intentum</strong></span> <span class='ocrx_word' id='word_1_125' title='bbox 886 2110 927 2175; x_wconf 88' lang='lat' dir='ltr'><strong>ad</strong></span> <span class='ocrx_word' id='word_1_126' title='bbox 954 2109 1084 2193; x_wconf 87' lang='lat' dir='ltr'><strong>aliquid,</strong></span> <span class='ocrx_word' id='word_1_127' title='bbox 1114 2109 1198 2193; x_wconf 89' lang='lat' dir='ltr'><strong>quod</strong></span> <span class='ocrx_word' id='word_1_128' title='bbox 1225 2109 1318 2174; x_wconf 83' lang='lat' dir='ltr'><strong>facile</strong></span> <span class='ocrx_word' id='word_1_129' title='bbox 1346 2110 1451 2192; x_wconf 88' lang='lat' dir='ltr'><strong>possit</strong></span> <span class='ocrx_word' id='word_1_130' title='bbox 1469 2136 1494 2176; x_wconf 79' lang='lat' dir='ltr'><strong>a</strong></span> 
     </span>
     <span class='ocr_line' id='line_1_17' title="bbox 301 2216 1450 2301; baseline 0 -20"><span class='ocrx_word' id='word_1_131' title='bbox 301 2219 445 2301; x_wconf 86' lang='lat' dir='ltr'><strong>intellegi</strong></span> <span class='ocrx_word' id='word_1_132' title='bbox 464 2219 516 2282; x_wconf 91' lang='lat' dir='ltr'><strong>uel</strong></span> <span class='ocrx_word' id='word_1_133' title='bbox 536 2217 621 2301; x_wconf 91' lang='lat' dir='ltr'><strong>quod</strong></span> <span class='ocrx_word' id='word_1_134' title='bbox 640 2219 789 2301; x_wconf 87' lang='lat' dir='ltr'><strong>appareat</strong></span> <span class='ocrx_word' id='word_1_135' title='bbox 806 2216 931 2281; x_wconf 89' lang='lat' dir='ltr'><strong>utiliter</strong></span> <span class='ocrx_word' id='word_1_136' title='bbox 950 2216 1040 2294; x_wconf 90' lang='lat' dir='ltr'><strong>disci,</strong></span> <span class='ocrx_word' id='word_1_137' title='bbox 1061 2219 1094 2280; x_wconf 90' lang='lat' dir='ltr'><strong>et</strong></span> <span class='ocrx_word' id='word_1_138' title='bbox 1112 2216 1315 2301; x_wconf 88' lang='lat' dir='ltr'><strong>neglegenter</strong></span> <span class='ocrx_word' id='word_1_139' title='bbox 1333 2217 1450 2281; x_wconf 90' lang='lat' dir='ltr'><strong>descri-</strong></span> 
     </span>
     <span class='ocr_line' id='line_1_18' title="bbox 301 2320 1452 2408; baseline -0.002 -19"><span class='ocrx_word' id='word_1_140' title='bbox 301 2326 418 2389; x_wconf 89' lang='lat' dir='ltr'><strong>buntur</strong></span> <span class='ocrx_word' id='word_1_141' title='bbox 442 2328 474 2389; x_wconf 91' lang='lat' dir='ltr'><strong>et</strong></span> <span class='ocrx_word' id='word_1_142' title='bbox 496 2325 717 2408; x_wconf 88' lang='lat' dir='ltr'><strong>neglegentius</strong></span> <span class='ocrx_word' id='word_1_143' title='bbox 742 2322 956 2388; x_wconf 88' lang='lat' dir='ltr'><strong>emendantur.</strong></span> <span class='ocrx_word' id='word_1_144' title='bbox 995 2320 1074 2400; x_wconf 79' lang='lat' dir='ltr'><strong>Quis</strong></span> <span class='ocrx_word' id='word_1_145' title='bbox 1098 2323 1182 2386; x_wconf 88' lang='lat' dir='ltr'><strong>enim</strong></span> <span class='ocrx_word' id='word_1_146' title='bbox 1206 2323 1267 2388; x_wconf 92' lang='lat' dir='ltr'><strong>sibi</strong></span> <span class='ocrx_word' id='word_1_147' title='bbox 1290 2323 1452 2388; x_wconf 85' lang='lat' dir='ltr'><strong>existimet</strong></span> 
     </span>
     <span class='ocr_line' id='line_1_19' title="bbox 301 2429 1449 2512; baseline -0.002 -16"><span class='ocrx_word' id='word_1_148' title='bbox 301 2451 371 2496; x_wconf 87' lang='lat' dir='ltr'><strong>esse</strong></span> <span class='ocrx_word' id='word_1_149' title='bbox 396 2430 593 2509; x_wconf 89' lang='lat' dir='ltr'><strong>discendum,</strong></span> <span class='ocrx_word' id='word_1_150' title='bbox 618 2434 697 2512; x_wconf 87' lang='lat' dir='ltr'><strong>quot</strong></span> <span class='ocrx_word' id='word_1_151' title='bbox 720 2430 810 2494; x_wconf 89' lang='lat' dir='ltr'><strong>milia</strong></span> <span class='ocrx_word' id='word_1_152' title='bbox 832 2429 998 2493; x_wconf 92' lang='lat' dir='ltr'><strong>hominum</strong></span> <span class='ocrx_word' id='word_1_153' title='bbox 1021 2429 1124 2493; x_wconf 89' lang='lat' dir='ltr'><strong>tribus</strong></span> <span class='ocrx_word' id='word_1_154' title='bbox 1143 2429 1242 2494; x_wconf 90' lang='lat' dir='ltr'><strong>Israel</strong></span> <span class='ocrx_word' id='word_1_155' title='bbox 1260 2429 1449 2512; x_wconf 87' lang='lat' dir='ltr'><strong>singillatim</strong></span> 
     </span>
     <span class='ocr_line' id='line_1_20' title="bbox 300 2535 1451 2620; baseline -0.002 -18"><span class='ocrx_word' id='word_1_156' title='bbox 300 2539 415 2602; x_wconf 90' lang='lat' dir='ltr'><strong>habere</strong></span> <span class='ocrx_word' id='word_1_157' title='bbox 438 2539 631 2620; x_wconf 81' lang='lat' dir='ltr'><strong>potueruut?</strong></span> <span class='ocrx_word' id='word_1_158' title='bbox 661 2536 810 2618; x_wconf 87' lang='lat' dir='ltr'><strong>quoniam</strong></span> <span class='ocrx_word' id='word_1_159' title='bbox 834 2535 983 2618; x_wconf 89' lang='lat' dir='ltr'><strong>prodesse</strong></span> <span class='ocrx_word' id='word_1_160' title='bbox 1007 2535 1128 2618; x_wconf 89' lang='lat' dir='ltr'><strong>aliquid</strong></span> <span class='ocrx_word' id='word_1_161' title='bbox 1154 2555 1217 2600; x_wconf 89' lang='lat' dir='ltr'><strong>nen</strong></span> <span class='ocrx_word' id='word_1_162' title='bbox 1244 2539 1392 2618; x_wconf 64' lang='lat' dir='ltr'><strong>putatum</strong></span> <span class='ocrx_word' id='word_1_163' title='bbox 1418 2540 1451 2601; x_wconf 93' lang='lat' dir='ltr'><strong>et</strong></span> 
     </span>
     <span class='ocr_line' id='line_1_21' title="bbox 301 2641 1494 2728; baseline -0.002 -19"><span class='ocrx_word' id='word_1_164' title='bbox 301 2647 417 2728; x_wconf 88' lang='lat' dir='ltr'><strong>quotus</strong></span> <span class='ocrx_word' id='word_1_165' title='bbox 442 2645 576 2726; x_wconf 90' lang='lat' dir='ltr'><strong>quisque</strong></span> <span class='ocrx_word' id='word_1_166' title='bbox 599 2643 764 2706; x_wconf 91' lang='lat' dir='ltr'><strong>bominum</strong></span> <span class='ocrx_word' id='word_1_167' title='bbox 789 2646 848 2714; x_wconf 80' lang='lat' dir='ltr'><strong>est,</strong></span> <span class='ocrx_word' id='word_1_168' title='bbox 878 2642 930 2707; x_wconf 91' lang='lat' dir='ltr'><strong>cui</strong></span> <span class='ocrx_word' id='word_1_169' title='bbox 955 2642 1156 2726; x_wconf 83' lang='lat' dir='ltr'><strong>profunditas</strong></span> <span class='ocrx_word' id='word_1_170' title='bbox 1178 2641 1329 2707; x_wconf 81' lang='lat' dir='ltr'><strong>utilitatis</strong></span> <span class='ocrx_word' id='word_1_171' title='bbox 1352 2642 1449 2706; x_wconf 90' lang='lat' dir='ltr'><strong>buius</strong></span> <span class='ocrx_word' id='word_1_172' title='bbox 1468 2670 1494 2707; x_wconf 77' lang='lat' dir='ltr'><strong>ao</strong></span> 
     </span>
     <span class='ocr_line' id='line_1_22' title="bbox 301 2747 1447 2833; baseline -0.001 -20"><span class='ocrx_word' id='word_1_173' title='bbox 301 2753 470 2833; x_wconf 77' lang='lat' dir='ltr'><strong>appareat?</strong></span> <span class='ocrx_word' id='word_1_174' title='bbox 494 2749 556 2813; x_wconf 90' lang='lat' dir='ltr'><strong>Hic</strong></span> <span class='ocrx_word' id='word_1_175' title='bbox 576 2766 661 2825; x_wconf 92' lang='lat' dir='ltr'><strong>uero,</strong></span> <span class='ocrx_word' id='word_1_176' title='bbox 681 2747 737 2811; x_wconf 91' lang='lat' dir='ltr'><strong>ubi</strong></span> <span class='ocrx_word' id='word_1_177' title='bbox 755 2767 811 2830; x_wconf 91' lang='lat' dir='ltr'><strong>per</strong></span> <span class='ocrx_word' id='word_1_178' title='bbox 829 2749 879 2812; x_wconf 90' lang='lat' dir='ltr'><strong>tot</strong></span> <span class='ocrx_word' id='word_1_179' title='bbox 897 2751 1060 2812; x_wconf 83' lang='lat' dir='ltr'><strong>contextas</strong></span> <span class='ocrx_word' id='word_1_180' title='bbox 1080 2748 1296 2831; x_wconf 89' lang='lat' dir='ltr'><strong>generationes</strong></span> <span class='ocrx_word' id='word_1_181' title='bbox 1321 2751 1447 2813; x_wconf 87' lang='lat' dir='ltr'><strong>centum</strong></span> 
     </span>
     <span class='ocr_line' id='line_1_23' title="bbox 301 2853 1449 2937; baseline -0.003 -16"><span class='ocrx_word' id='word_1_182' title='bbox 301 2858 373 2922; x_wconf 89' lang='lat' dir='ltr'><strong>anni</strong></span> <span class='ocrx_word' id='word_1_183' title='bbox 401 2856 477 2920; x_wconf 89' lang='lat' dir='ltr'><strong>alibi</strong></span> <span class='ocrx_word' id='word_1_184' title='bbox 505 2855 631 2933; x_wconf 89' lang='lat' dir='ltr'><strong>adsunt,</strong></span> <span class='ocrx_word' id='word_1_185' title='bbox 660 2855 736 2918; x_wconf 92' lang='lat' dir='ltr'><strong>alibi</strong></span> <span class='ocrx_word' id='word_1_186' title='bbox 764 2853 889 2932; x_wconf 90' lang='lat' dir='ltr'><strong>desunt,</strong></span> <span class='ocrx_word' id='word_1_187' title='bbox 918 2858 950 2918; x_wconf 92' lang='lat' dir='ltr'><strong>et</strong></span> <span class='ocrx_word' id='word_1_188' title='bbox 977 2858 1052 2936; x_wconf 87' lang='lat' dir='ltr'><strong>post</strong></span> <span class='ocrx_word' id='word_1_189' title='bbox 1078 2857 1199 2932; x_wconf 86' lang='lat' dir='ltr'><strong>natum,</strong></span> <span class='ocrx_word' id='word_1_190' title='bbox 1228 2854 1282 2937; x_wconf 89' lang='lat' dir='ltr'><strong>qui</strong></span> <span class='ocrx_word' id='word_1_191' title='bbox 1311 2873 1449 2920; x_wconf 90' lang='lat' dir='ltr'><strong>comme·</strong></span> 
     </span>
     <span class='ocr_line' id='line_1_24' title="bbox 299 2959 1449 3041; baseline -0.004 -12"><span class='ocrx_word' id='word_1_192' title='bbox 299 2963 469 3029; x_wconf 89' lang='lat' dir='ltr'><strong>morandus</strong></span> <span class='ocrx_word' id='word_1_193' title='bbox 501 2961 614 3041; x_wconf 88' lang='lat' dir='ltr'><strong>fuerat,</strong></span> <span class='ocrx_word' id='word_1_194' title='bbox 646 2961 747 3024; x_wconf 88' lang='lat' dir='ltr'><strong>filium</strong></span> <span class='ocrx_word' id='word_1_195' title='bbox 786 2959 902 3025; x_wconf 91' lang='lat' dir='ltr'><strong>desunt</strong></span> <span class='ocrx_word' id='word_1_196' title='bbox 933 2961 990 3024; x_wconf 93' lang='lat' dir='ltr'><strong>ubi</strong></span> <span class='ocrx_word' id='word_1_197' title='bbox 1023 2960 1201 3041; x_wconf 85' lang='lat' dir='ltr'><strong>adfuerunt,</strong></span> <span class='ocrx_word' id='word_1_198' title='bbox 1239 2961 1356 3026; x_wconf 87' lang='lat' dir='ltr'><strong>adsunt</strong></span> <span class='ocrx_word' id='word_1_199' title='bbox 1391 2963 1449 3026; x_wconf 93' lang='lat' dir='ltr'><strong>ubi</strong></span> 
     </span>
     <span class='ocr_line' id='line_1_25' title="bbox 300 3067 1449 3152; baseline -0.003 -17"><span class='ocrx_word' id='word_1_200' title='bbox 300 3071 478 3146; x_wconf 85' lang='lat' dir='ltr'><strong>defuerunt,</strong></span> <span class='ocrx_word' id='word_1_201' title='bbox 511 3071 549 3132; x_wconf 92' lang='lat' dir='ltr'><strong>ut</strong></span> <span class='ocrx_word' id='word_1_202' title='bbox 581 3087 706 3132; x_wconf 90' lang='lat' dir='ltr'><strong>summa</strong></span> <span class='ocrx_word' id='word_1_203' title='bbox 739 3067 922 3132; x_wconf 89' lang='lat' dir='ltr'><strong>concordet:</strong></span> <span class='ocrx_word' id='word_1_204' title='bbox 951 3067 1098 3131; x_wconf 89' lang='lat' dir='ltr'><strong>nimirum</strong></span> <span class='ocrx_word' id='word_1_205' title='bbox 1134 3085 1206 3131; x_wconf 91' lang='lat' dir='ltr'><strong>cum</strong></span> <span class='ocrx_word' id='word_1_206' title='bbox 1242 3067 1345 3132; x_wconf 91' lang='lat' dir='ltr'><strong>uellet</strong></span> <span class='ocrx_word' id='word_1_207' title='bbox 1379 3088 1449 3152; x_wconf 88' lang='lat' dir='ltr'><strong>per-</strong></span> 
     </span>
     <span class='ocr_line' id='line_1_26' title="bbox 300 3172 1493 3257; baseline -0.003 -15"><span class='ocrx_word' id='word_1_208' title='bbox 300 3176 443 3252; x_wconf 87' lang='lat' dir='ltr'><strong>suadere,</strong></span> <span class='ocrx_word' id='word_1_209' title='bbox 475 3175 530 3257; x_wconf 82' lang='lat' dir='ltr'><strong>qui</strong></span> <span class='ocrx_word' id='word_1_210' title='bbox 562 3175 623 3238; x_wconf 91' lang='lat' dir='ltr'><strong>hoe</strong></span> <span class='ocrx_word' id='word_1_211' title='bbox 653 3173 741 3251; x_wconf 84' lang='lat' dir='ltr'><strong>fecit,</strong></span> <span class='ocrx_word' id='word_1_212' title='bbox 773 3172 845 3238; x_wconf 89' lang='lat' dir='ltr'><strong>ideo</strong></span> <span class='ocrx_word' id='word_1_213' title='bbox 878 3174 1157 3238; x_wconf 90' lang='lat' dir='ltr'><strong>numerosissimos</strong></span> <span class='ocrx_word' id='word_1_214' title='bbox 1195 3192 1293 3237; x_wconf 91' lang='lat' dir='ltr'><strong>annos</strong></span> <span class='ocrx_word' id='word_1_215' title='bbox 1328 3174 1448 3239; x_wconf 83' lang='lat' dir='ltr'><strong>uixisse</strong></span> <span class='ocrx_word' id='word_1_216' title='bbox 1467 3199 1493 3238; x_wconf 79' lang='lat' dir='ltr'><strong>ss</strong></span> 
     </span>
     <span class='ocr_line' id='line_1_27' title="bbox 299 3279 1448 3365; baseline -0.004 -16"><span class='ocrx_word' id='word_1_217' title='bbox 299 3285 457 3365; x_wconf 88' lang='lat' dir='ltr'><strong>antiquos,</strong></span> <span class='ocrx_word' id='word_1_218' title='bbox 478 3281 560 3363; x_wconf 91' lang='lat' dir='ltr'><strong>quod</strong></span> <span class='ocrx_word' id='word_1_219' title='bbox 580 3299 634 3346; x_wconf 91' lang='lat' dir='ltr'><strong>eos</strong></span> <span class='ocrx_word' id='word_1_220' title='bbox 651 3280 861 3346; x_wconf 87' lang='lat' dir='ltr'><strong>breuissimos</strong></span> <span class='ocrx_word' id='word_1_221' title='bbox 881 3280 1114 3363; x_wconf 87' lang='lat' dir='ltr'><strong>nuncupabant,</strong></span> <span class='ocrx_word' id='word_1_222' title='bbox 1135 3283 1168 3344; x_wconf 88' lang='lat' dir='ltr'><strong>et</strong></span> <span class='ocrx_word' id='word_1_223' title='bbox 1185 3280 1246 3344; x_wconf 89' lang='lat' dir='ltr'><strong>boc</strong></span> <span class='ocrx_word' id='word_1_224' title='bbox 1264 3279 1303 3344; x_wconf 94' lang='lat' dir='ltr'><strong>de</strong></span> <span class='ocrx_word' id='word_1_225' title='bbox 1317 3282 1448 3345; x_wconf 87' lang='lat' dir='ltr'><strong>maturi-</strong></span> 
     </span>
     <span class='ocr_line' id='line_1_28' title="bbox 298 3386 1449 3472; baseline -0.003 -17"><span class='ocrx_word' id='word_1_226' title='bbox 298 3393 364 3455; x_wconf 89' lang='lat' dir='ltr'><strong>tate</strong></span> <span class='ocrx_word' id='word_1_227' title='bbox 386 3389 574 3472; x_wconf 90' lang='lat' dir='ltr'><strong>pubertatis,</strong></span> <span class='ocrx_word' id='word_1_228' title='bbox 604 3407 666 3470; x_wconf 87' lang='lat' dir='ltr'><strong>qua</strong></span> <span class='ocrx_word' id='word_1_229' title='bbox 687 3386 802 3452; x_wconf 88' lang='lat' dir='ltr'><strong>idonea</strong></span> <span class='ocrx_word' id='word_1_230' title='bbox 823 3387 883 3450; x_wconf 89' lang='lat' dir='ltr'><strong>filii</strong></span> <span class='ocrx_word' id='word_1_231' title='bbox 906 3386 1121 3471; x_wconf 87' lang='lat' dir='ltr'><strong>gignerentur,</strong></span> <span class='ocrx_word' id='word_1_232' title='bbox 1150 3388 1316 3451; x_wconf 88' lang='lat' dir='ltr'><strong>conaretur</strong></span> <span class='ocrx_word' id='word_1_233' title='bbox 1343 3390 1449 3452; x_wconf 90' lang='lat' dir='ltr'><strong>osten-</strong></span> 
     </span>
     <span class='ocr_line' id='line_1_29' title="bbox 300 3493 1449 3577; baseline -0.002 -17"><span class='ocrx_word' id='word_1_234' title='bbox 300 3496 381 3574; x_wconf 90' lang='lat' dir='ltr'><strong>dere,</strong></span> <span class='ocrx_word' id='word_1_235' title='bbox 406 3494 508 3577; x_wconf 86' lang='lat' dir='ltr'><strong>adque</strong></span> <span class='ocrx_word' id='word_1_236' title='bbox 531 3494 602 3560; x_wconf 87' lang='lat' dir='ltr'><strong>ideo</strong></span> <span class='ocrx_word' id='word_1_237' title='bbox 625 3495 657 3558; x_wconf 91' lang='lat' dir='ltr'><strong>in</strong></span> <span class='ocrx_word' id='word_1_238' title='bbox 680 3495 746 3559; x_wconf 90' lang='lat' dir='ltr'><strong>illis</strong></span> <span class='ocrx_word' id='word_1_239' title='bbox 771 3498 899 3558; x_wconf 92' lang='lat' dir='ltr'><strong>centum</strong></span> <span class='ocrx_word' id='word_1_240' title='bbox 924 3494 1013 3559; x_wconf 90' lang='lat' dir='ltr'><strong>aunis</strong></span> <span class='ocrx_word' id='word_1_241' title='bbox 1038 3493 1147 3558; x_wconf 89' lang='lat' dir='ltr'><strong>decem</strong></span> <span class='ocrx_word' id='word_1_242' title='bbox 1174 3496 1300 3558; x_wconf 89' lang='lat' dir='ltr'><strong>nostros</strong></span> <span class='ocrx_word' id='word_1_243' title='bbox 1326 3493 1449 3558; x_wconf 89' lang='lat' dir='ltr'><strong>insinu-</strong></span> 
     </span>
    </p>
   </div>
   <div class='ocr_carea' id='block_1_3' title="bbox 299 3599 1580 3792">
    <p class='ocr_par' dir='ltr' id='par_1_3' title="bbox 299 3599 1580 3792">
     <span class='ocr_line' id='line_1_30' title="bbox 299 3599 1448 3685; baseline -0.003 -18"><span class='ocrx_word' id='word_1_244' title='bbox 299 3603 396 3668; x_wconf 86' lang='lat' dir='ltr'><strong>andos</strong></span> <span class='ocrx_word' id='word_1_245' title='bbox 419 3605 546 3685; x_wconf 88' lang='lat' dir='ltr'><strong>putaret</strong></span> <span class='ocrx_word' id='word_1_246' title='bbox 567 3601 749 3678; x_wconf 88' lang='lat' dir='ltr'><strong>incredulis,</strong></span> <span class='ocrx_word' id='word_1_247' title='bbox 776 3620 816 3665; x_wconf 92' lang='lat' dir='ltr'><strong>ne</strong></span> <span class='ocrx_word' id='word_1_248' title='bbox 839 3601 984 3665; x_wconf 91' lang='lat' dir='ltr'><strong>homines</strong></span> <span class='ocrx_word' id='word_1_249' title='bbox 1011 3600 1135 3665; x_wconf 90' lang='lat' dir='ltr'><strong>tamdiu</strong></span> <span class='ocrx_word' id='word_1_250' title='bbox 1163 3600 1281 3665; x_wconf 83' lang='lat' dir='ltr'><strong>uixisse</strong></span> <span class='ocrx_word' id='word_1_251' title='bbox 1307 3599 1448 3682; x_wconf 89' lang='lat' dir='ltr'><strong>recipere</strong></span> 
     </span>
     <span class='ocr_line' id='line_1_31' title="bbox 299 3690 1580 3792; baseline 0.001 -18"><span class='ocrx_word' id='word_1_252' title='bbox 299 3711 330 3774; x_wconf 94' lang='lat' dir='ltr'><strong>in</strong></span> <span class='ocrx_word' id='word_1_253' title='bbox 352 3709 448 3774; x_wconf 91' lang='lat' dir='ltr'><strong>fidem</strong></span> <span class='ocrx_word' id='word_1_254' title='bbox 471 3709 600 3786; x_wconf 90' lang='lat' dir='ltr'><strong>nollent,</strong></span> <span class='ocrx_word' id='word_1_255' title='bbox 625 3707 747 3772; x_wconf 91' lang='lat' dir='ltr'><strong>addidit</strong></span> <span class='ocrx_word' id='word_1_256' title='bbox 771 3709 908 3786; x_wconf 86' lang='lat' dir='ltr'><strong>centum,</strong></span> <span class='ocrx_word' id='word_1_257' title='bbox 932 3707 989 3772; x_wconf 88' lang='lat' dir='ltr'><strong>ubi</strong></span> <span class='ocrx_word' id='word_1_258' title='bbox 1013 3706 1181 3792; x_wconf 85' lang='lat' dir='ltr'><strong>gignendis</strong></span> <span class='ocrx_word' id='word_1_259' title='bbox 1205 3705 1280 3771; x_wconf 87' lang='lat' dir='ltr'><strong>filiis</strong></span> <span class='ocrx_word' id='word_1_260' title='bbox 1307 3705 1449 3770; x_wconf 87' lang='lat' dir='ltr'><strong>habilem</strong></span> <span class='ocrx_word' id='word_1_261' title='bbox 1466 3735 1494 3774; x_wconf 80' lang='lat' dir='ltr'><strong>ao</strong></span> <span class='ocrx_word' id='word_1_262' title='bbox 1578 3690 1580 3775; x_wconf 63' lang='grc' dir='ltr'>ἶ</span> 
     </span>
    </p>
   </div>
   <div class='ocr_carea' id='block_1_4' title="bbox 298 3981 1447 4400">
    <p class='ocr_par' dir='ltr' id='par_1_4' title="bbox 298 3981 1447 4399">
     <span class='ocr_line' id='line_1_32' title="bbox 333 3981 1447 4052; baseline -0.002 -15"><span class='ocrx_word' id='word_1_263' title='bbox 333 3985 398 4037; x_wconf 70' lang='lat' dir='ltr'><strong>aaa</strong></span> <span class='ocrx_word' id='word_1_264' title='bbox 414 3981 530 4036; x_wconf 80' lang='lat' dir='ltr'><strong>teutlae</strong></span> <span class='ocrx_word' id='word_1_265' title='bbox 606 3982 702 4052; x_wconf 85' lang='lat' dir='ltr'><strong>quinta</strong></span> <span class='ocrx_word' id='word_1_266' title='bbox 720 3983 796 4035; x_wconf 78' lang='lat' dir='ltr'><strong>sexta</strong></span> <span class='ocrx_word' id='word_1_267' title='bbox 815 3984 883 4051; x_wconf 83' lang='lat' dir='ltr'><strong>sept.</strong></span> <span class='ocrx_word' id='word_1_268' title='bbox 908 3982 946 4048; x_wconf 89' lang='lat' dir='ltr'><strong>V;</strong></span> <span class='ocrx_word' id='word_1_269' title='bbox 964 3985 1041 4036; x_wconf 84' lang='lat' dir='ltr'><strong>sexta</strong></span> <span class='ocrx_word' id='word_1_270' title='bbox 1057 3997 1119 4050; x_wconf 72' lang='lat' dir='ltr'><strong>step.</strong></span> <span class='ocrx_word' id='word_1_271' title='bbox 1139 3982 1225 4036; x_wconf 67' lang='lat' dir='ltr'><strong>liat</strong></span> <span class='ocrx_word' id='word_1_272' title='bbox 1315 3983 1447 4052; x_wconf 78' lang='lat' dir='ltr'><strong>dposte</strong></span> 
     </span>
     <span class='ocr_line' id='line_1_33' title="bbox 298 4095 1444 4167; baseline -0.002 -14"><span class='ocrx_word' id='word_1_273' title='bbox 298 4099 472 4153; x_wconf 89' lang='lat' dir='ltr'><strong>8numerum</strong></span> <span class='ocrx_word' id='word_1_274' title='bbox 492 4096 517 4150; x_wconf 84' lang='lat' dir='ltr'><strong>e¹</strong></span> <span class='ocrx_word' id='word_1_275' title='bbox 582 4099 616 4152; x_wconf 82' lang='lat'><strong>14</strong></span> <span class='ocrx_word' id='word_1_276' title='bbox 635 4097 749 4151; x_wconf 91' lang='lat' dir='ltr'><strong>ubimeri</strong></span> <span class='ocrx_word' id='word_1_277' title='bbox 773 4097 801 4152; x_wconf 88' lang='lat' dir='ltr'><strong><em>V</em></strong></span> <span class='ocrx_word' id='word_1_278' title='bbox 863 4097 982 4167; x_wconf 75' lang='lat' dir='ltr'><strong>liquid</strong></span> <span class='ocrx_word' id='word_1_279' title='bbox 1004 4097 1031 4150; x_wconf 88' lang='lat' dir='ltr'><strong><em>V</em></strong></span> <span class='ocrx_word' id='word_1_280' title='bbox 1093 4099 1126 4154; x_wconf 92' lang='grc'><strong>16</strong></span> <span class='ocrx_word' id='word_1_281' title='bbox 1146 4098 1201 4152; x_wconf 84' lang='lat' dir='ltr'><strong>dici</strong></span> <span class='ocrx_word' id='word_1_282' title='bbox 1223 4095 1259 4150; x_wconf 91' lang='lat' dir='ltr'><strong>V¹</strong></span> <span class='ocrx_word' id='word_1_283' title='bbox 1313 4097 1347 4151; x_wconf 84' lang='lat'><strong>17</strong></span> <span class='ocrx_word' id='word_1_284' title='bbox 1366 4097 1444 4152; x_wconf 81' lang='lat' dir='ltr'><strong>exist</strong></span> 
     </span>
     <span class='ocr_line' id='line_1_34' title="bbox 298 4211 1447 4283; baseline -0.001 -15"><span class='ocrx_word' id='word_1_285' title='bbox 298 4215 383 4270; x_wconf 86' lang='lat' dir='ltr'><strong>sibio</strong></span> <span class='ocrx_word' id='word_1_286' title='bbox 461 4213 494 4266; x_wconf 89' lang='lat'><strong>18</strong></span> <span class='ocrx_word' id='word_1_287' title='bbox 514 4212 587 4282; x_wconf 92' lang='lat' dir='ltr'><strong>quod</strong></span> <span class='ocrx_word' id='word_1_288' title='bbox 606 4213 631 4267; x_wconf 83' lang='lat' dir='ltr'><strong>e¹</strong></span> <span class='ocrx_word' id='word_1_289' title='bbox 721 4213 755 4267; x_wconf 87' lang='grc'><strong>19</strong></span> <span class='ocrx_word' id='word_1_290' title='bbox 776 4214 904 4283; x_wconf 79' lang='lat' dir='ltr'><strong>quopiam</strong></span> <span class='ocrx_word' id='word_1_291' title='bbox 928 4213 955 4265; x_wconf 92' lang='lat' dir='ltr'><strong><em>V</em></strong></span> <span class='ocrx_word' id='word_1_292' title='bbox 1041 4215 1076 4268; x_wconf 85' lang='lat'><strong>22</strong></span> <span class='ocrx_word' id='word_1_293' title='bbox 1095 4213 1203 4281; x_wconf 86' lang='lat' dir='ltr'><strong>desunt,</strong></span> <span class='ocrx_word' id='word_1_294' title='bbox 1223 4211 1333 4281; x_wconf 77' lang='lat' dir='ltr'><strong>desusp.</strong></span> <span class='ocrx_word' id='word_1_295' title='bbox 1353 4211 1447 4276; x_wconf 64' lang='lat' dir='ltr'><strong>liam</strong></span> 
     </span>
     <span class='ocr_line' id='line_1_35' title="bbox 299 4283 1446 4400; baseline -0.002 -16"><span class='ocrx_word' id='word_1_296' title='bbox 299 4333 389 4400; x_wconf 73' lang='lat' dir='ltr'><strong>catum</strong></span> <span class='ocrx_word' id='word_1_297' title='bbox 411 4328 438 4382; x_wconf 89' lang='lat' dir='ltr'><strong><em>V</em></strong></span> <span class='ocrx_word' id='word_1_298' title='bbox 507 4329 542 4383; x_wconf 84' lang='lat'><strong>24</strong></span> <span class='ocrx_word' id='word_1_299' title='bbox 561 4328 697 4382; x_wconf 85' lang='lat' dir='ltr'><strong>conuellet</strong></span> <span class='ocrx_word' id='word_1_300' title='bbox 714 4327 739 4382; x_wconf 70' lang='lat' dir='ltr'><strong>e*</strong></span> <span class='ocrx_word' id='word_1_301' title='bbox 807 4329 843 4383; x_wconf 77' lang='grc'><strong>27</strong></span> <span class='ocrx_word' id='word_1_302' title='bbox 863 4330 959 4399; x_wconf 81' lang='lat' dir='ltr'><strong>quiae</strong></span> <span class='ocrx_word' id='word_1_303' title='bbox 1025 4329 1061 4384; x_wconf 81' lang='lat'><strong>28</strong></span> <span class='ocrx_word' id='word_1_304' title='bbox 1080 4334 1187 4384; x_wconf 84' lang='lat' dir='ltr'><strong>centum</strong></span> <span class='ocrx_word' id='word_1_305' title='bbox 1167 4283 1300 4399; x_wconf 56' lang='lat' dir='ltr'><strong>”decern</strong></span> <span class='ocrx_word' id='word_1_306' title='bbox 1318 4326 1446 4391; x_wconf 82' lang='lat' dir='ltr'><strong>snpisV</strong></span> 
     </span>
    </p>
   </div>
   <div class='ocr_carea' id='block_1_5' title="bbox 0 0 1600 4959">
    <p class='ocr_par' dir='ltr' id='par_1_5' title="bbox 0 0 1600 4959">
     <span class='ocr_line' id='line_1_36' title="bbox 0 0 1600 4959; baseline 0 1"><span class='ocrx_word' id='word_1_307' title='bbox 0 0 1600 4959; x_wconf 95' lang='lat' dir='ltr'><strong> </strong></span> 
     </span>
    </p>
   </div>
  </div>
 </body>
</html>
