3192 4959
331 475 396 538 496
680 473 706 527 S.
734 473 892 527 Aurelii
918 473 1136 544 Augustini

331 668 549 733 Hebraeorum
577 668 756 751 opinionem
784 668 864 733 dicit
890 666 1129 754 Hieronymus),
1157 669 1314 734 iudicium
1345 670 1463 734 nouissi-

332 796 422 839 mum
450 776 620 859 prophetat
644 775 764 839 dicens:
789 776 883 840 Ecce
907 777 1021 853 uenit,
1047 776 1141 840 dicit
1165 776 1344 841 Dominus
1368 778 1463 842 omni-

332 888 479 967 potens:
514 885 551 946 et
582 883 667 964 quis
701 882 911 947 sustinebit
943 881 1039 946 diem
1073 883 1257 948 introitus
1281 884 1379 958 cius
1411 887 1463 946 aut

333 989 419 1071 quis
443 988 540 1052 ferre
564 987 709 1072 poterit
731 992 773 1052 ut
797 988 988 1072 adspiciat
1012 993 1114 1054 eum?
1139 987 1235 1068 Quia
1257 990 1338 1072 ipsc
1360 990 1463 1073 ingre·

333 1097 436 1160 ditur
468 1095 577 1178 quasi
608 1094 710 1178 iguis
743 1094 964 1159 conflatorii
1003 1099 1039 1160 et
1072 1097 1177 1178 quasi
1211 1096 1325 1161 herba
1355 1096 1493 1160 lauro-s

295 1228 300 1238 ·
333 1204 442 1278 tium3
476 1206 514 1265 et
548 1201 700 1265 sedebit
731 1201 902 1266 conflans
932 1205 968 1266 et
996 1201 1199 1267 emundans
1228 1203 1330 1268 sicut
1353 1221 1462 1285 argeu-

332 1313 410 1373 tum
449 1311 485 1372 ot
522 1308 624 1371 siout
661 1326 803 1384 aurum,
842 1311 878 1372 at
914 1308 1133 1373 emundabit
1165 1309 1274 1374 filios
1307 1309 1402 1386 Laui,
1435 1314 1463 1372 et

334 1415 466 1479 tundet
490 1433 551 1479 sos
577 1415 678 1479 sicut
701 1432 830 1478 aurum
855 1418 891 1478 ct
909 1417 1118 1498 argentum3
1140 1422 1177 1479 et
1196 1421 1306 1481 erunt
1324 1417 1462 1480 Domino

334 1523 540 1586 offerentes
577 1519 725 1585 hostias
762 1520 798 1584 iu
839 1520 1003 1600 iustitia,
1046 1525 1082 1586 et
1117 1522 1288 1605 placebit
1323 1521 1461 1586 Domino

335 1628 569 1692 sacrificium
594 1626 709 1690 Iudae
733 1629 769 1689 et
792 1627 1042 1698 Hierusalem,
1072 1627 1494 1710 sicutdiobusp1·isti-o

335 1737 392 1798 nis
426 1739 463 1798 et
497 1735 599 1797 sicut
632 1733 738 1796 aunis
769 1733 973 1814 prioribus.
1006 1735 1052 1798 iit
1080 1735 1254 1799 accedam
1284 1734 1327 1800 ad
1353 1755 1414 1799 uos
1434 1735 1462 1796 in

334 1842 494 1917 iudicio,
524 1843 560 1904 et
583 1859 643 1904 ero
671 1841 789 1904 testis
813 1840 920 1905 uelor
952 1859 1063 1924 super
1086 1841 1285 1906 maleficos
1310 1845 1345 1906 et
1367 1859 1463 1923 super

336 1949 530 2012 adulteros
569 1951 605 2010 et
642 1965 754 2029 super
791 1965 864 2024 eos,
903 1947 967 2029 qui
999 1946 1124 2012 iurant
1156 1948 1192 2011 in
1225 1949 1371 2013 nomine
1398 1965 1462 2010 meo

335 2053 578 2129 mendaciter,
612 2056 647 2115 et
680 2053 742 2133 qui
775 2053 952 2116 fraudant
986 2053 1191 2118 mercedem
1223 2054 1462 2119 mercennario

336 2164 372 2223 et
410 2158 629 2240 obprimunt
665 2175 729 2238 por
765 2158 974 2238 potentiam
1016 2157 1150 2222 uiduas
1188 2163 1225 2222 et
1261 2159 1493 2240 porcutiuutn

335 2264 506 2347 pupillos
534 2267 571 2326 et
599 2267 823 2344 peruertunt
850 2263 1036 2328 iudicium
1060 2264 1235 2340 aduenae,
1267 2269 1303 2328 et
1327 2266 1464 2349 quinon

336 2373 472 2436 timent
499 2388 564 2447 me,
594 2369 689 2433 dicit
717 2369 898 2433 Dominus
928 2369 1178 2452 omnipotens:
1209 2372 1379 2454 quoniam
1409 2388 1464 2452 ego

337 2478 518 2541 Dominus
541 2476 643 2539 Deus
672 2478 811 2553 noster,
841 2479 877 2539 et
901 2493 969 2540 nou
993 2479 1124 2543 mutor.
1151 2477 1198 2541 Er
1221 2478 1272 2542 his
1297 2497 1373 2560 quae
1395 2475 1466 2539 dicta

337 2587 412 2648 sunt
448 2582 575 2646 uidetur
611 2581 792 2646 euidentius
831 2601 979 2664 apparere
1017 2583 1049 2646 in
1086 2583 1141 2648 illo
1173 2583 1293 2648 iudicio
1331 2581 1464 2666 quasdam

337 2689 532 2772 quorundam
569 2687 769 2772 purgatorias
802 2706 920 2769 poenas
958 2689 1092 2754 futuras.
1131 2689 1193 2754 Ubi
1233 2691 1316 2754 euim
1353 2689 1498 2753 diciturzu

338 2795 430 2874 Quis
464 2794 675 2860 sustinebit
707 2793 804 2856 dicm
837 2793 1022 2858 introitus
1052 2794 1144 2870 eiua,
1177 2802 1242 2859 aut
1270 2796 1353 2878 quis
1381 2796 1465 2859 ferre

337 2903 488 2987 poterit,
513 2905 554 2965 ut
577 2901 768 2983 adspiciat
787 2904 891 2965 oum?
917 2900 1014 2981 Quia
1037 2901 1118 2985 ipse
1142 2902 1355 2985 ingreditur
1372 2899 1465 2984 quasi

336 3009 439 3093 iguis
465 3007 686 3072 conflatorii
711 3012 747 3071 ot
771 3007 879 3088 quasi
903 3007 1018 3072 herba
1035 3008 1260 3082 locantium
1282 3013 1318 3074 et
1336 3005 1467 3072 sedebit

339 3115 509 3180 conflans
534 3117 571 3178 et
595 3113 797 3178 emundans
823 3114 923 3178 sicut
946 3119 1142 3197 argentum
1170 3119 1206 3178 et
1230 3115 1332 3180 sicut
1352 3131 1464 3178 aurum

339 3232 375 3286 et
403 3220 623 3286 emundabit
650 3220 755 3284 filios
783 3220 884 3302 Leni,
915 3222 951 3284 et
979 3220 1111 3284 fundet
1138 3239 1201 3285 cos
1226 3221 1328 3285 sicut
1353 3235 1498 3282 aurumss

340 3334 375 3392 et
403 3324 608 3411 argeutum:
638 3326 713 3408 quid
741 3325 829 3390 aliud
856 3326 1105 3411 intellegendum
1134 3329 1204 3390 est?
1233 3327 1321 3390 Dicit
1340 3325 1400 3389 talc
1422 3322 1466 3386 ali·

340 3434 416 3517 quid
449 3437 481 3498 ct
512 3433 637 3497 Esaias:
670 3433 832 3496 Lauabit
863 3433 1045 3497 Dominus
1079 3432 1209 3497 sordes
1244 3433 1407 3498 filiorum
1438 3430 1468 3490 et

431 3626 444 3678 1
464 3623 538 3679 Hier.
558 3639 675 3693 prooem.
695 3625 723 3676 in
741 3623 858 3680 Malach.
914 3624 930 3677 2
949 3623 1013 3679 brial.
1033 3625 1058 3688 3,
1081 3625 1093 3677 1
1114 3640 1174 3694 sqq.
1229 3625 1262 3678 27
1281 3623 1352 3678 Dssi.
1370 3623 1427 3688 4,4

376 3749 539 3818 2ucnietp
611 3748 675 3802 3et
692 3766 780 3818 cnsp
852 3749 933 3817 quiq
1005 3747 1189 3803 demundaus
1208 3749 1287 3804 codd.
1305 3765 1333 3814 o;
1348 3745 1468 3800 mundans

340 3838 440 3892 Domb.
535 3838 606 3890 sicut
625 3854 718 3890 aurum
738 3841 766 3890 ct
784 3837 856 3890 sicut
875 3841 1051 3905 argentomo
1140 3837 1155 3890 1
1177 3837 1333 3892 emundabit
1350 3847 1469 3905 cappa

342 3943 402 3981 ecce
420 3925 562 3979 mundabit
581 3926 611 3991 b;
629 3926 773 3979 mundabit
792 3945 806 3995 p
824 3925 924 3980 Domb.
972 3926 1005 3980 ld
1024 3925 1103 3980 iudae
1123 3926 1191 3980 obe
1197 3943 1219 3994 p
1237 3926 1346 3991 Donrb.,·
1365 3923 1425 3978 iuda
1436 3939 1468 3990 pc

344 4019 376 4070 14
393 4015 543 4068 mercedem
562 4017 745 4068 mercennario
767 4029 877 4083 appu
894 4013 1016 4068 mercede
1034 4013 1220 4080 mercennarii,
1239 4015 1310 4069 iim.
1329 4014 1394 4066 2s'n
1413 4027 1468 4064 rus..

341 4106 372 4157 in
396 4121 482 4171 marp.
508 4103 630 4156 mercede
660 4105 853 4165 mercennario,
880 4119 907 4169 e;
932 4102 1081 4156 mercedem
1109 4103 1306 4156 mercennarios
1331 4099 1468 4170 pronb

344 4195 375 4246 16
394 4194 590 4262 peruenerunt,
609 4195 634 4244 rt
652 4209 686 4244 sn.
706 4194 726 4244 2
743 4209 777 4245 erc
795 4209 812 4244 n
832 4209 943 4255 corr.,c
1017 4192 1048 4246 17
1068 4192 1132 4260 quia
1146 4207 1167 4259 p
1240 4191 1276 4246 20
1294 4185 1468 4256 curundsmp¹

342 4284 374 4333 ‘21
396 4280 443 4348 qui
461 4288 528 4335 sust.
545 4280 572 4348 9¹
629 4279 814 4333 armandam
834 4281 875 4349 ὁρ
896 4269 994 4336 Homo.
1051 4281 1121 4334 sicut
1140 4296 1233 4333 aurum
1253 4285 1282 4333 et
1298 4279 1366 4332 sicut
1383 4293 1469 4346 argeu-

341 4376 431 4422 tumc
488 4369 522 4421 25
542 4368 700 4422 emundabit
716 4387 749 4437 ω
767 4369 910 4422 mundabit
929 4369 943 4422 b
962 4368 1062 4423 Dooob.
1117 4369 1150 4422 27
1169 4367 1276 4423 leuauit
1294 4368 1309 4420 b
