3192 4959
318 463 385 524 464
669 459 696 512 S.
723 458 880 512 Aurelii
911 457 1131 526 Augustini

316 653 460 718 infernus
485 656 592 717 autem
614 655 742 736 propter
763 652 875 728 malos,
905 652 960 734 qni
984 652 1078 716 etiarn
1103 671 1221 734 poenas
1249 654 1328 734 aput
1354 651 1470 716 inferos

320 760 474 842 pendunt.
504 759 539 824 Si
568 760 651 824 enim
680 779 740 824 nou
768 759 904 824 absurde
934 758 1018 823 credi
1045 759 1173 822 uidetur
1200 759 1349 841 antiquos
1374 759 1470 822 etiam

318 870 459 941 sanctos,
488 866 543 948 qui
570 866 697 930 uenturi
726 865 845 930 Christi
870 868 1039 930 tennerunt
1061 863 1168 942 fidem,
1195 865 1276 930 locis
1300 865 1429 948 quidem
1455 883 1469 928 a

320 973 486 1038 tormentis
522 973 681 1055 inpiorum
717 971 955 1048 remotissimis,
998 971 1054 1037 sed
1091 974 1169 1054 aput
1204 971 1322 1036 inferos
1358 971 1468 1046 fuisse,

317 1080 420 1145 donec
443 1099 497 1145 eos
520 1079 592 1143 inde
615 1078 734 1144 Christi
757 1078 889 1162 sanguis
913 1081 946 1143 ot
973 1078 1012 1142 ad
1035 1097 1072 1142 aa
1093 1078 1165 1144 loca
1188 1078 1360 1142 descensus
1383 1097 1468 1142 crue-
1492 1097 1501 1134 ι

320 1189 378 1263 ret,
415 1186 558 1269 profecto
595 1185 744 1266 deinceps
779 1185 856 1250 boni
892 1183 1002 1249 fideles
1037 1184 1137 1250 offuso
1174 1184 1230 1250 illo
1267 1185 1368 1266 pretio
1403 1184 1467 1247 iarn

314 1292 452 1357 redemti
482 1311 611 1375 prorsus
641 1292 759 1356 inferos
791 1291 948 1365 nesciunt,
983 1290 1082 1356 donee
1119 1293 1214 1356 etiam
1243 1291 1378 1374 receptis
1401 1311 1466 1356 cor-

318 1399 451 1482 poribus
477 1399 560 1462 bone
587 1398 750 1481 recipient,
779 1418 860 1480 quae
883 1401 1053 1462 merentur.
1083 1397 1163 1462 Cum
1188 1401 1296 1462 autern
1320 1397 1464 1461 dixisset:

320 1506 369 1568 Et
394 1505 571 1569 iudicati
601 1508 694 1568 sunt
722 1505 880 1589 singuli
911 1505 1133 1570 secundum
1162 1505 1272 1569 facta
1296 1523 1377 1580 sua,
1400 1505 1464 1567 hre-

319 1611 404 1675 uiter
435 1609 582 1687 subiecit,
615 1629 707 1692 quem
738 1611 777 1674 ad
805 1611 934 1676 modum
963 1611 1081 1676 fuerint
1103 1611 1251 1675 indicati:
1285 1611 1332 1675 Et
1364 1629 1500 1674 morsu

318 1722 360 1781 et
382 1717 578 1792 infernus,
601 1717 715 1798 iuquit,
739 1716 856 1781 missi
881 1720 975 1781 sunt
998 1717 1036 1781 in
1062 1719 1249 1801 stagnum
1273 1716 1393 1801 ignis,
1417 1716 1464 1780 his

320 1823 500 1887 nominibus
533 1822 715 1906 significans
747 1822 920 1899 diabolum,
953 1823 1100 1907 quoniam
1133 1825 1245 1888 mortis
1279 1827 1328 1887 est
1358 1826 1465 1886 auctor

319 1929 574 2012 infernarumque
592 1949 775 2012 poenarum,
794 1931 1040 2011 uniuersumque
1055 1931 1153 1994 simul
1168 1929 1354 1992 daemonum
1370 1929 1463 1992 socie·

319 2039 369 2099 tat
371 2055 430 2100 eni.
463 2036 534 2101 Hoc
566 2039 616 2100 est
648 2036 731 2100 euim
763 2035 849 2118 quod
877 2055 973 2117 supra
1001 2036 1181 2101 euidentius
1209 2033 1461 2119 praeoccupando

318 2141 544 2206 iamdixerat:
573 2141 622 2206 Et
645 2141 846 2218 diabolus,
877 2142 1192 2225 quiseducebat
1178 2146 1292 2216 teos,
1317 2141 1498 2204 missnsu

319 2248 425 2312 est
417 2267 454 2310 in
492 2252 682 2331 stagnum
714 2249 901 2332 igniset
933 2249 1154 2331 sulphuris.
1194 2245 1288 2327 Quod
1320 2245 1462 2312 ueroibi
1560 2241 1561 2268 ³

319 2354 490 2419 obscurius
519 2355 702 2419 adiunxerat
730 2355 852 2420 diceus:
888 2353 1043 2434 Quoet
1028 2355 1181 2420 tbets
1152 2359 1280 2420 ttrae
1303 2352 1460 2438 pseudo-

320 2459 1460 2545 propheta‚hrcapert1nslitquinonsuutinquitinnenti

318 2569 358 2631 in
382 2568 489 2633 libro
513 2569 626 2633 uitae
650 2568 811 2649 scripti,
831 2568 949 2632 missi
969 2570 1120 2633 suntin
1141 2573 1328 2652 stagnum
1347 2567 1456 2651 ignis,

318 2673 390 2738 Nou
415 2675 518 2738 Deum
542 2675 622 2738 liber
644 2675 706 2738 iste
729 2678 965 2755 commemorat,
996 2693 1034 2739 ne
1059 2675 1218 2741 obliuione
1243 2676 1382 2747 fallatum
1405 2669 1457 2736 sed
1473 2687 1495 2724 τι
1559 2657 1560 2672 ’

319 2780 639 2863 praedestinationem
677 2780 836 2866 significat
873 2799 992 2858 eorum,
1031 2780 1146 2864 quibus
1179 2785 1307 2846 aeterua
1341 2778 1458 2844 dabitur

235 2927 244 2948 .
317 2886 396 2952 uita.
428 2886 540 2968 Neque
569 2887 652 2951 enim
680 2887 784 2952 nescit
811 2905 865 2951 eos
889 2887 977 2952 Deus
1006 2892 1038 2952 et
1065 2889 1096 2952 iu
1126 2888 1186 2952 hoc
1213 2888 1295 2953 libro
1318 2887 1401 2969 legit.
1424 2887 1456 2946 ut

318 2991 417 3064 sciat;
451 2991 507 3055 sed
537 2990 645 3073 potins
676 2991 747 3075 ipsa
778 2992 847 3056 eius
880 2993 1091 3074 praescientia
1118 2992 1156 3056 de
1182 2993 1258 3072 illis,
1294 2989 1455 3075 quaefalli
1558 3025 1559 3034 ι

319 3116 380 3161 uon
409 3101 526 3180 potest,
554 3097 635 3162 liber
662 3103 712 3162 est
738 3098 835 3178 uitae,
863 3100 894 3164 in
924 3119 985 3182 qno
1014 3103 1091 3164 sunt
1117 3100 1240 3182 scripti,
1268 3099 1301 3163 id
1325 3098 1454 3164 estante

319 3204 525 3289 praecogniti.
1470 3215 1492 3252 ’ὁ

767 3397 904 3464 CAPUT
929 3399 1015 3464 XVI.

572 3539 624 3602 De
650 3538 762 3603 caelo
787 3557 889 3603 nouo
915 3543 953 3604 et
975 3543 1084 3604 terra
1108 3557 1219 3604 noua.

362 3677 467 3741 Finito
496 3681 601 3741 autem
628 3677 758 3756 iudicio,
787 3698 849 3761 quo
878 3677 1114 3761 praenuntiauit
1140 3679 1326 3746 iudicandos
1352 3677 1450 3752 malos,

316 3788 418 3848 restet
448 3787 487 3847 nt
518 3785 614 3849 etiam
648 3785 685 3850 de
718 3785 810 3850 bouis
844 3787 938 3851 dicut.
970 3787 1037 3852 lam
1071 3788 1154 3852 eninr
1183 3789 1352 3873 expliouuit
1376 3781 1448 3868 quod

409 4011 442 4064 17
461 4009 545 4081 Apoc.
564 4012 608 4078 20,
628 4013 662 4065 14
681 4029 721 4082 sq.

355 4134 501 4203 5sanguis
521 4133 656 4188 Christio
726 4135 760 4189 10
779 4135 988 4204 quemamodum
1004 4153 1023 4206 g
1096 4137 1129 4192 13
1148 4137 1362 4208 infernarumque
1378 4147 1447 4202 epp
1555 4147 1556 4162 ¹

317 4224 348 4275 et
365 4221 529 4275 infernarum
548 4239 564 4275 u
582 4223 680 4277 Domb.
773 4226 806 4278 16
830 4225 947 4296 sulpuris
966 4241 1003 4296 ep
1112 4227 1152 4280 ibi
1172 4244 1270 4282 ueroo
1354 4223 1444 4278 2011011

316 4323 373 4410 dm,
392 4347 424 4398 in
436 4363 522 4415 marg.
542 4303 614 4409 dum,
633 4365 659 4412 c;
677 4347 826 4402 nondumb
876 4351 910 4404 22
928 4349 998 4420 legit
1018 4367 1150 4422 coppo:
1168 4341 1442 4422 legiturbpavurb·
