3192 4959
298 444 350 497 De
378 445 551 498 ciuitate
579 444 640 498 dei
667 444 957 516 lib.xv111.cep.
992 447 1032 500 13.
1062 448 1104 503 14.
1218 453 1282 515 285

140 638 189 703 sed
218 639 323 717 illum,
354 639 504 720 quicum
527 640 665 704 Hercule
694 641 831 705 serniuit
853 641 1003 719 Admet03
1028 642 1082 723 qni
1106 646 1211 707 tamen
1236 646 1282 709 sic

140 750 184 810 est
206 745 287 810 deus
312 746 462 823 creditus,
486 750 523 810 ut
544 746 673 828 plurimi
698 765 733 809 ac
755 766 855 829 paene
880 766 987 811 omnes
1012 767 1111 813 unum
1135 750 1282 815 eundem-

139 872 194 935 que
221 853 403 936 Apollinem
431 853 531 917 fuisse
561 853 735 934 opinentur.
771 854 859 919 Tunc
889 858 921 918 et
949 854 1042 919 Liber
1068 860 1157 939 pater
1185 858 1283 921 bella-

137 961 182 1025 uit
211 960 244 1024 in
276 960 378 1037 ludia,
411 960 466 1042 qui
499 962 616 1024 multas
649 961 762 1025 habuit
791 962 823 1024 in
857 962 994 1025 exercitu
1028 963 1170 1041 feminas,
1201 984 1282 1047 quae

113 1068 279 1132 oBacchae
298 1067 476 1150 appellatae
490 1072 586 1153 sunt,
605 1086 666 1132 nou
685 1070 751 1131 tam
770 1068 892 1132 uirtute
912 1069 1034 1133 nobiles
1055 1088 1148 1151 qnam
1167 1070 1280 1137 furore.

137 1174 240 1257 Aliqui
274 1193 350 1238 saue
377 1176 409 1238 et
436 1173 559 1237 uictum
588 1174 730 1238 scribunt
757 1175 856 1238 istum
884 1174 1034 1239 Liberum
1063 1181 1094 1241 et
1122 1179 1279 1255 uinctum3

137 1281 276 1345 nonnulli
301 1283 334 1344 et
356 1280 498 1346 occisum
521 1280 552 1343 in
576 1300 684 1364 pugna
708 1299 726 1343 a
748 1280 876 1359 Perseo,
900 1301 957 1345 nec
981 1282 1035 1345 ubi
1059 1282 1156 1347 fuerit
1176 1285 1281 1365 sepul-

136 1392 184 1452 tus
216 1391 338 1462 taceut3
372 1391 405 1451 et
436 1391 541 1451 tamen
574 1387 642 1451 eius
675 1388 766 1451 uelut
795 1387 846 1451 dei
873 1388 998 1452 nomine
1028 1409 1084 1471 per
1109 1389 1280 1454 inmundos

137 1495 301 1559 daemones
329 1493 540 1558 Bacchanalia
567 1513 656 1558 sacra
683 1495 736 1558 uel
762 1495 872 1577 potius
901 1496 1068 1579 sacrilegia
1092 1501 1167 1559 sunt
1188 1496 1279 1560 insti-

100 1604 211 1678 otuta,
240 1600 280 1665 de
308 1619 441 1683 quorum
470 1599 596 1663 rabiosa
621 1600 819 1683 turpitudine
847 1605 921 1683 post
948 1605 1013 1667 tam
1038 1603 1157 1667 inultos
1183 1622 1279 1667 annos

137 1708 178 1771 sic
209 1711 341 1771 senatus
374 1706 509 1787 erubuit,
542 1710 580 1770 ut
609 1708 642 1771 in
669 1708 746 1771 urbe
774 1708 876 1772 Roma
904 1728 973 1774 esse
1001 1708 1191 1790 prohiberet.
1219 1708 1281 1772 Per

136 1834 169 1877 ea
189 1818 336 1897 tempora
352 1813 488 1877 Perseus
508 1816 540 1876 ot
558 1832 635 1877 uxor
654 1813 942 1879 eiusAndromeda
961 1819 1072 1896 postea
1092 1836 1186 1897 quam
1206 1820 1280 1879 sunt

135 1921 259 1999 monui,
287 1921 336 1985 sic
363 1939 417 1984 eos
440 1920 471 1983 in
496 1920 619 1985 caelum
648 1924 792 2003 receptos
818 1940 887 1986 esse
912 1922 1119 1999 crediderunt,
1143 1925 1181 1985 nt
1204 1922 1278 1985 ima·

136 2028 220 2109 gines
249 2047 359 2092 eornm
387 2027 492 2092 stellis
521 2027 686 2111 designare
714 2048 887 2110 eorumque
915 2029 1073 2112 appellare
1096 2027 1278 2093 numinibus

96 2158 119 2197 n
135 2154 190 2198 non
214 2134 447 2216 erubescerent,
471 2152 532 2198 non
555 2134 713 2200 timerent.

573 2326 710 2391 CAPUT
733 2326 837 2392 Xllll.

474 2451 528 2515 De
552 2451 762 2536 theologis
785 2452 933 2535 poetis.

173 2576 234 2641 Per
255 2576 343 2641 idem
360 2575 514 2657 temporis
532 2575 737 2640 interuallum
756 2578 945 2641 exstiterunt
962 2578 1086 2659 poetae,
1107 2576 1160 2659 qui
1181 2576 1278 2639 etiam

131 2683 272 2767 theologi
304 2684 491 2761 dicerentur,
520 2682 668 2766 quoniam
701 2682 738 2747 dc
772 2682 821 2747 dis
855 2682 993 2748 carmina
1023 2682 1192 2757 faciebant,
1221 2681 1277 2745 sed

92 2816 114 2853 ro
131 2791 247 2855 talibus
272 2790 332 2867 dis,
356 2789 411 2871 qui
437 2790 524 2854 licet·
541 2790 648 2873 magui
671 2788 829 2867 hominen,
853 2792 958 2854 tamen
982 2790 1126 2855 homines
1151 2789 1278 2853 fuerunt

130 2903 185 2962 ant
211 2896 322 2961 mundi
350 2897 465 2973 huius,
481 2916 576 2978 quem
603 2915 698 2960 uerus
721 2896 810 2960 Deus
834 2896 920 2972 fecit,
944 2897 1102 2961 elementa
1124 2897 1199 2959 sunt
1222 2899 1277 2958 aut

130 3004 159 3067 in
182 3004 413 3087 principatibus
437 3007 469 3068 et
487 3004 701 3086 potestatibus
720 3022 777 3085 pro
796 3003 961 3067 uoluntate
982 3002 1138 3068 Creatoris
1158 3004 1190 3065 et
1208 3000 1276 3065 suis

129 3109 250 3175 meritis
275 3109 419 3186 ordinati,
440 3114 471 3174 et
490 3109 518 3173 si
537 3110 613 3191 quid
633 3110 671 3175 de
690 3130 753 3174 uno
774 3129 849 3174 uero
876 3110 940 3174 Deo
964 3110 1047 3175 inter
1070 3111 1172 3173 multa
1195 3126 1277 3171 uana

131 3220 161 3281 et
189 3218 269 3281 talea
296 3216 487 3294 cecinerunt,
512 3217 642 3281 colendo
671 3236 744 3282 cum
773 3216 829 3280 illo
858 3216 949 3293 alios,
973 3216 1026 3299 qui
1051 3216 1082 3281 di
1105 3234 1166 3279 non
1191 3217 1276 3292 sunt,

88 3349 112 3388 re
129 3323 238 3406 eisque
271 3322 444 3387 exhibendo
476 3321 677 3399 famulatum,
706 3324 761 3405 qui
794 3322 848 3385 uni
880 3326 1003 3387 tautum
1038 3323 1170 3387 debetur
1197 3322 1275 3397 Deo,

126 3448 191 3493 non
215 3430 243 3494 ei
265 3430 376 3511 utique
399 3430 460 3493 rite
484 3429 663 3495 seruierunt
689 3448 747 3494 nec
772 3448 790 3493 a
812 3428 959 3493 fabuloso
990 3429 1119 3493 deorum
1144 3446 1272 3492 suorum

127 3534 279 3602 dedecore
307 3537 403 3601 etiam
431 3536 493 3601 sibi
520 3556 555 3601 se
583 3536 740 3601 abstinere
763 3538 936 3619 potuerunt
958 3574 1001 3582 —
1026 3534 1182 3617 Orpheae,
1205 3534 1274 3597 Mu-

128 3662 232 3719 saeus,
253 3643 363 3707 Linus.
387 3642 505 3706 Verum
529 3641 584 3707 isti
606 3642 749 3725 theologi
772 3641 848 3705 deos
874 3642 1049 3717 coluerunt,
1071 3659 1131 3704 non
1149 3658 1205 3722 pro
1226 3640 1274 3703 dis

128 3749 207 3814 culti
231 3752 320 3824 sunt3
345 3748 493 3831 quamuis
513 3747 675 3831 Orpheum
692 3748 800 3811 nescio
821 3767 882 3829 quo
907 3746 1000 3811 modo
1023 3746 1153 3810 infernis
1178 3746 1275 3809 sacris

88 3883 112 3923 eo
128 3856 181 3919 uel
203 3857 308 3939 potius
333 3856 510 3941 sacrilegiis
533 3855 701 3938 praeficere
725 3855 827 3918 soleat
851 3854 964 3917 ciuitas
993 3853 1161 3935 inpiorum.
1190 3850 1275 3915 Uror

165 4048 178 4100 1
196 4047 314 4117 quicum
331 4047 448 4101 Hercule
463 4046 578 4101 seruiuit
591 4044 699 4100 admeto
715 4048 835 4109 (amneto
846 4044 879 4113 p)
894 4060 971 4112 mss.;
990 4060 1068 4113 quem
1084 4060 1143 4097 omn
1159 4042 1275 4095 Hercule

127 4135 217 4189 ierunt
235 4137 345 4190 Admeti
363 4136 437 4204 regis
456 4138 579 4189 armenta
597 4135 706 4206 pauisse
725 4151 741 4189 n
784 4136 815 4188 ll
837 4133 994 4202 perhiberet
1013 4148 1026 4185 e
1062 4132 1095 4185 12
1114 4146 1241 4199 persaeus
1261 4147 1274 4183 e

130 4226 163 4278 15
181 4242 232 4280 non
251 4232 318 4280 unte
331 4225 420 4279 timer.
436 4242 487 4279 om.
506 4242 520 4278 e
555 4226 591 4278 24
610 4226 764 4279 cecinerunt
784 4224 958 4293 abeppae;
977 4220 1153 4289 cecinerintp
1172 4219 1271 4273 Domh.

129 4348 236 4404 colendo
247 4391 345 4408 ......
356 4320 422 4403 sunt
440 4366 524 4404 onec
577 4326 713 4415 terente,
731 4348 763 4403 in
780 4365 867 4418 marp.
884 4325 981 4413 ritae
1035 4346 1069 4401 30
1089 4344 1228 4413 saenlegis
1249 4342 1273 4397 e¹
