3192 4959
311 471 376 535 244
658 467 683 521 S.
711 465 868 520 Aurelii
896 464 1110 535 Augustini

311 662 525 727 aedificabo
550 661 631 726 tibi.
656 662 747 725 Hunc
771 662 854 726 enim
878 662 1007 726 domum
1027 664 1059 725 et
1077 680 1134 725 nos
1155 661 1360 726 aedificamus
1379 662 1451 727 bene

310 769 459 847 uiuendo,
493 774 525 833 et
557 770 643 833 Deus
676 773 714 831 ut
745 769 825 833 bene
858 770 1007 833 uiuamus
1042 768 1240 851 opitulando;
1279 769 1354 851 quia
1385 768 1451 833 nisi

311 876 494 941 Dominus
514 876 784 941 aedificaberit
798 875 955 952 domum,
972 875 1008 939 in
1023 894 1158 939 uanum
1173 875 1349 940 laborant
1365 874 1451 939 aedi·

311 982 475 1046 ficantes
509 1002 595 1046 eam.
630 982 728 1047 Cuius
758 981 872 1046 domus
904 1000 976 1046 curn
1004 982 1127 1045 uenerit
1153 982 1268 1045 ultima
1291 981 1452 1047 dedicatio.
1551 958 1552 1021 l

312 1092 389 1153 tunc
413 1089 469 1153 fiet
490 1089 582 1162 illud,
606 1089 692 1171 quod
715 1089 766 1153 bic
790 1108 846 1170 per
869 1087 995 1152 Nathan
1013 1088 1142 1153 locutus
1163 1090 1213 1152 est
1231 1088 1317 1152 Deus
1339 1088 1453 1152 dicens:
1480 1113 1490 1154 s

312 1197 359 1260 Et
382 1216 514 1279 ponem
534 1197 657 1261 locum
677 1196 816 1279 populo
836 1214 916 1260 meo
935 1195 1065 1273 Israel,
1086 1197 1122 1258 et
1140 1195 1319 1278 plantabo
1339 1193 1453 1271 illum,

314 1308 350 1368 et
383 1302 617 1367 inhabitabit
650 1322 831 1377 seorsum,
865 1305 903 1366 et
929 1321 999 1366 non
1029 1300 1226 1367 sollicitus
1255 1301 1328 1364 erit
1351 1300 1454 1366 ultra.
1551 1334 1552 1375 p

315 1414 351 1475 et
374 1430 443 1475 non
467 1409 629 1491 adponet
652 1409 763 1473 filius
781 1408 1006 1491 iniquitatis
1026 1407 1226 1471 humiliare
1248 1426 1340 1483 eum,
1361 1406 1456 1470 sicut

315 1517 358 1581 ab
394 1516 507 1580 initio
546 1535 564 1578 a
596 1516 742 1589 diebus,
776 1515 916 1597 quibus
951 1513 1137 1579 constitui
1169 1514 1317 1578 iudices
1352 1531 1457 1595 super

315 1623 496 1705 populum
520 1642 638 1687 meum
662 1623 794 1687 Israel.
1472 1644 1492 1684 u

763 1814 901 1879 CAPUT
923 1814 1011 1880 Xlll.

317 1959 370 2021 An
403 1956 611 2040 promissae
644 1956 750 2037 pacis
783 1955 928 2019 ueritas
960 1955 1042 2019 illis
1077 1955 1311 2038 temporibus
1340 1954 1456 2038 possit

473 2063 650 2139 adscribi,
675 2082 770 2143 quae
794 2063 862 2126 sub
889 2062 1085 2127 Salomone
1109 2062 1311 2126 fluxerunt.

361 2205 432 2269 Hoc
463 2207 529 2268 tam
560 2224 712 2287 magnum
744 2204 862 2267 bonum
897 2204 1040 2286 quisquis
1073 2205 1104 2267 in
1133 2205 1199 2269 hoc·
1221 2205 1349 2269 saeculo
1378 2205 1408 2267 et
1428 2202 1456 2265 in

319 2314 378 2377 bac
409 2315 492 2375 terra
524 2314 638 2395 sperat,
671 2310 858 2393 insipienter
890 2311 981 2392 sapit.
1014 2313 1061 2375 An
1091 2312 1250 2395 quispiam
1278 2310 1404 2394 putabit
1428 2309 1455 2371 in
1471 2336 1491 2375 u

318 2437 395 2502 pace
431 2418 519 2503 regni
558 2417 735 2481 Salomonis
773 2415 806 2479 id
846 2436 915 2480 esso
957 2418 1161 2501 conpletum?
1198 2418 1315 2481 Pacem
1348 2418 1456 2499 quippe

318 2527 407 2590 illem
435 2524 592 2606 scriptura
618 2525 650 2586 in
675 2524 786 2587 umbra
813 2523 913 2587 futuri
937 2524 1100 2589 excellenti
1123 2524 1358 2607 praedicatione
1382 2542 1458 2587 com-

320 2631 457 2696 mendat.
490 2630 551 2695 Sed
583 2631 658 2694 huic
691 2631 865 2711 suspicioni
899 2632 1069 2715 uigilantes
1096 2650 1264 2696 occursum
1294 2640 1352 2707 est,
1381 2648 1456 2702 cunr,

320 2742 433 2822 postea
460 2758 553 2820 quarn
583 2738 704 2801 dictum
733 2741 797 2800 est:
832 2738 878 2802 lit
910 2758 978 2803 non
1007 2740 1168 2821 adponet
1195 2738 1306 2802 filius
1330 2735 1457 2818 iniqui-

321 2845 414 2909 tatis
444 2844 648 2908 humiliare
672 2864 763 2921 cum,
793 2845 942 2909 continuo
968 2844 1171 2909 subiunctum
1196 2850 1258 2910 est:
1291 2844 1397 2909 Sicut
1419 2841 1455 2905 ab
1472 2868 1492 2906 u

322 2952 435 3016 initio
460 2970 478 3014 a
502 2950 646 3026 diebus,
676 2950 814 3032 quibus
840 2951 1025 3016 constitui
1049 2950 1194 3016 iudices
1220 2970 1333 3035 super
1355 2971 1456 3036 popu·

321 3059 399 3122 lum
431 3075 551 3120 meum
582 3057 712 3121 Israel.
745 3057 871 3121 Iudices
905 3078 1049 3140 namque,
1082 3060 1267 3141 priusquam
1299 3080 1388 3144 reges
1419 3058 1457 3121 ibi

323 3184 393 3229 esse
426 3164 614 3246 coepissent,
647 3183 744 3247 super
774 3162 867 3228 illurn
895 3165 1050 3247 populum
1078 3166 1203 3229 fueraut
1226 3165 1400 3243 constituti,
1427 3184 1457 3227 er

324 3290 385 3355 quo
418 3274 533 3333 terram
565 3269 785 3351 promissionis
815 3270 946 3352 accepit.
972 3270 1013 3333 lit
1040 3270 1150 3352 utique
1178 3272 1368 3336 humiliabat
1393 3289 1456 3334 eum

323 3378 409 3441 filius
445 3376 633 3457 iniquitatis,
670 3377 730 3440 hoc
768 3379 818 3439 cst
855 3378 956 3441 bostis
990 3378 1175 3461 alienigena,
1213 3398 1269 3460 per
1304 3376 1494 3442 interuallum

323 3489 512 3565 temporum,
546 3482 660 3563 quibus
693 3484 846 3567 leguntur
873 3502 965 3567 paces
995 3484 1166 3550 alternasse
1196 3504 1268 3549 eum
1297 3486 1401 3561 bellis3
1432 3486 1459 3545 et

324 3591 527 3654 inueniuntur
565 3588 633 3653 illic
674 3589 761 3673 pacis
803 3594 945 3671 tempore
982 3590 1150 3672 prolixiora
1186 3611 1281 3673 quam
1321 3590 1459 3657 Salomon

324 3696 447 3772 habuit,
476 3695 531 3777 qui
559 3694 767 3779 quadraginta
793 3697 941 3779 regnauit
969 3715 1081 3773 annos;
1110 3716 1181 3761 nam
1210 3698 1269 3761 sub
1295 3718 1331 3762 so
1353 3697 1460 3771 iudice,

327 3802 381 3884 qui
414 3803 464 3866 est
490 3801 669 3884 appellatus
698 3802 777 3880 lod,
808 3804 970 3885 octoginta
998 3804 1069 3867 anni
1098 3804 1184 3887 pacis
1208 3804 1346 3869 inerunt.
1377 3803 1462 3869 Absit

417 3978 433 4029 2
451 3976 496 4029 Ps.
517 3976 576 4039 126,
597 3976 609 4028 l
667 3976 682 4028 6
702 3976 768 4045 Reg.
788 3975 824 4039 ΙΙ,
845 3978 869 4041 7,
891 3976 923 4030 10
943 3993 982 4045 sq.

363 4102 379 4155 3
398 4099 808 4170 laborent9p51aborauernnt
827 4102 858 4167 b;
875 4102 1040 4155 laborabunt
1059 4118 1151 4171 sepo
1170 4102 1269 4157 Domb.
1325 4108 1341 4161 5
1360 4103 1460 4159 natham

328 4207 367 4259 ep
449 4190 629 4258 ltparcius
707 4191 740 4244 15
763 4192 790 4243 in
815 4190 891 4260 pace]
917 4192 945 4244 in
969 4194 1081 4261 putate
1164 4190 1196 4245 18
1215 4209 1354 4247 occursum
1373 4192 1462 4247 omero

329 4281 413 4341 este
497 4278 531 4329 22
550 4280 676 4347 numque]
698 4283 823 4348 sutemp
910 4281 943 4332 27
963 4280 1147 4351 prolexioreq
1222 4282 1257 4335 29
1277 4282 1376 4353 appell.
1395 4284 1462 4334 esto

328 4366 401 4421 ahod
417 4383 447 4435 9,·
466 4365 575 4431 sedech,
592 4369 775 4436 superscripto
795 4370 861 4432 aiot,
882 4369 897 4423 b
