3192 4959
313 430 377 492 300
647 428 676 483 ἃ
703 428 862 481 ΑπτοΙΗ
891 428 1112 498 Augustini

254 625 259 635 “
309 622 408 705 spinis
431 623 590 687 coronasti
613 627 646 685 et
668 622 830 687 horridum
853 623 897 687 iel
915 622 1085 687 miscuisti.
1109 622 1234 705 Templi
1252 642 1326 688 uero
1346 622 1438 687 uelum

309 729 482 804 scindetur;
517 734 550 793 et
581 729 686 794 medio
715 729 766 793 die
793 748 853 793 nox
880 730 940 794 erit
967 730 1134 794 tenebrosa
1165 728 1261 795 nimis
1288 729 1319 792 iu
1350 728 1438 793 tribus

308 834 405 899 horis.
432 836 475 899 itt
500 838 603 901 morte
631 836 784 901 morietur
811 836 912 901 tribus
943 836 1054 900 diebus
1083 854 1192 901 somno
1225 839 1385 919 suseeptm
1413 838 1439 898 ei

306 943 383 1006 tuuc
407 943 445 1006 ab
468 943 577 1007 inferis
600 962 765 1027 regressus
790 942 829 1007 ad
852 944 958 1007 lucem
981 943 1089 1007 ueniet
1110 942 1232 1024 primus
1255 942 1440 1007 resurreetio-

308 1046 358 1111 uis
385 1048 539 1130 principio
567 1048 726 1114 reuocatis
755 1049 908 1115 ostenso?
933 1050 1001 1113 Ista
1028 1048 1212 1113 Lactantius
1240 1048 1371 1130 carptim
1395 1066 1441 1130 per
1463 1070 1472 1108 s

308 1152 475 1218 interualla
498 1153 723 1236 disputationis
743 1174 830 1230 suae,
851 1155 935 1220 sieut
954 1174 990 1220 sa
1008 1172 1137 1238 poscere
1156 1154 1354 1232 uidebantur,
1373 1172 1441 1236 quae

299 1258 440 1341 'probare
472 1261 660 1340 intenderat,
694 1262 841 1327 adhibuit
872 1244 1057 1327 testimonia
1089 1260 1254 1345 Sibyllina,
1286 1278 1364 1343 quae
1393 1278 1440 1324 uos

308 1365 389 1429 nibil
410 1368 656 1449 interponentes,
681 1367 737 1434 sed
758 1370 791 1433 iu
815 1390 909 1434 uuam
934 1370 1048 1434 seriem
1072 1386 1188 1433 conexa
1205 1372 1357 1452 ponentes
1375 1366 1441 1431 solis

309 1472 478 1555 capitibus,
502 1474 530 1538 si
552 1476 658 1539 temen
683 1475 852 1558 scriptores
881 1476 1028 1558 deinceps
1058 1495 1095 1541 ea
1117 1494 1244 1541 seruare
1266 1494 1327 1539 nou
1349 1472 1442 1556 negle-

308 1581 395 1661 gant,
420 1578 645 1665 distiuguenda
671 1582 864 1646 curauimus.
893 1582 1045 1647 Nonnulli
1073 1598 1147 1646 sene
1174 1581 1376 1665 Erythraeam
1402 1576 1441 1643 Si·
1456 1604 1475 1643 o
1559 1630 1560 1635 ,

308 1684 427 1767 byllsm
460 1704 522 1750 uon
549 1686 688 1766 Romuli,
717 1688 774 1751 sed
800 1688 877 1753 belli
906 1688 1031 1754 Troiani
1058 1692 1201 1772 tempore
1230 1688 1328 1753 luisse
1356 1686 1442 1769 sculp-

309 1795 427 1855 serunt.

736 1970 874 2036 CAPUT
896 1972 1029 2037 XXIIII.

310 2088 423 2168 Quod
454 2082 651 2178 regnante
682 2095 853 2161 Romulo
887 2101 1041 2179 septem
1080 2096 1290 2179 sapientes
1327 2096 1441 2161 claru-

309 2198 426 2276 erint,
469 2220 544 2283 quo
586 2204 766 2284 tempore
809 2202 943 2267 decem
986 2202 1139 2279 tribus,
1182 2222 1281 2286 quae
1321 2202 1475 2267 Israelo

309 2303 563 2384 dicebantur,
601 2308 640 2371 ln
678 2307 968 2391 captiuitatem
1003 2328 1021 2375 a
1053 2308 1273 2374 Chaldaeis
1306 2309 1440 2373 ductae

308 2413 412 2492 suut,
450 2412 635 2497 idemque
667 2415 864 2479 Romulus
901 2419 1086 2481 mortuus
1124 2416 1264 2480 diuino
1303 2416 1439 2479 honore

740 2520 916 2586 donatus
941 2525 1011 2587 est.

349 2642 470 2707 Eodem
493 2644 629 2709 Romulo
653 2648 802 2728 regnante
825 2646 939 2711 Thales
964 2646 1111 2711 Milesius
1134 2646 1235 2712 fuisse
1258 2646 1440 2730 perhibetur,

304 2769 387 2813 uuus
421 2770 437 2814 e
471 2755 593 2833 septem
626 2752 833 2832 sapientibus,
868 2753 923 2835 qui
954 2756 1028 2837 post
1064 2754 1232 2838 theologos
1264 2758 1382 2838 poetas,
1413 2750 1476 2814 ius

306 2856 422 2937 quibus
438 2854 583 2939 Orpheus
599 2858 733 2922 maxime
752 2860 893 2923 omnium
913 2860 1099 2925 nobihtatus
1119 2864 1178 2937 est,
1194 2860 1284 2945 copel
1302 2856 1441 2943 appellati

306 2966 391 3039 suut,
415 2962 499 3045 quod
524 2967 574 3027 est
596 2964 707 3028 Latine
731 2966 899 3047 sapientes.
923 2966 984 3030 Per
1006 2966 1091 3031 idern
1115 2970 1242 3049 tempus
1267 2966 1373 3031 decem
1393 2964 1441 3029 tri-

304 3070 376 3144 bus,
401 3089 481 3151 quae
504 3070 535 3133 iu
561 3069 717 3134 diuisione
744 3072 855 3154 populi
884 3076 1015 3137 crocotas
1044 3075 1119 3137 sunt
1141 3074 1251 3148 Israel,
1276 3072 1442 3137 debellatae

305 3174 505 3258 ucbaldaeis
525 3180 557 3241 et
574 3177 606 3239 iu
626 3196 679 3241 eas
698 3180 798 3241 terras
818 3178 963 3261 captiuae
981 3179 1095 3243 ductae
1114 3181 1198 3255 sunt,
1217 3178 1441 3243 remanentibus

304 3282 335 3346 iu
367 3282 486 3348 Iudaea
516 3288 599 3347 terra
630 3283 753 3349 duabus
785 3286 851 3349 illis
888 3285 1046 3359 tribubus,
1079 3304 1159 3368 quae
1196 3286 1320 3351 nomine
1351 3284 1478 3349 Iudaeo

304 3390 500 3454 uocabantur
531 3390 703 3474 sedemque
735 3394 823 3476 regni
856 3392 1014 3458 habebant
1043 3394 1253 3459 HIernsslem.
1285 3393 1441 3458 Mortuum

303 3495 486 3574 Romulum,
512 3514 584 3560 cum
617 3501 649 3561 et
681 3496 750 3579 ipse
783 3518 844 3562 non
877 3500 1105 3581 conparuisset,
1130 3501 1161 3563 in
1194 3500 1282 3578 deos,
1306 3498 1389 3582 quod
1414 3502 1442 3560 et

305 3602 403 3685 uulgo
435 3602 638 3667 notissimum
672 3608 732 3681 est,
760 3606 912 3669 rettulere
940 3606 1086 3683 Romani3
1121 3606 1206 3687 quod
1237 3625 1338 3689 usque
1370 3602 1441 3668 adeo

304 3708 371 3772 lieri
385 3708 447 3773 iam
463 3709 600 3774 desierat
612 3714 682 3792 (uec
695 3714 808 3792 postea
824 3711 885 3775 nisi
904 3712 1070 3790 adulando,
1090 3732 1151 3777 non
1170 3712 1310 3789 errando,
1328 3713 1443 3775 factum
1559 3730 1560 3733 ¹

305 3819 352 3879 est
375 3815 571 3897 temporibus
591 3816 787 3902 Caesarum),
813 3822 849 3881 ut
868 3817 976 3882 Cicero
1001 3818 1124 3902 magnis
1148 3818 1277 3883 Romuli
1300 3816 1443 3883 laudibus
1459 3834 1480 3875 so

302 3922 433 3999 tribuat,
466 3922 551 4006 quod
582 3942 644 3987 nou
676 3924 808 3989 rudibus
843 3928 875 3987 et
906 3924 1043 3990 indoctis
1082 3924 1291 4009 temporibus,
1324 3920 1442 4007 quaudo

392 4096 709 4159 md.mmnss‚a

340 4220 1443 4291 mmmmmfflm.pfflmmfflfflmp

302 4294 511 4406 ΞΗΜΜΜ,
530 4341 733 4399 ΜῊΜο
796 4339 1053 4393 ffimfflmm
1116 4338 1445 4407 mmmmmmr
