3192 4959
286 465 352 526 438
633 461 660 513 S.
690 460 847 514 Aurelii
875 459 1092 528 Augustini

289 659 349 735 est,
384 676 445 719 non
479 659 661 738 resurgunt.
685 654 833 718 Veniet
861 653 963 717 enim
992 653 1087 718 hora
1114 653 1182 734 (ubi
1210 672 1269 717 non
1296 655 1357 717 ait:
1388 653 1432 717 nt

286 780 388 825 nune
422 765 495 836 est,
529 761 603 843 quia
635 761 666 824 in
699 761 760 824 fine
792 760 854 824 erit
882 759 1012 838 saeculi,
1045 761 1104 824 hoo
1133 762 1183 824 est
1212 760 1243 823 in
1269 759 1380 823 ultimo
1403 763 1433 822 et

285 870 422 932 marimo
451 868 568 932 iudioio
593 868 676 953 Dei),
707 867 861 948 quando
887 887 1031 944 omnes,
1062 866 1190 949 quiin
1215 885 1431 930 monumen·

285 976 338 1040 tis
363 980 465 1052 sunt,
490 975 658 1038 audient
683 994 819 1038 nooem
844 975 931 1037 eins
958 977 996 1036 et
1018 973 1247 1056 procedent.
1267 971 1338 1036 Non
1359 972 1433 1036 dixit

286 1102 379 1163 quern
413 1081 452 1144 ad
484 1082 614 1146 modurn
647 1081 677 1144 in
710 1081 826 1162 prima:
861 1081 908 1144 ut
937 1080 1003 1160 qui
1033 1079 1248 1156 audierint,
1281 1079 1431 1143 uiuent.
1460 1101 1471 1138 ι

286 1188 357 1251 Νοθ
382 1189 464 1252 θθιθι
491 1207 599 1253 omnes
624 1189 744 1272 uiuent,
769 1207 807 1252 ea
825 1187 893 1251 nita
912 1186 1045 1260 seilicet,
1066 1205 1157 1268 quae,
1177 1186 1324 1268 quoniam
1344 1187 1432 1249 beata

286 1298 344 1372 est,
371 1295 438 1358 sola
460 1294 530 1358 uita
553 1295 684 1358 dicenda
707 1297 765 1358 est.
794 1293 876 1358 Nam
901 1293 1012 1376 utique
1035 1313 1096 1356 non
1121 1293 1188 1372 sine
1212 1291 1433 1375 qualicumque

285 1401 354 1463 uita
376 1405 510 1484 possent
532 1401 639 1465 andire
664 1405 696 1466 et
719 1401 757 1464 de
780 1400 996 1466 monumentis
1015 1402 1199 1484 resurgente
1219 1419 1310 1464 earne
1329 1419 1432 1483 proee-

286 1505 368 1571 dere.
403 1505 506 1585 Quare
535 1512 641 1572 autern
670 1527 731 1572 non
760 1525 869 1570 omnes
899 1507 1019 1585 uiuent,
1051 1507 1083 1570 in
1113 1526 1149 1571 eo
1179 1506 1264 1589 qnod
1292 1508 1433 1588 sequitur

288 1612 396 1688 doeet3
423 1612 489 1695 qui
520 1615 630 1691 bona,
655 1614 768 1695 inquit,
793 1615 991 1694 fecerunt,
1021 1614 1059 1678 in
1088 1614 1429 1679 resurrectionem
1449 1636 1471 1670 n

287 1719 409 1793 uitae,
438 1720 471 1782 hi
499 1724 575 1785 sunt
604 1721 658 1802 qui
687 1721 815 1798 uiuent;
845 1721 912 1804 qui
935 1740 1029 1784 nero
1054 1721 1158 1784 mala
1186 1725 1366 1803 egerunt,
1395 1719 1429 1782 iu

285 1826 630 1892 resurrectionem
662 1827 821 1906 iudicii,
855 1827 887 1891 hi
921 1831 995 1892 sont
1028 1827 1082 1910 qui
1114 1847 1174 1893 non
1207 1829 1327 1905 uiuent,
1361 1827 1432 1908 quia

286 1932 425 1996 secunda
448 1938 548 1998 morte
572 1934 755 2000 morientur.
780 1933 868 1998 Mala
887 1935 1003 2016 qnippe
1022 1937 1164 2018 egerunt,
1185 1934 1332 2017 quoniam
1351 1934 1431 1996 male

288 2039 449 2114 oixernnt;
474 2042 557 2104 male
581 2046 688 2104 autern
712 2042 870 2118 uirernnt
895 2041 969 2124 quia
987 2042 1018 2105 in
1038 2041 1148 2124 prima,
1173 2060 1253 2124 quae
1272 2059 1355 2104 nuno
1375 2043 1430 2118 est,

286 2146 462 2210 animarum
488 2149 718 2212 resurreetione
746 2168 807 2212 nou
832 2149 1012 2212 reuirerunt
1035 2151 1090 2212 aot
1112 2148 1143 2211 in
1169 2167 1216 2225 eo,
1246 2145 1329 2228 quod
1352 2147 1472 2211 reni-1⁵

285 2257 401 2329 xerunt,
428 2273 490 2318 uon
517 2254 549 2318 in
573 2253 668 2319 finem
691 2273 794 2336 usque
819 2259 1009 2320 manserunt.
1037 2253 1128 2320 Siout
1151 2273 1225 2338 ergo
1256 2253 1337 2318 duae
1361 2255 1433 2318 sunt

285 2360 549 2442 regenerationes
574 2361 612 2425 de
636 2362 752 2444 quibus
775 2362 838 2425 iarn
864 2381 960 2446 supra
982 2363 1111 2427 loeutus
1135 2381 1218 2438 sum,
1241 2380 1306 2424 nna
1325 2380 1431 2425 seeun-

286 2464 361 2529 dum
394 2465 498 2543 fidem,
532 2487 612 2550 quae
643 2488 725 2532 nune
758 2468 795 2531 fit
826 2488 881 2550 per
913 2467 1124 2552 baptismum3
1163 2467 1226 2531 alia
1257 2467 1431 2532 seeundum

285 2591 419 2649 earnem,
458 2592 537 2656 quae
569 2574 605 2637 fit
635 2575 667 2638 in
701 2575 769 2639 eius
802 2575 1035 2656 incorruptione
1072 2575 1173 2655 adque
1204 2575 1433 2639 inmortalitate

285 2699 340 2760 per
363 2678 517 2744 iodicium
537 2700 686 2765 magnum
706 2681 808 2763 adque
828 2682 1055 2746 nouissimum:
1074 2681 1120 2744 ita
1138 2685 1213 2745 sunt
1232 2685 1264 2745 et
1281 2701 1435 2746 rssuneo-
1452 2699 1475 2738 2⁰

286 2785 388 2850 tiones
418 2786 509 2863 duae,
532 2805 595 2850 uua
618 2787 729 2871 prima,
758 2807 838 2871 quae
863 2791 895 2852 et
924 2807 1006 2852 nuno
1035 2792 1085 2852 est
1112 2791 1145 2852 et
1172 2789 1348 2854 animarum
1378 2791 1436 2864 est

286 2911 366 2974 quae
390 2892 496 2955 uenire
521 2912 581 2957 non
604 2895 762 2974 permittit
783 2894 815 2958 in
839 2897 974 2958 mortem
993 2895 1180 2968 secundam
1206 2895 1268 2958 alia
1287 2895 1437 2972 secunda

285 3018 366 3081 quae
389 3018 451 3063 non
474 3019 567 3076 nunc,
592 3001 647 3065 sed
670 3001 701 3065 in
726 3001 848 3066 saeculi
871 3001 931 3064 fine
955 3001 1063 3065 futura
1085 3003 1145 3080 est,
1169 3020 1227 3065 neo
1250 3003 1437 3074 animarum,

286 3106 342 3169 sed
375 3124 541 3188 corporum
574 3111 632 3181 est,
666 3127 746 3190 qnae
777 3128 834 3190 per
860 3103 1009 3172 ultimum
1039 3107 1191 3172 iudicium
1221 3109 1301 3172 alios
1329 3108 1439 3172 mittet

285 3213 316 3275 iu
351 3213 521 3276 secundam
554 3217 699 3292 mortem,
732 3215 811 3278 alios
838 3215 870 3279 in
900 3235 968 3279 earn
997 3213 1107 3292 uitam,
1141 3234 1222 3296 quae
1251 3235 1312 3279 non
1341 3215 1478 3278 habete

285 3323 429 3383 mortem.

322 3511 426 3564 2saeo.
447 3512 532 3564 erito
597 3510 690 3566 6scii.
709 3513 802 3565 uitae
866 3511 1107 3592 ¹Sresurgentese
1166 3515 1255 3566 iinon
1273 3529 1337 3581 arcp.
1359 3515 1440 3568 lime

288 3626 320 3679 16
340 3627 413 3696 ergo]
435 3627 540 3680 enirnb
633 3628 665 3680 19
685 3627 769 3695 fietp
867 3593 1045 3697 ¹iorruptione
1063 3645 1081 3697 p
1152 3629 1185 3683 21
1207 3645 1351 3697 quaeum.
1373 3631 1440 3699 ιρι]

286 3715 319 3767 23
339 3732 393 3767 non
412 3732 482 3769 nnnc
502 3713 701 3786 obepppai
718 3717 831 3782 Dornb.,·
851 3733 922 3770 unno
941 3727 994 3770 nou
1014 3723 1056 3770 est
1073 3733 1089 3770 ο
1144 3718 1179 3770 24
1198 3717 1283 3770 mittit
1304 3719 1389 3788 ep¹p
