3192 4959
353 466 404 519 De
433 465 608 519 ciuitate
636 465 698 518 dei
725 465 789 519 lih.
818 465 875 522 XX.
905 482 980 535 cap.
1009 465 1051 518 311.
1215 469 1276 530 511

128 681 199 725 mus
223 661 391 744 inpletum,
417 660 502 742 quod
524 659 576 724 hic
600 660 751 723 ultimum
769 661 913 744 positum
933 663 995 724 est:
1015 659 1060 724 Et
1077 659 1111 724 in
1132 659 1279 724 nomino

128 769 210 834 eius
244 773 378 852 gentes
411 767 627 851 sperabunt.
660 767 722 830 Per
752 767 814 830 hoc
847 769 930 830 certe
964 766 1048 848 quod
1081 767 1189 849 negari
1219 786 1279 831 non

127 878 236 956 potest
267 875 363 938 etiam
396 873 478 938 illud
511 874 657 938 credatur
688 873 771 954 quod
804 873 993 954 inpudenter
1023 875 1166 956 negatur.
1200 871 1279 951 Quis

128 983 211 1045 enim
245 982 396 1062 speraret,
429 980 513 1062 quod
542 980 637 1044 etiam
666 980 709 1058 hi,
738 981 792 1062 qui
822 981 934 1044 nolunt
962 979 1065 1044 adhuc
1093 979 1218 1044 credere
1246 981 1278 1042 in

101 1088 303 1163 sChristum,
338 1088 403 1150 iam
440 1086 608 1151 nobiscum
644 1086 754 1151 uident
792 1091 833 1160 et,
878 1087 1024 1168 qnoniam
1066 1105 1181 1170 negare
1218 1105 1279 1151 non

126 1197 274 1276 possunt,
301 1193 451 1257 dentibus
481 1193 549 1256 suis
579 1193 723 1256 frendent
748 1197 780 1257 et
802 1193 993 1258 tabescunt?
1024 1191 1113 1271 Quis,
1138 1194 1279 1276 inquam,

127 1303 270 1382 speraret
301 1305 413 1383 gentes
446 1300 479 1363 in
508 1299 628 1365 Christi
660 1301 787 1363 nominc
821 1304 1013 1383 speraturas,
1043 1300 1166 1382 quando
1195 1303 1281 1366 tene-

126 1407 222 1471 batur·
243 1406 413 1490 ligabatur,
433 1405 625 1470 caedebatur
647 1404 860 1483 inludebatur,
881 1406 1133 1489 crucifigebatur,
1154 1407 1279 1489 quando

128 1518 159 1576 et
186 1514 250 1595 ipsi
278 1512 429 1595 discipuli
458 1531 546 1594 spem
575 1512 786 1594 perdiderant,
816 1532 911 1595 quam
939 1514 972 1577 in
996 1514 1050 1578 illo
1075 1513 1190 1578 hahere
1214 1514 1277 1577 iam

89 1624 318 1703 incoeperant?
343 1618 435 1699 Quod
460 1624 536 1683 tunc
559 1620 613 1682 11111
636 1640 718 1684 uuus
742 1622 824 1684 latro
849 1621 990 1705 sperauit
1012 1620 1042 1684 in
1069 1639 1171 1696 cruce,
1195 1639 1278 1684 nunc
1309 1675 1312 1680 .

127 1730 257 1810 sperant
291 1731 401 1810 gentes
437 1727 533 1809 longe
568 1727 695 1807 lateque
733 1727 876 1804 diffusae,
915 1731 947 1791 et
979 1747 1017 1791 ne
1049 1727 1080 1790 in
1114 1729 1276 1790 oeternum

127 1832 311 1908 moriautur,
335 1833 406 1914 ipsa
428 1833 460 1896 in
485 1851 548 1914 qua
570 1831 626 1896 ille
650 1835 796 1897 mortuns
821 1838 871 1898 est
895 1852 986 1898 cruce
1011 1834 1186 1917 signantur.

170 1937 290 2003 Nullus
323 1938 421 2023 igitur
452 1941 506 2002 uel
539 1942 634 2023 negat
661 1940 715 2007 uel
743 1940 870 2004 dubitat
897 1960 956 2022 per
981 1939 1141 2005 Christum
1170 1941 1277 2004 Iesum

127 2045 200 2121 tale,
226 2046 319 2127 quale
343 2046 415 2110 istis
440 2046 538 2110 sacris
557 2044 673 2110 litteris
691 2047 942 2130 praenuntiatur,
962 2046 1172 2111 nouissimum
1192 2047 1277 2111 111111-

87 2177 111 2215 11
127 2171 195 2215 rum
221 2171 292 2216 esse
315 2151 483 2231 iudicium,
507 2153 569 2216 nisi
594 2153 649 2236 qni
673 2154 792 2218 eisdam
820 2153 938 2218 litteris
962 2154 1068 2218 nescio
1094 2172 1156 2235 qua
1178 2153 1276 2217 incre·

128 2258 219 2322 dibili
247 2257 449 2324 animositate
479 2278 536 2323 seu
565 2261 717 2324 caecitate
744 2278 806 2324 non
831 2259 940 2337 credit,
971 2279 1050 2342 quae
1073 2261 1136 2324 iam
1161 2261 1276 2324 uerita-

127 2369 192 2428 tem
217 2385 308 2429 suam
333 2365 401 2430 orbi
427 2366 683 2431 demonstrauere
706 2369 872 2430 terrarum.
897 2367 930 2430 ln
954 2367 1010 2432 illo
1030 2367 1138 2449 itaque
1156 2366 1275 2432 iudicio

127 2472 179 2534 uel
211 2472 297 2536 circa
327 2471 409 2536 illud
440 2473 597 2537 iudicium
628 2473 687 2536 has
718 2492 770 2537 res
806 2473 976 2538 didicimus
1009 2492 1079 2538 esse
1111 2477 1274 2552 uenturas,

126 2577 253 2642 Heliam
281 2579 463 2656 Thesbiten,
490 2578 585 2643 fidem
609 2579 808 2656 Iudaeorum,
836 2581 1066 2645 Antichristum
1090 2583 1240 2663 persecut
1263 2617 1275 2628 -

86 2709 109 2746 11
125 2703 206 2763 rum,
231 2685 393 2749 Christum
415 2686 641 2762 iudicaturum,
665 2690 862 2751 mortuorum
886 2687 1159 2764 resurrectionem,
1178 2687 1274 2751 bono-

126 2811 196 2855 rum
228 2793 449 2873 malorumque
483 2792 712 2870 diremtionern,
745 2794 856 2857 mundi
888 2793 1163 2878 conflagrationem
1192 2794 1274 2858 eius-

127 2897 262 2980 demque
303 2900 551 2965 renouationem.
595 2897 681 2977 Quae
724 2901 830 2964 omnia
867 2901 995 2982 quidem
1032 2905 1168 2965 uentura
1204 2919 1274 2965 esse

127 3005 316 3070 credendum
349 3009 413 3077 est;
452 3005 510 3070 sed
545 3006 659 3088 quibus
696 3007 800 3071 modis
834 3010 867 3070 et
898 3026 960 3090 quo
993 3008 1100 3072 ordine
1132 3008 1272 3086 ueniunt,

125 3113 227 3196 magis
255 3114 332 3177 tunc
359 3112 486 3177 docebit
509 3133 615 3178 rerum
639 3114 842 3197 experientia,
866 3133 960 3197 quam
984 3134 1066 3180 nunc
1091 3114 1131 3178 ad
1154 3115 1274 3199 porfec-

83 3213 194 3282 a'tnm
223 3219 388 3284 hominum
416 3219 636 3304 intellegentia
663 3223 751 3286 ualet
785 3223 946 3304 consequi.
979 3222 1135 3287 Existimo
1167 3226 1273 3286 tamon

126 3343 162 3387 eo
186 3344 248 3406 quo
272 3344 291 3387 a
314 3343 364 3387 me
389 3329 635 3390 commemorata
657 3329 732 3390 sunt
755 3327 862 3392 ordine
888 3346 957 3392 esso
981 3331 1123 3392 uentura.

170 3431 240 3495 Duo
269 3430 361 3494 nohis
390 3431 430 3495 ad
457 3431 517 3495 hoc
546 3451 628 3515 opus
658 3434 850 3514 pertinentes
878 3434 992 3517 reliqui
1021 3439 1097 3500 sunt
1119 3435 1202 3511 libri,
1235 3439 1273 3499 ut

125 3536 295 3601 adiuuante
327 3537 463 3603 Domino
494 3538 653 3621 promissa
684 3541 903 3622 conpleamus3
934 3560 1068 3623 quorum
1097 3543 1157 3606 erit
1188 3561 1272 3607 unus

124 3642 163 3705 de
187 3644 343 3707 malorum
367 3643 535 3726 supplicio,
560 3645 642 3710 alius
667 3646 705 3710 de
729 3647 882 3712 felicitate
905 3649 1078 3725 iustorum3
1103 3649 1271 3731 inquibus

81 3773 105 3812 11
122 3748 267 3824 maxirue,
292 3750 377 3814 sicut
400 3751 487 3815 Deus
512 3751 687 3829 donauerit,
711 3758 897 3837 argumenta
920 3755 1105 3819 refellentur
1123 3755 1270 3835 humana,

124 3873 205 3934 quae
228 3860 336 3919 contra
357 3856 519 3938 praedicta
543 3875 578 3920 ac
601 3858 759 3939 promissa
778 3858 885 3924 diuina
905 3861 1063 3944 sapienter
1082 3861 1143 3925 sibi
1163 3862 1270 3925 miseri

161 4094 337 4166 lEtom.p
410 4098 443 4151 12
462 4097 509 4151 illc
529 4115 578 4151 om.
593 4115 616 4166 p
690 4100 722 4153 13
741 4099 831 4154 Iesum
851 4099 1022 4156 Christnmu
1097 4103 1130 4157 14
1149 4101 1269 4158 futurum

123 4186 408 4242 essenouissimumo
455 4188 488 4240 16
508 4204 555 4240 seu
575 4187 669 4243 caecit.
689 4189 771 4241 obab
819 4189 1002 4244 11111111
1049 4193 1081 4246 18
1102 4191 1270 4246 dicimusbe

122 4273 158 4324 24
178 4273 250 4327 1111111
269 4276 398 4344 consequi
416 4275 451 4329 ad
469 4277 618 4346 perfectum
637 4276 777 4330 hominum
791 4278 1010 4347 intellegentiae
1046 4281 1080 4334 28
1100 4298 1167 4334 unus
1188 4283 1269 4337 erite·

122 4361 159 4413 30
180 4361 260 4433 disp
332 4363 526 4418 refellunturb
