3192 4959
271 444 333 506 172
615 440 641 493 S.
670 439 826 493 Aurelii
854 438 1067 509 Augustini

268 636 444 697 mentum
472 652 599 697 meum
632 637 777 710 tecum,
812 638 850 699 et
879 634 960 698 eris
984 638 1101 716 pater
1128 633 1414 698 multitudinis

268 740 466 823 gentium
497 744 535 804 et
562 759 637 804 non
666 741 952 824 appellabitur
980 740 1106 805 adhuc
1134 759 1272 805 nomeu
1301 744 1413 805 tuum

267 846 420 924 Abram,
441 847 510 911 sed
530 847 610 911 erit
628 866 764 912 nomen
785 851 897 912 tuum
917 847 1124 919 Abraham,
1145 848 1239 930 quia
1257 851 1415 929 patrem

266 954 482 1019 multarum
515 954 696 1037 gentium
731 955 850 1037 posui
883 958 935 1029 te;
966 957 1005 1019 et
1033 972 1196 1038 augeam
1225 958 1263 1017 ta
1292 953 1414 1017 ualde

268 1059 387 1125 ualde
408 1063 603 1142 etponam
623 1060 716 1124 tein
737 1064 890 1145 gantae,
912 1065 1085 1143 etreges
1105 1078 1148 1124 er
1167 1064 1206 1123 te
1225 1060 1413 1123 exibunt:
1447 1082 1461 1123 s

270 1171 308 1229 ot
331 1169 509 1231 statuam
533 1169 824 1231 testamentum
848 1187 972 1231 meum
997 1167 1182 1231 interme
1211 1169 1250 1231 et
1278 1162 1412 1253 [inter]

268 1274 307 1336 te
341 1276 379 1337 et
410 1273 519 1338 inter
551 1292 682 1337 semen
715 1277 827 1338 tuum
857 1276 952 1355 post
982 1276 1021 1338 te
1054 1273 1092 1338 in
1122 1272 1413 1358 generationes

267 1398 403 1444 eorum
426 1379 465 1443 in
491 1382 785 1445 testamentum
810 1384 1026 1455 aeternum,
1051 1383 1095 1444 ut
1113 1380 1187 1444 sim
1206 1379 1284 1444 tibi
1304 1379 1413 1443 Deus

268 1490 307 1548 et
335 1485 482 1550 semini
509 1489 579 1550 tuo
609 1489 778 1569 postte.
808 1486 856 1549 ut
884 1486 982 1549 dabo
1007 1485 1085 1549 tibi
1111 1488 1149 1549 et
1172 1484 1318 1549 semini
1343 1488 1412 1550 tuo

266 1596 360 1673 post
392 1595 430 1657 te
462 1596 621 1669 terram,
654 1592 692 1657 in
725 1611 801 1675 qua
834 1593 968 1657 incola
1001 1610 1051 1673 aa,
1085 1610 1236 1656 omnem
1264 1594 1413 1656 terram
1433 1615 1461 1653 ιο

269 1698 452 1763 chanaan
488 1699 526 1763 in
559 1698 863 1782 possessionem
903 1703 1116 1777 aeternam,
1151 1702 1189 1763 et
1222 1718 1286 1763 ero
1319 1698 1412 1763 illia

267 1804 385 1869 Deus.
408 1806 456 1869 Et
479 1805 582 1871 dixit
604 1806 711 1870 Deua
741 1805 786 1871 ad
809 1806 1024 1870 Abraham:
1053 1805 1108 1869 'lu
1133 1809 1264 1869 autem
1288 1808 1412 1869 tasta-

266 1917 442 1976 mentum
465 1932 592 1976 meum
617 1912 894 1989 consoruabis
913 1916 957 1978 tu
976 1915 1015 1977 et
1034 1932 1166 1977 semen
1186 1915 1297 1976 tuum
1317 1915 1414 1995 post

265 2023 302 2082 te
339 2018 379 2083 in
418 2019 636 2103 progenies
675 2038 779 2085 suas.
817 2020 865 2083 Et
899 2020 972 2084 hoo
1010 2023 1073 2085 est
1109 2022 1411 2093 testamentum,

265 2124 370 2206 quod
399 2126 667 2190 conseruabis
694 2126 887 2191 interme
916 2130 955 2191 et
983 2146 1053 2191 uos
1083 2130 1121 2190 et
1143 2126 1252 2189 inter
1275 2144 1411 2190 semen
1435 2152 1461 2189 ra

265 2235 376 2295 tuum
399 2235 494 2313 post
516 2237 554 2296 te
573 2232 613 2295 in
634 2233 924 2316 generationes
945 2252 1056 2297 suas:
1077 2230 1412 2296 Circumcidctur

264 2340 446 2401 uestrum
467 2358 578 2402 omne
597 2338 879 2411 masculinum,
900 2342 937 2403 et
957 2337 1309 2404 circumcidemini
1329 2357 1411 2402 oar·-

264 2463 348 2508 nem
377 2446 588 2528 praeputii
616 2444 758 2522 uestri,
788 2448 827 2508 et
855 2445 935 2509 erit
964 2446 999 2509 in
1025 2446 1142 2529 signo
1167 2444 1409 2509 testamenti

263 2550 1410 2633 intermeetuos.Etpuerootodierumoircumoidetur,

264 2663 448 2723 uestrum
477 2677 588 2723 omne
617 2658 888 2722 masculinum
919 2660 957 2723 in
986 2660 1203 2742 progenies
1232 2663 1462 2725 aestruere

263 2764 520 2829 Vernaculus
554 2768 593 2829 et
621 2764 814 2830 emticius
839 2766 883 2829 ab
913 2766 1016 2830 omni
1044 2766 1138 2831 filio
1166 2766 1309 2843 alieno,
1338 2767 1410 2848 qui

262 2890 335 2936 nou
373 2875 436 2935 est
468 2870 513 2936 de
545 2871 698 2935 semine
730 2874 808 2951 tuo,
846 2872 1163 2937 circumcisione
1197 2871 1410 2937 circumci-

263 2978 381 3042 detur
421 2978 670 3042 uernaculus
713 2977 852 3042 domus
895 2980 987 3043 tuae
1030 2981 1069 3042 et
1110 2978 1313 3043 emtioius.
1361 2979 1411 3044 111

263 3084 342 3149 erit
370 3087 660 3149 tastamentum
691 3104 817 3148 meum
845 3084 882 3148 in
913 3103 1029 3149 carne
1057 3090 1198 3149 uestra
1219 3084 1258 3148 in
1283 3088 1408 3149 testa-

261 3193 393 3254 mento
437 3192 611 3255 aeterno.
654 3191 703 3254 lit
744 3190 811 3271 qui
853 3210 928 3255 non
964 3190 1095 3255 fuerit
1131 3190 1463 3257 circumcisuses

262 3298 480 3374 masculus,
520 3296 588 3377 qui
625 3315 699 3361 non
742 3296 1064 3361 circumcidetur
1102 3316 1259 3362 carnem
1297 3316 1408 3380 prae-

260 3402 370 3484 putii
388 3401 453 3468 sui
474 3406 621 3467 octauo
641 3401 714 3480 die,
733 3402 929 3467 interibit
952 3404 1082 3466 anima
1100 3402 1175 3467 illa
1195 3404 1238 3467 de
1258 3422 1408 3489 genere

261 3508 359 3583 eius,
385 3510 479 3590 quia
501 3510 794 3572 testamentum
819 3528 945 3574 meum
970 3509 1208 3592 dissipauit.
1233 3510 1280 3573 lit
1298 3509 1407 3574 dirit

297 3716 500 3769 lmultaruma
545 3714 675 3786 2adhuo]
690 3716 819 3771 abhinco
863 3716 928 3787 4et]
945 3720 1002 3784 utp
1053 3732 1168 3786 augeam
1178 3715 1373 3785 mae.;augebo
1388 3735 1407 3771 a

259 3803 340 3858 ualde
354 3804 433 3858 ualde
448 3803 483 3856 V¹
497 3804 610 3866 Domo„-
624 3804 704 3859 ualde
717 3806 778 3859 rell.
792 3822 809 3860 o
823 3805 869 3873 (cf.
882 3822 910 3874 p.
925 3808 988 3869 176,
1004 3808 1054 3873 26)
1096 3808 1112 3861 6
1127 3807 1200 3860 inter
1211 3810 1239 3859 te
1254 3810 1282 3859 et
1295 3822 1338 3859 me
1355 3805 1407 3875 Vp

259 3894 323 3946 9et
341 3908 406 3947 sem.
424 3898 445 3946 t.
465 3897 527 3963 post
544 3898 572 3947 te
590 3910 642 3948 om.
656 3910 679 3962 p
752 3898 861 3962 postte
880 3910 970 3948 om.o
1035 3896 1066 3949 11
1086 3895 1128 3949 illi
1147 3894 1255 3965 b¹ppn
1319 3895 1352 3948 12
1370 3898 1406 3949 tu

258 3998 345 4036 oneo
401 3982 433 4035 14
452 3983 675 4050 generationeso
746 3986 854 4036 testam.
874 4000 961 4037 meum
982 4000 1001 4038 α
1057 3985 1087 4038 17
1108 4000 1214 4046 omnem
1233 3988 1354 4038 uestrum
1374 3982 1409 4049 b,-

259 4087 338 4124 omue
358 4073 511 4124 uestrumo
584 4070 806 4125 circumcidimini
830 4071 876 4142 Vp
949 4072 983 4126 18
1002 4073 1030 4126 in
1050 4088 1100 4127 ooo.
1121 4073 1145 4127 e¹
1226 4074 1304 4143 signo
1323 4072 1405 4127 codd.

255 4164 368 4227 praeter
385 4158 415 4223 o;
434 4157 541 4227 signum
560 4158 601 4211 bo
655 4160 687 4211 21
708 4156 797 4212 alieno
817 4160 910 4225 codd;
928 4160 1111 4230 alienigenae
1160 4162 1196 4215 24
1214 4176 1304 4214 meum
1322 4178 1408 4216 eom

258 4249 286 4301 iu
304 4250 499 4300 testamentum
519 4250 692 4301 acternomo
800 4249 833 4301 27
854 4252 950 4304 octauo
975 4249 1082 4318 (octaba
1108 4250 1144 4315 V)
1170 4250 1309 4319 Vepuo5
1329 4252 1407 4304 ocia·

258 4353 293 4389 ua
309 4335 387 4403 gaf
402 4333 501 4387 Domb.
