3192 4959
308 420 372 481 218
655 413 682 467 S.
706 414 863 467 Aurelii
892 413 1109 483 Augustini

308 614 435 691 tempus
463 607 619 671 iudicium
648 607 870 689 iustitiamque
900 606 1045 681 faciendi,
1080 626 1175 688 quam
1206 606 1282 669 dum
1311 609 1396 670 esset
1419 606 1446 669 in

309 733 400 779 corne
433 734 494 779 non
528 714 614 786 fecit,
649 718 681 777 et
713 713 761 778 sio
794 714 939 778 diuinum
973 712 1064 777 ouadi
1098 732 1192 795 posse
1221 712 1390 777 iudicium:
1416 712 1447 775 in

308 821 428 886 medio
461 826 583 884 terroe
616 821 696 885 mihi
724 821 852 885 uidetur
880 820 1002 884 dietum
1032 822 1115 884 ‘cum
1146 819 1281 901 quisque
1312 819 1394 883 uiuit
1420 818 1447 881 in

307 930 456 1010 corpore'.
480 929 517 993 Iu
540 928 599 993 hac
623 928 739 1011 quippe
765 927 833 991 uita
856 946 947 993 suum
970 931 1085 991 terram
1106 928 1242 1009 quisque
1262 926 1448 1001 circumfert

308 1055 403 1116 quum
439 1035 591 1099 moriente
628 1035 754 1099 homine
792 1035 906 1117 recipit
938 1037 1020 1099 terra
1053 1034 1241 1111 communis,
1278 1033 1484 1117 resurgentis

310 1141 420 1223 utique
440 1142 609 1206 redditura.
629 1141 764 1206 Proinde
783 1142 819 1205 in
838 1141 958 1205 medio
979 1144 1110 1217 terrae,
1130 1140 1162 1204 id
1182 1145 1240 1217 est,
1261 1134 1333 1204 cum
1353 1139 1451 1203 anima

310 1252 418 1311 nostra
440 1247 503 1312 isto
528 1251 652 1311 terreno
681 1248 840 1312 clauditur
864 1267 1002 1331 corpore,
1031 1246 1209 1312 faciendum
1231 1251 1281 1311 est
1304 1245 1449 1311 iudicium

310 1354 411 1435 adque
431 1354 565 1431 institia,
587 1353 672 1436 quod
689 1354 781 1419 uobis
800 1354 900 1437 prosit
918 1355 949 1418 in
968 1358 1141 1436 posterum,
1162 1353 1287 1436 quaudo
1306 1352 1451 1435 recipit

310 1461 487 1544 quisquc
529 1461 746 1525 secundum
789 1480 843 1538 ea,
887 1480 985 1543 quac
1022 1480 1090 1545 por
1129 1478 1275 1542 corpus
1312 1460 1450 1542 gessit,

310 1567 401 1631 siuc
428 1567 572 1632 bouum
600 1568 688 1631 siue
718 1568 874 1632 mulum.
905 1568 978 1631 Per
1001 1586 1145 1648 corpus
1170 1566 1286 1649 quippe
1310 1566 1355 1629 ibi
1378 1565 1451 1629 dixit
1469 1586 1488 1625 n

309 1673 474 1756 apostolus
502 1693 557 1756 per
583 1677 722 1755 tempus,
752 1693 813 1755 quo
844 1674 923 1738 uixit
951 1675 983 1737 in
1013 1692 1151 1755 corpore.
1180 1672 1291 1755 Neque
1321 1672 1451 1736 enimsi

311 1781 382 1862 quis
423 1780 561 1863 maligna
601 1784 706 1845 moute
748 1781 850 1863 adque
897 1780 981 1862 inpia
1025 1780 1217 1864 cogitatione
1255 1780 1453 1862 blasphemet

311 1905 413 1968 neque
436 1886 470 1950 id
492 1886 569 1951 ullis
592 1887 743 1951 membris
767 1886 907 1969 corporis
932 1890 1089 1968 operetur,
1112 1886 1183 1950 ideo
1205 1905 1266 1951 non
1292 1886 1350 1949 erit
1373 1904 1451 1951 reus

312 1996 385 2076 quia
406 1993 439 2057 id
462 2013 524 2058 non
547 1998 637 2058 motu
661 1994 801 2075 corporis
826 1995 936 2077 gessit,
967 2014 1039 2059 oum
1063 1995 1122 2059 hoc
1146 2014 1202 2077 per
1224 1994 1306 2057 illud
1328 1997 1452 2075 tempus
1561 2023 1567 2089 p

312 2101 458 2183 gesserit,
487 2119 549 2182 quo
578 2101 680 2184 gessit
708 2105 740 2166 et
764 2120 889 2183 corpus.
918 2102 985 2165 Isto
1010 2100 1104 2166 modo
1134 2104 1344 2183 congruentor
1365 2100 1491 2164 intel-1⁵
1561 2099 1567 2168 i

311 2207 375 2289 legi
395 2211 502 2290 potest
521 2207 615 2271 etiam
636 2208 728 2283 illud,
749 2208 831 2289 quod
852 2207 883 2271 in
902 2208 1025 2291 psalmo
1049 2208 1182 2292 legitur:
1207 2206 1308 2272 Deus
1333 2210 1451 2271 autem
1561 2179 1566 2250 1

313 2332 375 2378 ror
394 2317 524 2377 noster
542 2317 628 2377 ante
648 2314 802 2377 saecula
821 2318 997 2397 operatus
1018 2318 1077 2378 est
1095 2315 1258 2379 salutem
1277 2313 1313 2378 in
1334 2313 1451 2377 medio
1561 2257 1568 2413 d

311 2426 449 2494 terram
482 2423 520 2483 ut
551 2420 707 2485 Dominus
740 2420 831 2485 Iesus
860 2420 1035 2503 accipiatur
1064 2420 1150 2486 Deus
1178 2424 1294 2499 noster,
1325 2420 1378 2502 qui
1407 2424 1452 2485 est
1565 2416 1568 2473 J

310 2532 383 2591 cute
415 2525 551 2603 saecula,
585 2526 659 2608 quia
690 2546 746 2608 per
776 2527 884 2609 ipsum
916 2527 1000 2593 facto
1033 2531 1107 2591 suut
1139 2529 1274 2603 saecuta,
1308 2531 1453 2608 operatus

312 2634 447 2696 sulutem
476 2636 616 2697 nostram
643 2634 675 2697 iu
705 2634 808 2697 medio
838 2636 949 2709 termo,
980 2654 1052 2699 cum
1076 2634 1215 2699 Verbum
1241 2652 1311 2699 caro
1336 2635 1453 2699 factum
1470 2646 1492 2685 2⁰

312 2743 362 2803 cst
386 2743 418 2802 et
440 2744 562 2803 terreno
586 2739 745 2803 habitauit
767 2740 798 2802 iu
825 2760 961 2823 corpore.
1565 2816 1566 2833 χ

355 2844 476 2909 Deinde
504 2849 733 2927 posteaquam
756 2847 980 2928 prophetatum
1009 2848 1112 2911 estin
1137 2848 1186 2912 his
1210 2846 1316 2911 uerbis
1339 2848 1454 2920 Annae,
1565 2848 1566 2897 ἱ

312 2971 374 3034 quo
407 2952 500 3015 modo
535 2952 663 3035 gloriari
695 2954 818 3029 debeat,
853 2955 906 3035 qui
935 2954 1098 3039 gloriatur,
1126 2972 1187 3018 non
1217 2954 1248 3017 in
1277 2972 1311 3017 sc
1334 2954 1454 3035 utique.

313 3058 368 3123 sed
400 3058 432 3121 in
465 3059 611 3135 Domino,
645 3064 773 3142 propter
805 3060 1054 3145 retributionem,
1089 3079 1168 3143 quae
1201 3061 1232 3123 in
1264 3060 1313 3125 dic
1346 3060 1455 3125 iudicii

312 3166 422 3228 futuro
440 3168 503 3229 est:
522 3165 704 3230 Dominus
724 3167 906 3243 ascendit,
926 3166 1039 3250 iuquit,
1060 3168 1094 3231 in
1115 3167 1240 3233 caelos
1261 3176 1298 3231 et
1315 3166 1454 3236 tonuit:
1472 3178 1493 3216 2⁶

313 3269 396 3353 ipse
419 3269 609 3335 iudicabit
632 3276 796 3336 extrema
818 3278 954 3347 terrae,
980 3274 1067 3355 quia
1091 3274 1217 3337 iustus
1237 3277 1303 3337 ost.
1322 3273 1455 3339 Prorsus
1564 3254 1565 3285 ³

312 3377 453 3442 ordinem
477 3377 581 3441 tenuit
604 3379 812 3443 confessionis
832 3378 983 3444 fidelium.
1007 3380 1161 3445 Ascendit
1180 3379 1263 3445 enim
1283 3380 1314 3443 in
1334 3381 1455 3443 caelum

313 3483 469 3547 Dominus
494 3483 650 3561 Christus,
676 3488 709 3549 ct
730 3485 803 3549 iude
826 3490 980 3551 uenturus
1006 3492 1056 3551 est
1077 3486 1119 3551 ad
1142 3486 1235 3553 uiuos
1261 3492 1292 3551 et
1314 3490 1456 3552 mortuos

313 3590 510 3655 iudicandos.
537 3591 619 3656 Nam
648 3592 732 3674 quis
762 3592 944 3667 ascendit,
975 3594 1060 3658 sicut
1083 3594 1162 3659 dicit
1184 3595 1359 3677 apostolus,
1384 3592 1454 3657 nisi
1563 3584 1564 3613 t

402 3799 462 3851 82.
483 3796 543 3852 Cor.
564 3802 588 3861 5,
610 3799 644 3853 10
701 3800 733 3853 16
752 3800 796 3853 Ps.
818 3802 859 3864 73,
882 3801 914 3855 12
969 3801 1061 3857 2010.
1083 3802 1160 3867 1,14
1210 3800 1456 3870 computum.

352 3920 460 3989 ldum]
482 3921 537 3984 diu,
556 3924 588 3975 in
605 3940 690 3992 maro.
711 3923 755 3985 du,
775 3940 802 3990 e‚·
821 3940 915 3994 curup
971 3928 1013 3981 est
1029 3942 1046 3996 9
1092 3925 1231 3995 treocpit
1248 3926 1288 3993 e¹,·
1305 3926 1421 3993 recipiet
1434 3924 1458 3977 οἳ
1562 3944 1563 3993 ,

312 4010 456 4064 resurienti
476 4009 500 4064 c¹
563 4012 628 4064 Set
646 4012 744 4067 iusto
817 4013 953 4065 iusticiam
970 4030 988 4083 9
1059 4014 1173 4083 recipiet
1192 4011 1296 4067 abe²u
1363 4014 1457 4083 9per]

313 4098 341 4151 in
359 4116 375 4167 9
448 4098 481 4151 13
502 4102 530 4152 ct
548 4115 635 4167 neque
652 4116 670 4167 9
744 4101 776 4153 lo
796 4102 1050 4168 quia....sceculo
1068 4120 1118 4157 om.
1136 4103 1165 4171 9¹
1238 4105 1365 4171 operatus
1386 4108 1459 4156 este

313 4224 348 4276 22
367 4223 410 4275 his
428 4239 478 4278 om.
499 4222 522 4275 ι’
561 4200 689 4286 251111,
708 4224 740 4277 iu
758 4204 947 4293 marp'ditio
1002 4226 1099 4295 inquit.
1120 4226 1271 4281 ascendite
1307 4227 1395 4295 2719.
1411 4226 1456 4279 do-

313 4312 402 4362 minus
421 4309 448 4361 in
468 4310 571 4363 caelum
590 4318 671 4380 ipse
743 4316 871 4367 uenturos
891 4313 914 4367 e¹
