3192 4959
338 397 388 452 De
416 399 591 452 ciuitate
620 397 681 451 dei
708 397 774 454 lib.
801 398 916 452 XVIIII.
946 415 1020 468 cap.
1047 398 1090 454 27.
1118 399 1161 452 28.
1263 403 1327 466 423

173 593 210 656 Iu
237 593 294 656 illa
321 610 397 658 nero
425 611 503 675 pace
531 591 629 668 finali,
659 611 720 674 quo
749 591 913 656 referenda
936 595 968 656 et
991 593 1082 656 cuius
1107 591 1327 672 adipiscendae

173 717 272 762 causa
294 698 439 762 habenda
462 701 513 762 est
534 698 597 765 ista
624 698 759 775 institia,
785 698 933 780 quoniam
962 702 1073 762 sauata
1099 697 1326 764 inmortalitate

172 803 276 885 adque
307 804 542 886 incorruptione
570 806 683 868 natura
710 804 791 868 uitia
819 822 879 868 uon
908 803 1038 867 habebit
1066 823 1122 868 neo
1155 804 1326 886 unicuique

172 914 319 975 nostrum
347 911 399 974 uei
428 910 466 975 ab
496 910 558 974 alio
586 911 639 974 uel
663 929 682 972 a
704 929 738 974 se
757 910 827 992 ipso
853 910 1015 993 quippiam
1039 910 1239 993 repugnabit,
1265 929 1326 974 non

142 1040 155 1081 a
172 1036 253 1098 opus
278 1017 339 1081 erit
360 1019 399 1080 ut
419 1017 500 1080 ratio
524 1016 625 1092 uitiis,
649 1036 729 1098 quae
747 1017 836 1081 nulla
855 1018 957 1095 erunt,
977 1016 1127 1098 imperet3
1153 1016 1209 1080 sed
1227 1015 1327 1099 impe-

170 1123 255 1188 rabit
286 1123 375 1188 Deus
406 1122 538 1199 homiui,
571 1123 697 1186 animus
730 1123 863 1205 corpori,
893 1126 1045 1204 tantaque
1073 1123 1117 1187 ibi
1145 1123 1204 1185 erit
1233 1123 1325 1188 oboe-

172 1229 278 1294 diendi
304 1229 449 1293 suauitas
478 1232 510 1292 et
537 1229 685 1304 facilitas,
714 1233 833 1310 quanta
860 1229 991 1294 uiuendi
1019 1229 1234 1311 regnandique
1257 1229 1326 1294 feli-

171 1336 262 1401 citas.
294 1336 337 1399 nt
367 1335 428 1400 hoc
458 1335 592 1416 illicia
625 1336 773 1400 omuibus
803 1337 905 1417 adque
933 1337 964 1400 in
994 1335 1129 1420 singulis
1161 1340 1323 1400 aeteruum

172 1443 232 1507 erit
262 1445 489 1524 aeternumque
523 1461 592 1506 esse
621 1446 743 1506 certum
772 1443 842 1517 erit,
877 1447 909 1508 et
937 1442 1008 1507 ideo
1032 1462 1092 1526 par
1115 1442 1323 1509 beatitudinis

129 1574 155 1614 ro
171 1549 267 1613 huius
291 1550 345 1613 uel
367 1548 532 1613 beatitudo
556 1549 644 1631 pacis
668 1550 764 1614 huius
789 1568 951 1613 summum
976 1550 1093 1613 bonum
1117 1549 1186 1614 erit.

591 1740 728 1806 CAPUT
752 1741 900 1805 XXVIII.

230 1883 273 1946 In
298 1901 412 1963 quem
434 1882 557 1946 finem
583 1886 782 1946 uenturus
807 1883 863 1947 sit
889 1883 1021 1947 exitus
1048 1883 1259 1966 inpiorum.

212 2025 331 2087 Eorum
359 2027 477 2101 autem,
511 2024 566 2106 qui
593 2043 655 2087 non
682 2025 843 2105 pertinent
871 2024 910 2088 ad
936 2024 1032 2089 istum
1061 2026 1226 2090 ciuitatem
1251 2025 1320 2104 Dei,

168 2131 228 2195 erit
252 2149 269 2193 e
293 2132 450 2195 contrario
473 2131 602 2194 miserta
625 2131 828 2212 sempiterna,
853 2150 932 2212 quae
956 2150 1041 2195 mors
1065 2130 1161 2194 etiam
1181 2130 1321 2194 secunda

125 2267 151 2305 ra
168 2235 296 2312 dicitur,
324 2236 399 2318 quia
425 2255 482 2300 nec
510 2237 615 2300 anima
642 2237 686 2300 ibi
716 2237 825 2302 uiuere
855 2237 987 2301 dicenda
1014 2241 1073 2314 est,
1103 2255 1183 2318 quae
1212 2236 1321 2300 auita

167 2343 227 2407 Dei
255 2342 392 2406 alienata
419 2343 488 2420 erit,
517 2363 576 2407 nec
599 2362 725 2425 corpus,
754 2343 838 2425 quod
862 2343 997 2408 aeternis
1026 2343 1189 2407 doloribus
1214 2343 1320 2406 subin·

166 2448 267 2524 cebit;
302 2467 339 2512 ac
367 2468 423 2531 per
450 2449 510 2513 hoc
539 2449 610 2514 ideo
640 2449 747 2514 durior
773 2450 837 2514 ista
865 2449 1003 2514 secunda
1031 2468 1116 2513 mors
1147 2448 1216 2524 erit,
1246 2448 1320 2530 qnia

165 2555 248 2620 finiri
271 2560 372 2620 morte
396 2574 457 2619 non
480 2557 606 2638 poterit.
627 2556 690 2622 Sed
709 2557 858 2639 quoniam
878 2557 963 2620 sicut
982 2557 1110 2620 miseria
1128 2555 1320 2619 beatitudini

165 2665 197 2726 et
220 2680 306 2726 mors
326 2661 422 2738 uitae,
442 2663 489 2726 ita
507 2662 626 2726 bellum
645 2664 718 2745 paci
736 2663 865 2726 uidetur
884 2681 954 2726 esse
974 2662 1181 2727 contrarium:
1205 2662 1317 2725 merito

122 2768 338 2849 requaeritur,
366 2769 452 2832 sicut
473 2788 534 2852 pax
556 2768 588 2833 iu
612 2770 767 2833 bonorum
790 2770 907 2834 finibus
930 2769 1111 2850 praedicata
1141 2769 1191 2831 est
1214 2767 1317 2850 adque

162 2874 303 2951 laudata,
328 2875 412 2957 quod
429 2876 480 2939 uel
501 2876 594 2958 quale
613 2876 734 2940 bellum
753 2895 769 2939 e
790 2877 945 2940 contrario
969 2875 1001 2938 in
1025 2873 1140 2938 finibus
1160 2874 1316 2938 malorum

163 2980 267 3060 possit
302 2980 456 3063 intellegi.
490 2980 609 3045 Verum
647 2983 702 3064 qui
734 2982 794 3045 hoc
829 2981 961 3064 quaerit,
995 2980 1146 3045 adtendat
1176 2980 1251 3063 quid
1284 2981 1316 3046 in

162 3085 248 3148 bello
272 3087 401 3150 nonium
425 3087 702 3170 perniciosumque
726 3089 778 3163 eit,
804 3091 836 3152 et
859 3088 981 3152 uidebit
1007 3087 1087 3151 nilril
1111 3087 1195 3151 aliud
1220 3107 1315 3170 quam

162 3211 266 3255 rernm
305 3212 375 3256 esse
414 3193 496 3257 inter
532 3214 566 3258 se
600 3195 827 3258 aduersitatem
862 3195 963 3276 adque
997 3194 1189 3258 conflictum.
1224 3193 1316 3272 Quod

120 3297 263 3382 aigirur
293 3298 414 3363 beilum
447 3301 577 3383 grauius
607 3305 639 3364 et
666 3301 802 3364 amarius
832 3301 965 3384 cogitari
992 3305 1109 3382 potest,
1142 3320 1237 3382 quam
1261 3300 1315 3364 ubi

162 3406 312 3469 uoluntas
332 3405 379 3469 sic
398 3406 532 3470 aduersa
551 3411 602 3472 est
620 3407 760 3490 passioni
781 3412 812 3470 et
832 3408 937 3490 passio
953 3408 1123 3484 uoluntati,
1143 3414 1179 3471 ut
1194 3407 1313 3472 nullius

162 3530 270 3575 earum
298 3512 434 3577 uictoria
460 3513 541 3580 tales
571 3515 756 3579 inimicitiae
780 3514 939 3594 finiantur,
966 3518 997 3579 et
1021 3513 1075 3578 ubi
1100 3514 1146 3578 sic
1171 3513 1314 3596 confligit

162 3635 234 3681 oum
258 3618 330 3700 ipsa
353 3622 465 3684 natum
484 3622 625 3703 corporis
645 3622 695 3685 uis
716 3621 844 3699 dolone,
865 3625 902 3685 ut
920 3626 1068 3685 neutrum
1088 3620 1177 3683 atteri
1198 3621 1312 3685 cedat?

253 3825 287 3879 14
304 3825 388 3895 Apoc.
410 3827 434 3894 2,
455 3828 496 3881 11.
515 3827 559 3890 20,
579 3829 604 3883 6.
624 3829 667 3891 21,
687 3828 703 3881 8

197 3947 413 4003 lreuerendac
512 3952 599 4020 cuiun]
621 3952 679 4005 eius
695 3970 715 4020 p
791 3953 892 4023 2Istn]
913 3955 986 4007 iusta
1000 3971 1022 4021 p
1093 3953 1311 4022 4qnidquamv

161 4038 357 4106 repugnauite
411 4038 542 4094 doboed.
562 4041 601 4093 ibi
621 4041 707 4094 erite
763 4043 826 4095 Sin
847 4059 932 4095 ome
990 4044 1084 4094 besse
1104 4058 1189 4094 aare
1245 4044 1311 4097 lde

161 4141 244 4179 cone
319 4128 401 4180 etiam
421 4127 540 4182 secunda
559 4146 665 4182 morso
734 4132 767 4184 18
786 4131 898 4198 finirep
965 4132 996 4183 21
1019 4131 1110 4184 infin.
1130 4132 1192 4185 rual.
1213 4149 1227 4184 e
1247 4149 1311 4185 con·

160 4215 279 4269 trariov
356 4217 391 4270 23
409 4233 449 4284 sq.
469 4233 627 4286 essequam
647 4218 720 4272 iuter
738 4237 766 4272 se
786 4237 873 4273 rernm
894 4219 1086 4273 aduersitatem
1106 4238 1121 4272 o
1198 4221 1232 4273 24
1253 4237 1311 4274 esse

161 4318 210 4356 om.
225 4319 248 4371 p
305 4304 489 4358 creturae
