3192 4959
314 466 377 528 174
657 464 682 517 S.
712 460 869 516 Aurelii
898 462 1114 531 Augustini

313 661 407 722 eruta
438 661 600 723 uetustate
633 662 836 723 renodatam?
870 658 910 721 Et
943 656 1020 739 quid
1050 656 1136 721 aliud
1168 674 1262 739 quam
1296 656 1454 721 Christum

313 767 447 829 octauus
468 764 546 841 dies,
566 764 622 846 qui
640 764 836 829 hebdomade
855 764 1011 847 conpleta.
1031 764 1091 828 hoc
1111 766 1160 827 est
1182 766 1258 846 post
1280 763 1456 839 sabbatum,

313 872 502 937 resurrexit?
539 872 709 935 Parentum
741 874 906 935 mutantur
938 875 970 935 et
1001 870 1142 935 uomina:
1177 870 1282 934 omnia
1312 874 1457 934 resonant

313 979 498 1055 nouitatem,
528 977 614 1042 etin
636 979 829 1043 testamento
852 982 961 1043 uetere
985 978 1193 1043 obumbratur
1216 996 1346 1043 nouum.
1376 974 1457 1055 Quid

313 1088 364 1147 est
386 1085 470 1148 enim
489 1083 572 1165 quod
597 1077 713 1149 dicitur
730 1086 957 1148 testamentum
977 1088 1073 1149 uetus
1091 1084 1153 1148 nisi
1171 1083 1248 1147 noui
1267 1082 1458 1148 occultatio?
1484 1106 1495 1147 s

311 1190 354 1255 Et
377 1191 454 1272 quid
478 1194 528 1255 est
550 1191 638 1256 aliud
661 1190 748 1273 quod
770 1190 886 1254 dicitur
914 1209 1034 1255 nouum
1057 1188 1118 1255 nisi
1141 1191 1260 1255 ueteris
1284 1190 1457 1254 reuelatio?

312 1296 410 1361 Risus
434 1298 578 1362 Abrahae
602 1300 754 1363 exultatio
778 1302 828 1363 est
847 1298 1047 1382 gratulantis,
1067 1314 1127 1363 non
1146 1297 1255 1361 inrisio
1276 1296 1456 1361 diffidentis.

313 1403 418 1468 Verba
451 1423 575 1486 quoque
609 1405 678 1468 eius
710 1404 766 1468 illa
797 1404 827 1467 in
863 1404 967 1468 animo
997 1422 1069 1467 suo:
1100 1403 1141 1469 Si
1170 1404 1267 1467 milri
1298 1406 1457 1467 centnm

314 1528 438 1574 annos
462 1510 631 1574 habenti
655 1514 850 1574 nascetur
872 1510 994 1575 lilius
1019 1513 1058 1573 et
1077 1510 1111 1573 si
1132 1509 1249 1575 Sarra
1268 1528 1456 1575 annorum

315 1617 540 1700 nonaginta
562 1614 705 1699 pariet,
729 1634 790 1680 non
816 1619 891 1681 sunt
914 1615 1101 1693 dubitantis,
1127 1615 1184 1680 sed
1202 1616 1398 1693 admirantis.
1424 1616 1456 1681 Si
1475 1638 1495 1674 n

316 1741 410 1804 quem
430 1741 504 1787 uero
524 1725 633 1786 mouet
652 1722 735 1805 quod
752 1722 872 1787 dictum
890 1726 951 1786 est:
972 1723 1020 1786 Et
1039 1722 1139 1787 dabo
1158 1722 1236 1787 tibi
1256 1726 1295 1787 et
1313 1722 1457 1786 semini

314 1832 385 1893 tuo
417 1834 511 1911 post
542 1834 580 1894 te
614 1834 774 1907 terram,
808 1830 845 1895 in
878 1848 953 1913 qua
984 1833 1027 1894 tu
1060 1830 1197 1894 incola
1228 1849 1278 1906 es,
1308 1848 1456 1893 omnem

315 1939 464 1999 terram
502 1936 686 2002 Chanaan
724 1937 761 2001 in
799 1938 1105 2020 possessionem
1143 1940 1354 2014 aeternam,
1398 1954 1456 2019 quo

316 2041 409 2107 modo
439 2044 612 2124 accipiatur
638 2043 794 2127 inpletum
825 2043 893 2107 siue
923 2044 1025 2108 adhuc
1053 2048 1236 2125 expectetur
1264 2042 1456 2125 inplendum,

314 2167 388 2212 cum
411 2151 572 2230 possessio
597 2170 815 2234 quaecumque
837 2154 962 2215 terrena
985 2155 1110 2216 aeterna
1133 2150 1265 2216 cuilibet
1284 2150 1372 2234 genti
1391 2168 1457 2214 esse
1476 2166 1498 2206 ιε

314 2276 374 2321 non
400 2257 517 2337 possit:
543 2257 624 2323 sciat
647 2260 808 2335 aeternum
834 2277 851 2321 a
873 2258 991 2322 nostris
1014 2258 1222 2340 interpretari,
1243 2257 1327 2340 quod
1348 2256 1457 2322 Graeci

315 2362 476 2443 appellant
498 2362 627 2443 αἰώνιον,
652 2363 736 2446 quod
760 2383 778 2427 a
802 2365 927 2428 saeculo
952 2364 1130 2429 deriuatum
1155 2369 1217 2441 est;
1247 2363 1319 2427 ciria
1345 2364 1458 2447 quippe

316 2466 435 2533 Graece
464 2472 627 2536 saeculum
653 2474 863 2554 nuncupatur.
894 2470 956 2536 Sed
983 2490 1044 2537 non
1074 2476 1149 2537 sunt
1177 2474 1247 2537 ausi
1268 2472 1374 2537 Latini
1401 2471 1458 2535 hoc

316 2575 419 2641 dicere
453 2578 623 2654 saeculare,
656 2596 694 2641 ne
727 2578 820 2661 longe
852 2578 884 2641 in
913 2578 999 2642 aliud
1027 2578 1191 2643 mitterent
1218 2598 1358 2644 sensum.
1389 2577 1459 2642 Sae-

315 2683 435 2746 cularia
453 2683 569 2765 qnippe
589 2683 739 2747 dicuntur
756 2683 869 2761 multa,
889 2704 968 2765 quae
985 2684 1016 2748 in
1031 2685 1092 2749 boc
1108 2686 1235 2751 saeculo
1250 2685 1297 2750 sic
1312 2689 1459 2769 aguntur,
1477 2700 1501 2741 ro

316 2793 353 2853 ut
375 2789 464 2853 breui
488 2791 585 2854 etiam
605 2797 746 2875 tempore
764 2794 941 2857 transeant:
966 2791 1083 2855 αἰώνιον
1104 2795 1209 2857 autem
1229 2782 1313 2876 quod
1334 2792 1458 2857 dicitnr.

314 2897 449 2960 autnon
468 2896 564 2961 habet
581 2897 675 2962 finem
694 2902 749 2963 aut
767 2918 869 2981 usque
887 2898 919 2963 in
939 2900 1034 2963 huius
1055 2900 1174 2965 saeculi
1194 2900 1337 2964 tenditur
1356 2898 1459 2963 finem.

741 3092 879 3158 CAPUT
902 3092 1033 3157 XXVII.

317 3228 373 3292 De
401 3231 596 3308 masculo,
625 3232 692 3313 qui
721 3234 754 3296 si
784 3237 930 3299 octauo
960 3234 1022 3299 die
1047 3253 1120 3299 non
1144 3233 1273 3298 fucrit
1296 3232 1461 3297 circum-

316 3334 440 3411 cisae,
477 3336 586 3418 perit
625 3339 756 3402 anima
793 3341 892 3415 eius,
931 3340 1026 3423 quia
1063 3344 1354 3406 testamentum
1387 3340 1502 3407 Deiar

771 3443 1008 3529 dissipauit.

361 3584 443 3647 Item
467 3586 576 3666 potest
598 3604 736 3660 mouere,
761 3604 823 3667 quo
847 3588 940 3652 modo
965 3589 1109 3673 intellegi
1134 3592 1278 3674 oporteat
1301 3590 1386 3674 quod
1410 3590 1463 3655 hic

316 3688 438 3753 dictum
459 3693 521 3755 est:
541 3690 766 3769 Masculus,
787 3694 946 3775 quinon
966 3696 1462 3763 circumcideturcarnem

406 3882 441 3935 28
461 3880 528 3937 Gen.
549 3882 590 3941 17.
613 3883 646 3937 14

355 4006 367 4057 l
388 4008 526 4058 uetustate
546 4010 625 4059 exuta
639 4011 762 4061 naturam
775 4025 898 4065 renouv
935 4012 951 4065 2
967 4010 1115 4066 ebdomade
1135 4012 1247 4084 Vc9p;
1266 4012 1419 4069 ebdomada
1434 4014 1465 4079 b,-

316 4092 520 4147 bebdomadao
597 4095 710 4150 sabbato
730 4096 756 4151 e²
845 4100 861 4151 5
881 4101 1027 4155 occultatio
1046 4104 1110 4155 noui
1129 4120 1144 4158 v
1235 4104 1251 4157 9
1270 4107 1430 4167 nasceretur
1449 4105 1464 4157 b

317 4181 389 4235 filius
414 4182 551 4252 prpo,·
570 4198 620 4237 om.
640 4194 742 4254 cpaf
795 4186 826 4240 11
848 4189 887 4258 et]
908 4204 939 4242 ex
963 4189 1011 4255 V¹;
1029 4206 1109 4245 ome
1181 4192 1282 4246 semine
1302 4190 1327 4245 V
1382 4192 1415 4247 13
1436 4194 1464 4246 in

317 4284 370 4323 cm.
393 4268 419 4320 V
484 4272 519 4323 22
538 4270 639 4325 saeculi
656 4290 741 4328 onae
795 4278 830 4330 24
849 4276 894 4346 qui
913 4276 946 4347 si]
967 4279 1030 4347 quin
1050 4279 1090 4350 sp
1162 4280 1285 4338 circumc.
1306 4280 1465 4353 uiueritq

318 4358 352 4409 27
372 4360 479 4427 oportet
498 4358 513 4412 b
568 4359 603 4413 28
622 4361 825 4418 circumciditur
844 4382 922 4420 carne
940 4382 958 4435 p
