3192 4959
306 444 372 506 610
652 439 679 494 S.
707 439 865 492 Aurelii
894 438 1109 508 Augustini

305 636 437 700 arbitrer
469 653 541 699 asse
572 633 852 717 Hipponiensium,
890 633 944 716 qui
981 634 1041 698 hoo
1074 651 1135 696 nou
1168 633 1221 697 uel
1256 631 1375 696 uiderit
1405 635 1454 698 uel

305 740 460 815 didicerit,
489 740 611 805 nullum
641 740 697 822 qui
725 738 876 804 obliuisci
903 738 971 803 ulla
998 739 1121 803 ratione
1153 739 1306 820 potuerit.
1340 737 1452 803 Decem

305 845 433 928 qnidam
457 846 570 910 fratres
594 844 744 930 (quorum
773 847 897 927 septem
921 848 996 909 sunt
1018 862 1131 920 mures,
1160 848 1225 908 tres
1245 843 1396 928 feminae)
1419 843 1453 909 de

305 952 457 1018 Caesarea
486 951 713 1035 Cappadociae,
747 969 879 1016 suorum
913 951 1033 1017 ciuium
1067 970 1127 1015 non
1155 950 1328 1034 ignobiles,
1363 951 1453 1016 male-

305 1059 391 1125 dicto
414 1059 526 1124 matris
548 1059 668 1123 recenti
690 1057 791 1141 patris
815 1077 924 1124 corum
949 1058 1040 1123 obitu
1064 1058 1247 1134 destitutae,
1272 1076 1354 1140 quae
1379 1059 1454 1124 inin·
1479 1081 1488 1119 ι

304 1166 384 1230 nam
417 1167 479 1232 sibi
511 1167 550 1232 ab
584 1167 631 1231 eis
660 1168 779 1232 iactam
810 1165 1013 1230 acerbissime
1041 1167 1127 1242 tulit,
1160 1165 1218 1230 tali
1246 1183 1351 1246 poena
1384 1171 1453 1230 sunt

305 1273 460 1338 diuinitus
485 1273 647 1351 coherciti,
675 1276 713 1337 ut
735 1271 930 1336 horribiliter
958 1274 1162 1354 quaterentur
1186 1290 1297 1336 omnes
1321 1275 1454 1336 tremore

304 1378 535 1455 membrorum3
559 1379 591 1444 in
616 1398 680 1461 qua
702 1377 890 1444 foedissima
913 1378 1019 1461 specie
1044 1378 1153 1442 oculos
1179 1396 1311 1442 suorum
1336 1378 1451 1443 ciuium

304 1505 365 1551 non
385 1486 531 1556 ferentes.
557 1504 684 1568 quaqua
707 1504 837 1550 uersum
861 1485 977 1567 cuique
996 1485 1040 1548 ire
1060 1486 1167 1549 uisum
1188 1487 1248 1560 est,
1267 1487 1337 1549 toto
1357 1504 1451 1568 paene

305 1590 503 1675 uagabantur
525 1592 600 1656 orbe
623 1591 776 1656 Romano.
800 1591 846 1654 Er
869 1591 919 1655 his
945 1591 1040 1654 etiarn
1065 1590 1103 1654 ad
1127 1609 1185 1654 nos
1205 1595 1365 1656 uenerunt
1383 1591 1451 1666 duo,
1468 1610 1486 1644 o

303 1698 401 1762 frater
424 1703 456 1762 et
479 1715 577 1775 soror,
605 1698 726 1762 Paulus
751 1701 784 1762 et
806 1696 960 1775 Palladia,
985 1698 1097 1762 multis
1127 1697 1198 1762 aliis
1221 1698 1302 1764 locis
1327 1698 1451 1764 miseria

303 1805 485 1870 diffamante
519 1805 581 1869 iam
611 1805 741 1888 cogniti.
775 1804 938 1870 Venerunt
966 1807 1073 1869 autem
1100 1808 1173 1870 ants
1201 1805 1326 1870 Pascha
1358 1807 1449 1871 ferme

303 1911 371 1975 dies
396 1911 585 1993 quindecim,
610 1912 779 1976 ecclesiam
803 1911 935 1976 cottidie
959 1913 992 1976 et
1013 1911 1047 1976 in
1071 1931 1106 1976 ea
1130 1913 1316 1977 memoriam
1341 1912 1447 1996 glorio·

303 2017 426 2084 sissimi
449 2017 602 2100 Stephani
625 2016 877 2100 frequentabant,
903 2023 1029 2083 orantes
1052 2022 1090 2083 ut
1112 2019 1174 2082 iam
1195 2017 1257 2083 sibi
1275 2019 1448 2103 placaretur

302 2124 390 2188 Dens
419 2128 452 2189 et
479 2125 618 2191 salutem
645 2125 811 2208 pristinam
839 2125 990 2191 redderet.
1016 2125 1064 2190 ut
1091 2125 1159 2190 illic
1188 2129 1220 2190 et
1253 2145 1445 2209 quacumque
1462 2147 1483 2186 n

302 2230 391 2296 ibant
423 2233 651 2298 conuertebant
677 2232 709 2295 in
738 2227 773 2296 se
802 2231 944 2296 ciuitatis
973 2231 1170 2314 adspectum.
1205 2231 1367 2300 Nonnulli.
1396 2233 1442 2314 qui

303 2357 357 2402 eos
381 2337 457 2403 alibi
482 2338 626 2406 uiderant
649 2356 841 2420 causamque
869 2339 1015 2403 tremoris
1044 2357 1151 2404 eorum
1176 2345 1340 2418 nouerant,
1369 2340 1442 2405 aliis.

301 2448 339 2508 ut
367 2445 480 2528 cuique
508 2451 663 2528 poterant,
692 2445 881 2510 indicabant.
914 2445 1009 2510 Venit
1038 2450 1070 2510 et
1092 2446 1225 2524 Pascha,
1246 2446 1358 2530 -adqne
1378 2447 1441 2531 ipso

302 2549 353 2614 die
376 2550 534 2616 dominico
558 2572 660 2630 mane,
685 2571 758 2617 cum
782 2551 845 2616 ism
864 2552 1012 2635 frequens
1036 2553 1175 2635 populus
1198 2573 1348 2634 praesens
1366 2557 1442 2618 esset

302 2660 335 2720 et
364 2656 428 2721 loci
461 2659 563 2724 sancti
594 2660 764 2737 caucellos,
796 2658 853 2723 ubi
881 2659 1067 2742 martyrium
1097 2662 1175 2738 erat,
1208 2659 1292 2724 idem
1325 2658 1440 2724 iuuenis
1458 2677 1482 2714 ao

302 2783 394 2828 orans
421 2768 553 2843 teneret,
581 2770 709 2849 repente
737 2770 917 2848 prostratus
942 2771 992 2832 est
1015 2770 1048 2831 ot
1075 2766 1243 2832 dormienti
1267 2767 1440 2832 simillimus

300 2871 410 2950 iacuit,
434 2890 496 2937 non
520 2877 626 2936 tamen
650 2876 801 2951 hemena,
826 2873 911 2938 siout
935 2873 1030 2938 etiam
1055 2893 1111 2956 per
1129 2892 1276 2938 somnum
1297 2873 1438 2940 solebant.

301 2978 513 3061 Stupentibus
541 2978 595 3061 qui
624 2980 755 3044 aderaut
781 2979 884 3062 adque
913 2979 984 3046 aliis
1011 2980 1215 3062 pauentibus,
1245 2981 1316 3046 aliis
1344 2979 1439 3044 dolen·

299 3083 398 3161 tibus,
423 3103 592 3176 cumeum
618 3085 747 3168 quidam
765 3086 887 3150 uellent
907 3086 1037 3170 erigere,
1061 3085 1203 3152 nonnulli
1223 3087 1440 3169 prohibuerunt

301 3193 334 3254 et
356 3190 463 3272 potius
492 3191 612 3255 exitum
636 3192 883 3275 exspectandum
909 3211 979 3256 esse
1004 3193 1158 3258 dixerunt.
1186 3192 1228 3256 Ει
1252 3212 1323 3258 ecce
1345 3210 1436 3257 surre-
1456 3205 1482 3246 ιι

299 3295 355 3374 xit,
380 3299 413 3360 et
435 3315 496 3361 non
520 3298 688 3375 tremebat,
711 3299 860 3380 quoniam
886 3301 1017 3364 sanatus
1041 3303 1117 3376 erat,
1143 3302 1176 3364 et
1199 3299 1308 3364 stabat
1329 3298 1436 3363 incolu-

300 3402 372 3480 mis,
400 3403 527 3469 intuens
554 3404 726 3470 intuentes.
756 3402 835 3482 Quis
866 3425 941 3490 ergo
966 3425 1000 3470 sc
1024 3406 1128 3471 tenuit
1151 3423 1169 3470 a
1191 3404 1341 3471 laudibus
1362 3402 1436 3468 Dei?

300 3509 513 3574 clamantium
546 3511 840 3594 gratulantiumque
877 3511 1012 3576 uocibus
1049 3511 1184 3577 ecclesia
1220 3527 1436 3596 usquequaque

299 3616 445 3698 conpleta
473 3621 532 3682 est.
560 3617 637 3683 Inde
665 3618 705 3682 ad
727 3638 778 3683 me
807 3620 954 3696 curritur,
983 3619 1039 3683 nbi
1063 3619 1214 3684 sedebam
1236 3619 1300 3684 iam
1323 3633 1436 3701 proces-

333 3886 563 3990 4ignorabilisp
635 3887 879 3991 dacerbissiurep
959 3923 1070 3994 tullitp
1140 3941 1264 3996 pseuey
1335 3928 1362 3979 ll
1381 3921 1433 3992 psl·

296 4007 405 4061 laniae
497 4011 687 4066 inuenerunt
710 4015 802 4066 autern
827 4017 1014 4067 censuerant
1039 4029 1141 4067 cor-me
1234 4017 1267 4069 14
1290 4015 1341 4069 sibi
1357 4027 1437 4078 oruc

296 4089 483 4218 placqreturq
575 4127 607 4179 18
626 4125 703 4180 uenit
722 4129 761 4198 et]
783 4093 884 4192 nouitio
902 4145 936 4184 on.
957 4132 1063 4184 2ccur.
1083 4149 1096 4183 e
1193 4133 1276 4200 atque
1296 4129 1327 4184 ab
1345 4129 1395 4198 ipsc
1411 4143 1434 4195 p

296 4248 334 4301 20
351 4225 463 4318 martyr,
486 4251 518 4302 ιἰι
541 4268 626 4321 ortorp.
642 4229 818 4322 'martyrium
843 4269 857 4306 e
946 4254 981 4307 22
1005 4255 1086 4308 sicuti
1108 4271 1126 4322 p
1234 4255 1360 4309 somnium
1381 4251 1436 4320 ,οἱα

295 4336 422 4390 solebant
441 4338 468 4390 ιι1
479 4339 533 4407 p¹p
552 4339 666 4407 Domb.,·
684 4341 791 4396 solebat
811 4341 979 4412 a²bep²po
