3192 4959
314 436 379 499 526
659 431 686 484 S.
714 429 873 484 Aurelii
901 429 1119 498 Augustini

313 649 351 692 ea
378 629 431 710 qui
461 629 607 692 nesciunt
635 628 804 710 opinentur
831 645 902 692 esse
930 626 1039 690 diuina
1066 625 1165 712 (unde
1192 627 1315 691 factum
1338 625 1440 700 estut

311 736 345 800 in
378 734 514 817 quodam
547 734 667 816 templo
695 733 857 816 lapidibus
886 733 1088 817 magnetibus
1117 734 1148 796 in
1179 733 1248 797 solo
1277 736 1310 796 et
1341 751 1440 796 canera

311 842 511 924 proportione
548 840 779 924 magnitudinis
816 840 931 923 positis
969 840 1175 905 simulacrum
1207 840 1344 904 faucum
1376 839 1439 902 aeris

311 950 401 1013 illius
428 948 533 1012 medio
560 947 644 1011 inter
669 950 842 1028 utrumque
870 946 1010 1030 lapidem
1033 946 1268 1031 ignorantibus
1297 945 1367 1029 quid
1387 965 1439 1010 sor-

312 1076 385 1121 sum
422 1059 507 1120 esset
544 1073 581 1118 ac
613 1053 773 1128 deorsum,
807 1053 899 1136 quasi
933 1053 1073 1118 numinis
1105 1056 1265 1136 potestate
1300 1052 1469 1135 pendemus
1541 1033 1542 1044 ¹

313 1165 406 1246 quale
429 1162 552 1244 aliquid
576 1161 672 1225 etiam
695 1161 728 1226 in
756 1161 812 1224 illa
835 1161 965 1226 lucerna
987 1161 1119 1224 Veneris
1144 1161 1183 1225 de
1205 1161 1311 1244 lapide
1334 1159 1439 1224 asbesto

312 1271 351 1335 ab
380 1269 500 1334 artifice
526 1269 595 1332 fieri
621 1267 765 1350 potuisse
798 1268 864 1332 iam
899 1267 1063 1352 diximus);
1098 1267 1125 1331 si
1156 1285 1323 1351 magorum
1355 1284 1439 1349 opera,

313 1395 394 1458 quos
417 1379 525 1440 nostra
548 1375 705 1458 scriptura
731 1373 892 1440 uenefioos
917 1377 949 1438 et
970 1375 1183 1440 incantatores
1207 1377 1312 1451 uocat,
1338 1373 1367 1439 in
1387 1379 1440 1436 tuo·

310 1488 381 1548 turn
415 1483 584 1548 daemones
616 1482 765 1547 extollere
798 1485 981 1565 potuerunt,
1018 1486 1056 1546 ut
1087 1501 1260 1566 congruere
1298 1481 1439 1544 hominum

313 1588 459 1654 sensibus
483 1588 545 1652 sibi
568 1588 683 1653 nobilis
707 1591 803 1669 poeta
821 1588 993 1665 uideretur,
1018 1589 1056 1652 de
1077 1588 1212 1670 quadam
1231 1587 1355 1665 femina,
1376 1604 1440 1668 quae
1455 1601 1473 1638 u
1542 1563 1543 1614 ³

311 1696 370 1759 tali
393 1697 460 1759 arte
483 1695 628 1779 polleret,
653 1694 777 1759 dicens:

441 1839 522 1897 llaec
545 1857 576 1896 se
601 1839 779 1898 carminibus
803 1839 945 1912 promittit
968 1840 1080 1898 soluere
1103 1843 1215 1898 mentes

444 1929 522 1997 Quas
546 1927 627 1997 uelit,
653 1931 699 1986 ast
722 1928 788 1986 aliis
813 1929 899 1986 duras
923 1929 1067 1987 inmittere
1092 1945 1187 2000 curas,

442 2016 548 2076 Sistere
573 2035 678 2090 aquam
701 2017 798 2076 fluuiis
823 2019 983 2077 obuertere
1007 2019 1105 2076 sidera
1127 2021 1219 2089 retro;
1356 2052 1359 2058 ι
1543 2087 1544 2102 ¹

439 2107 663 2180 Nocturnosqne
686 2107 745 2165 ciet
766 2125 881 2166 manes:
907 2106 1017 2180 mugire
1042 2107 1156 2166 uidebis
1452 2113 1470 2152 1⁵
1543 2109 1544 2122 ¹

443 2196 502 2254 Sub
526 2196 649 2270 podibus
674 2201 780 2254 terram
805 2199 833 2254 et
857 2196 1031 2255 descendere
1055 2197 1201 2254 montibus
1226 2213 1325 2256 omos:

311 2336 428 2414 quanto
460 2332 564 2416 magis
598 2333 686 2397 Deus
718 2335 832 2414 potens
861 2335 911 2396 est
937 2332 1040 2397 facere
1069 2351 1147 2414 quae
1174 2331 1353 2397 infidelibus
1379 2331 1441 2395 sunt

310 2438 518 2510 incredibilia,
547 2439 603 2503 sed
630 2439 719 2504 illius
746 2438 855 2504 facilia
881 2439 1049 2522 potestati3
1083 2438 1206 2521 quando
1235 2439 1358 2522 quidem
1384 2437 1439 2518 ipse

309 2544 452 2627 lapidum
482 2545 679 2627 aliarumque
707 2545 774 2610 uim
802 2565 906 2610 rerum
931 2549 964 2609 et
990 2545 1155 2610 hominum
1178 2546 1316 2630 ingenia,
1343 2543 1392 2627 qui
1411 2559 1439 2604 ea

311 2652 400 2716 miris
428 2655 563 2716 utuntur
590 2651 705 2727 modis,
733 2652 959 2735 angelicasque
987 2655 1116 2716 naturas
1146 2652 1294 2717 omnibus
1325 2647 1471 2716 terreniorl
1544 2705 1545 2710 ,

310 2759 506 2840 potentiores
534 2758 748 2822 animantibus
777 2756 930 2836 condidit,
957 2758 1107 2823 uniuersa
1134 2757 1295 2823 mirabilis
1320 2754 1439 2821 mirabili
1544 2751 1545 2754 ’

310 2865 457 2929 uincente
493 2865 614 2928 uirtute
652 2866 684 2928 et
721 2863 867 2947 operandi
906 2863 1033 2928 iubendi
1071 2865 1257 2947 sinendique
1294 2861 1438 2948 sapientia

310 2974 403 3035 utens
428 2971 575 3036 omnibus
598 2973 662 3035 tam
688 2971 886 3046 mirabiliter,
911 2989 1005 3052 quam
1030 2971 1158 3036 creauit.

767 3160 903 3229 CAPUT
928 3163 998 3228 Vll.

310 3304 417 3386 Quod
445 3305 482 3368 in
506 3305 620 3370 rebus
647 3305 753 3369 miris
779 3325 923 3370 summa
946 3304 1122 3370 credendi
1149 3306 1247 3370 ratio
1273 3305 1321 3370 sit
1343 3297 1472 3370 omni-2⁵

684 3411 857 3495 potentia
881 3411 1084 3478 Creatoris.

355 3553 444 3633 Quur
466 3553 573 3636 itaque
596 3553 699 3617 facere
718 3573 779 3618 non
797 3555 901 3636 possit
923 3555 1017 3634 Deus,
1038 3558 1075 3617 ut
1094 3557 1126 3618 et
1143 3555 1310 3638 resurgant
1326 3565 1439 3630 corpora

308 3664 505 3725 mortuorum
539 3663 571 3724 et
597 3659 672 3744 igne
700 3664 825 3724 aeterno
854 3662 1035 3726 crucientur
1068 3679 1196 3744 corpora
1228 3659 1437 3726 damnatorum,

398 3903 504 3958 2P1in.
522 3901 662 3966 xxxnn.
685 3903 727 3966 14,
748 3902 799 3956 148
857 3905 889 3958 12
908 3904 975 3957 Aen.
995 3902 1060 3968 1111,
1077 3902 1131 3956 487
1150 3919 1209 3972 sqq.

344 4046 583 4115 lmagnitibnsp
690 4046 719 4099 in
738 4063 877 4100 camerae
966 4046 1075 4100 linter
1093 4062 1178 4100 onae
1268 4035 1436 4113 bpendereb

308 4135 475 4190 Sinopae
532 4135 565 4188 14
584 4135 703 4203 aquasb
765 4137 797 4189 16
817 4136 984 4240 homosp·
1015 4137 1046 4188 19
1067 4137 1131 4204 quia
1149 4150 1213 4188 eae
1268 4126 1438 4199 casapieutia

307 4251 524 4305 ...mirabiliter
540 4267 575 4304 m.
596 4255 615 4304 2
633 4251 664 4304 in
681 4267 767 4320 marg.
785 4269 803 4320 9
875 4251 910 4305 23
930 4267 1008 4319 quem
1026 4267 1044 4320 p
1111 4251 1144 4304 27
1165 4251 1253 4320 possit
1271 4248 1349 4316 Deus]
1366 4255 1436 4314 posse

307 4339 442 4392 diciturb
516 4347 613 4392 atem.
633 4339 676 4408 bp
729 4340 764 4392 28
783 4340 811 4392 in
831 4339 894 4408 igne
915 4341 957 4410 by
