3192 4959
327 438 391 502 378
672 434 698 488 S.
727 433 885 488 Aurelii
912 433 1130 502 Augustini

327 619 518 714 adgrauatae
540 630 654 694 malis!
677 629 769 696 (lento
793 647 866 715 ergo
891 630 984 694 beata
1007 628 1106 694 estin
1126 625 1246 693 eisdem
1269 628 1350 711 ipsis
1374 628 1471 704 malis

325 741 455 820 propter
486 756 567 819 quae
600 736 679 801 dicis
713 756 784 802 esse
813 734 1018 820 fugiendam?
1050 735 1099 800 An
1127 735 1198 800 ideo
1226 735 1353 800 beatam
1386 733 1471 810 dicis,

326 845 400 926 quie
422 844 500 908 licet
522 843 581 907 tibi
605 843 643 908 ab
667 844 717 908 his
742 843 835 907 malis
859 846 961 907 morte
984 842 1167 908 discedere?
1191 840 1274 921 Quid
1300 841 1326 906 si
1351 860 1428 925 ergo
1445 839 1471 904 in

326 950 373 1014 eis
397 949 502 1032 aliquo
527 949 634 1014 diuino
658 949 776 1014 indicio
800 950 952 1015 tenereris
981 969 1037 1014 nec
1061 948 1290 1032 permittereris
1315 949 1398 1012 mori
1422 967 1471 1012 nec

325 1074 479 1137 umquam
503 1057 571 1122 sine
589 1056 655 1121 illis
675 1076 745 1122 esse
765 1057 937 1122 sinereris?
955 1057 1077 1138 Nempe
1097 1059 1174 1122 tunc
1193 1057 1306 1120 saltem
1325 1055 1471 1120 miseram
1498 1073 1508 1110 ⁵

325 1163 424 1227 telem
457 1163 577 1229 diceres
610 1164 722 1228 uitam.
754 1163 826 1227 Non
859 1163 959 1246 igitur
990 1165 1156 1246 propterea
1183 1162 1299 1226 misera
1326 1181 1388 1225 non
1420 1165 1472 1234 est,

325 1269 401 1351 quia
424 1268 487 1335 cito
511 1270 708 1353 relinquitur.
734 1268 865 1349 Quando
890 1270 1016 1353 quidem
1041 1269 1070 1334 si
1088 1269 1279 1352 sempiterna
1302 1269 1356 1342 sit,
1382 1270 1472 1332 etiam

326 1376 383 1440 abs
411 1380 444 1440 te
470 1377 540 1460 ipso
564 1378 680 1442 misera
702 1376 877 1454 indicatur;
906 1396 967 1440 non
991 1377 1098 1460 itaque
1126 1378 1301 1459 propterea,
1327 1375 1471 1457 quoniam

326 1483 434 1548 breuis
458 1487 517 1561 est,
537 1483 626 1548 nulla
643 1484 771 1547 miseria
792 1483 887 1547 debet
912 1481 1013 1546 uideri
1033 1489 1098 1562 ant,
1123 1482 1208 1564 quod
1227 1485 1277 1547 est
1296 1481 1472 1559 absurdius,

327 1589 402 1671 qnia
424 1589 532 1654 breuis
556 1591 684 1654 miseria
707 1593 766 1666 est,
785 1591 857 1655 ideo
877 1589 974 1655 etiam
992 1589 1156 1655 beatitudo
1176 1589 1336 1672 appellari.
1362 1589 1508 1672 Magnam

326 1696 379 1760 uis
408 1697 515 1761 estin
544 1697 590 1762 eis
618 1699 722 1773 malis,
752 1717 831 1780 quae
861 1701 979 1781 cogunt
1006 1696 1166 1761 hominem
1191 1695 1367 1761 secundum
1390 1695 1472 1776 ipsos

268 1875 272 1880 I
328 1803 425 1866 etiam
448 1804 624 1887 sapientem
649 1804 776 1870 sibimet
800 1805 921 1868 anferre
946 1803 1030 1886 quod
1054 1804 1148 1868 homo
1173 1806 1237 1876 est:
1263 1821 1336 1867 cnm
1362 1801 1471 1866 dicant.

323 1913 360 1973 et
392 1928 504 1974 uerum
537 1910 652 1988 dicant,
685 1913 764 1976 banc
797 1930 867 1975 esse
901 1914 1031 1974 naturae
1059 1910 1193 1992 primam
1223 1909 1359 1990 quodam
1384 1907 1472 1973 modo

328 2019 360 2080 et
391 2016 559 2080 maximam
592 2036 715 2097 uocem,
747 2020 785 2081 ut
817 2018 910 2084 bomo
945 2017 1132 2082 concilietur
1164 2017 1225 2082 sibi
1254 2019 1287 2081 et
1312 2019 1472 2098 propterea

327 2124 462 2186 mortem
486 2124 673 2187 naturaliter
694 2123 808 2207 fugiat,
837 2124 882 2188 ita
906 2124 968 2188 sibi
991 2125 1124 2202 amicus,
1149 2128 1186 2189 nt
1209 2142 1280 2188 esse
1304 2141 1338 2188 se
1362 2119 1471 2186 animal
1488 2139 1509 2178 1

321 2232 361 2293 et
391 2229 425 2293 in
455 2229 514 2294 lrao
547 2229 766 2296 coniunctione
800 2231 939 2314 corporis
973 2232 1075 2312 adque
1108 2231 1231 2295 animae
1261 2231 1370 2295 uiuere
1399 2227 1473 2292 uelit

326 2334 532 2401 uehementer
559 2337 662 2420 adque
691 2337 828 2419 adpetat.
859 2337 977 2421 Magna
1005 2339 1055 2402 nis
1083 2341 1133 2402 est
1155 2339 1186 2402 in
1212 2338 1257 2402 eis
1282 2335 1383 2410 malis,
1408 2334 1471 2416 qui·

328 2441 389 2505 bns
412 2442 474 2507 iste
497 2446 627 2508 naturae
651 2445 790 2508 uincitur
813 2464 936 2522 sensus,
962 2465 1024 2528 qno
1047 2464 1133 2509 mors
1157 2445 1244 2508 omni
1267 2443 1361 2508 modo
1379 2439 1471 2505 omni-

327 2547 388 2612 bns
420 2548 544 2614 uiribus
578 2550 807 2631 conatibusque
840 2551 971 2628 nitatur,
1005 2554 1037 2616 ot
1069 2552 1113 2615 ita
1142 2551 1293 2627 uincitur,
1322 2554 1367 2626 nt,
1396 2565 1470 2631 quae

329 2653 492 2719 nitebatur
519 2658 646 2739 optetur
672 2656 840 2738 adpetatur
867 2661 909 2734 et,
935 2657 961 2723 si
990 2677 1050 2722 non
1079 2657 1220 2740 potnerit
1247 2656 1373 2720 aliunde
1404 2666 1507 2719 oon-r]

327 2760 462 2844 tingere,
490 2762 529 2827 ab
557 2763 684 2827 homine
713 2763 782 2846 ipso
812 2763 941 2828 sibimet
967 2765 1130 2828 inferatur.
1159 2763 1277 2847 Magna
1298 2763 1349 2827 nis
1373 2761 1469 2826 estin

328 2867 374 2931 eis
406 2867 511 2946 malis,
544 2889 625 2951 quae
657 2869 877 2934 tortitudinem
909 2871 1029 2936 faciunt
1060 2870 1267 2948 homicidam3
1306 2871 1334 2934 si
1372 2873 1469 2934 tamen

328 2973 433 3038 adhuc
459 2974 592 3039 dicenda
619 2980 669 3041 est
695 2978 859 3057 fortitudo,
890 2997 970 3060 quae
996 2980 1043 3043 ita
1070 2979 1119 3043 bis
1151 2977 1470 3048 1111111111111,11

328 3079 499 3156 hominem,
528 3102 621 3164 quem
646 3083 731 3149 sicut
754 3085 857 3151 nirtns
886 3084 1058 3169 regendum
1083 3085 1303 3167 tuendumque
1327 3080 1469 3163 suscepit

327 3205 389 3250 111
413 3188 508 3253 modo
532 3209 592 3254 non
615 3191 720 3273 possit
741 3211 798 3274 per
819 3192 1006 3276 patientiam
1030 3192 1200 3266 custodire,
1225 3189 1506 3275 1111111111

328 3313 384 3376 111
416 3299 547 3381 cogatur
578 3297 730 3362 occidere.
762 3298 867 3362 Debet
899 3297 1027 3381 quidem
1061 3299 1156 3362 etiam
1189 3302 1325 3364 mortem
1354 3295 1468 3380 sepiens

327 3401 408 3465 ferre
444 3403 609 3485 patienter,
649 3405 706 3469 sed
743 3425 823 3487 qnae
861 3403 977 3470 occidit
1012 3405 1147 3470 aliunde.
1183 3404 1365 3471 Secundum
1395 3403 1468 3466 istos

330 3510 437 3570 autem
460 3509 489 3572 si
512 3527 580 3573 eam
605 3509 757 3594 sibiipsa
781 3513 894 3576 inferre
919 3512 1120 3594 conpellitur,
1147 3512 1291 3596 profecto
1316 3508 1467 3577 fatendum

330 3615 380 3676 est
411 3615 456 3679 eir
489 3635 550 3680 non
584 3617 689 3682 solum
716 3619 810 3697 mala,
839 3619 895 3683 sed
923 3618 1134 3683 intolerabilia
1161 3619 1257 3684 etiam
1284 3619 1368 3684 mala
1392 3631 1466 3688 esse,

330 3738 409 3801 qnae
432 3721 492 3786 boc
516 3741 589 3790 enm
608 3727 787 3807 perpetrare
808 3727 1002 3808 conpellunt.
1022 3725 1095 3816 Vita
1114 3725 1223 3808 igitur,
1244 3745 1325 3807 qnae
1342 3725 1466 3792 istomm
1483 3733 1504 3768 ³¹¹

329 3822 393 3890 tam
418 3847 604 3912 magnorum
627 3834 756 3913 tamque
780 3833 926 3916 granium
950 3834 1107 3898 malorum
1130 3835 1187 3898 aut
1208 3831 1362 3916 premitur
1378 3825 1467 3893 oneri·

364 4067 501 4122 41111111
521 4067 649 4123 dininoo
715 4071 929 4141 51111111111ι
996 4071 1182 4143 6111111111·
1246 4067 1465 4144 resipientes

333 4157 366 4209 15
386 4172 414 4208 se
433 4171 484 4209 om.
503 4171 517 4210 e
572 4158 605 4210 17
625 4157 801 4212 uehementer
819 4159 907 4229 adque
925 4177 1002 4228 1111.;
1020 4161 1249 4231 uehementerque
1268 4177 1285 4216 o
1342 4161 1373 4215 19
1388 4157 1463 4218 uitia·

325 4248 408 4297 -ture
452 4245 484 4298 21
506 4245 565 4314 ipso
585 4245 695 4299 homine
711 4263 729 4299 1
774 4249 967 4318 25111111111
1017 4250 1051 4304 26
1071 4253 1185 4318 cogatur
1204 4251 1340 4320 cogitetur
1357 4244 1465 4302 occide

330 4333 364 4385 27
385 4332 491 4387 accidet
506 4333 534 4404 1ι
590 4334 625 4388 30
644 4335 809 4404 conpellunt,
828 4337 849 4390 11
867 4355 901 4393 m.
922 4342 942 4391 2
959 4338 991 4392 ia
1008 4355 1065 4394 rue.
1085 4341 1130 4404 (m.
1149 4341 1165 4392 1
1184 4335 1431 4410 conpelnbunt?),e
