3192 4959
671 433 697 488 S.
726 430 883 485 Aurelii
912 429 1132 500 Augnrtini

772 623 911 690 CAPUT
934 623 1020 690 XXl.

320 769 374 832 Do
407 771 595 833 nouitate
630 768 816 850 corporis
847 767 1070 850 spiritalis,
1102 765 1141 831 in
1171 786 1287 849 quam
1319 771 1466 832 sancto·
1558 835 1559 838 ,

663 893 746 938 rum
771 892 862 938 caro
888 874 1126 939 mutabitur.

362 1016 563 1080 Restituetnr
599 1034 675 1099 ergo
712 1014 868 1098 quidquid
901 1013 938 1078 de
977 1015 1162 1097 corporibus
1195 1015 1282 1081 uiuis
1317 1017 1370 1080 uel
1401 1021 1467 1098 post
1558 1011 1559 1100 ξ

318 1126 453 1187 mortem
487 1121 525 1186 do
559 1121 766 1187 cadaueribus
798 1121 905 1204 periit,
939 1126 971 1186 et
1004 1121 1101 1186 simul
1135 1141 1206 1187 curu
1241 1141 1289 1200 eo,
1325 1124 1410 1205 quod
1437 1123 1498 1186 ins
1558 1105 1559 1198 J

319 1229 473 1312 sepulcris
496 1229 659 1306 remansit,
683 1228 715 1292 in
739 1227 894 1312 spiritalis
915 1228 1055 1311 corporis
1074 1229 1250 1293 nouitatem
1270 1248 1308 1293 er
1328 1228 1463 1293 animalis

318 1336 458 1420 corporis
486 1338 649 1401 uetustate
678 1338 839 1400 mutatum
869 1339 1016 1418 resurget
1042 1335 1277 1419 incorruptione
1302 1335 1404 1418 adque
1425 1336 1463 1398 in-

317 1443 512 1510 mortalitate
548 1443 714 1507 uestitum.
754 1439 818 1507 Sed
856 1442 917 1506 etsi
953 1442 1006 1507 uol
1043 1461 1119 1508 casu
1158 1443 1263 1524 aliquo
1298 1443 1390 1526 graui
1418 1442 1464 1506 uel
1558 1437 1559 1520 i

317 1551 519 1616 inimicorum
546 1549 733 1614 inmanitate
760 1552 866 1613 totum
889 1548 1017 1630 penitus
1048 1551 1228 1614 conteratur
1251 1549 1283 1613 in
1307 1550 1462 1633 puluerem

318 1659 420 1740 adque
443 1657 476 1721 in
499 1675 592 1720 auras
615 1656 669 1720 uel
692 1656 724 1719 in
749 1675 848 1739 aquas
874 1655 1064 1738 dispersum,
1089 1660 1243 1738 quantum
1268 1655 1495 1738 fieripotest.1o
1558 1655 1559 1730 i

318 1783 477 1842 nusquam
512 1781 581 1827 esse
611 1761 733 1827 sinatur
761 1762 905 1826 omnino:
939 1763 1028 1827 nullo
1055 1761 1149 1826 modo
1178 1763 1323 1827 subtrahi
1354 1759 1460 1845 poterit

319 1869 567 1952 omnipotentiae
593 1869 761 1945 Creatoris,
787 1869 843 1932 sed
867 1868 1002 1952 capillus
1021 1869 1054 1934 in
1074 1888 1110 1934 eo
1130 1870 1245 1952 eapitis
1265 1890 1326 1934 non
1345 1869 1456 1952 peribit.
1558 1881 1559 1910 l

317 1978 387 2043 Erit
411 1995 484 2062 ergo
510 1974 638 2059 spiritui
662 1975 791 2039 subdita
815 1994 886 2040 caro
912 1975 1075 2058 spiritalis,
1101 1975 1157 2040 sed
1176 1980 1283 2040 tamen
1305 1995 1383 2052 caro,
1405 1991 1456 2038 non
1558 1973 1559 2010 r

318 2085 466 2168 spiritus;
497 2082 582 2148 sicut
609 2081 694 2147 carni
723 2081 872 2147 subditus
901 2081 963 2146 fuit
992 2081 1125 2164 spiritus
1148 2081 1218 2164 ipse
1243 2081 1384 2158 carnalis,
1410 2077 1455 2144 sed
1558 2157 1559 2174 ἵ

317 2197 423 2258 tamen
447 2190 590 2272 spiritus,
615 2209 676 2252 non
701 2208 783 2254 caro.
809 2189 908 2253 Cuius
932 2188 977 2252 rei
996 2189 1150 2253 habemus
1170 2187 1412 2271 experimentum
1428 2185 1453 2248 in
1472 2207 1492 2244 c

318 2303 443 2363 nostrae
466 2315 586 2381 poenae
610 2294 821 2360 deformitate.
851 2293 921 2360 Non
947 2295 1030 2360 enim
1055 2294 1231 2360 secuudum
1256 2314 1387 2371 carnem,
1409 2291 1454 2357 sed
1558 2309 1559 2338 l

318 2405 429 2487 utique
449 2404 624 2468 secundum
644 2401 792 2485 spirituum
813 2402 954 2466 carnales
974 2405 1072 2480 erant,
1094 2401 1210 2484 quibus
1226 2402 1272 2466 ait
1290 2401 1453 2485 apostolus:

318 2509 404 2576 Non
445 2511 561 2592 potui
603 2509 722 2574 uobis
763 2509 879 2591 loqui
922 2508 1041 2590 quasi
1079 2508 1358 2592 spiritalibus,
1397 2503 1454 2571 sed

319 2617 438 2702 quasi
461 2616 715 2690 carnalibus3
741 2619 774 2680 et
796 2616 891 2680 homo
917 2615 1070 2699 spiritalis
1095 2615 1142 2680 sic
1165 2615 1197 2678 in
1220 2615 1281 2680 hac
1304 2616 1370 2681 uita
1391 2613 1454 2680 dici-

317 2726 381 2802 tur,
418 2727 456 2788 ut
487 2726 593 2787 tamen
632 2740 761 2805 corpore
794 2722 899 2787 adhuc
928 2723 1062 2787 carnalis
1095 2722 1139 2787 sit
1171 2726 1204 2787 et
1235 2722 1344 2787 uideat
1374 2721 1490 2786 aliano
1558 2709 1559 2714 ’

249 2870 252 2877 .
318 2831 422 2913 legem
451 2831 482 2894 in
510 2828 660 2893 membris
690 2829 757 2894 suis
785 2831 1014 2913 repugnantem
1041 2829 1106 2913 legi
1140 2829 1255 2894 mentis
1285 2847 1375 2905 suae;
1404 2828 1452 2891 erit

318 2939 427 3013 autem
454 2935 550 2999 etiam
579 2954 708 3017 corpore
739 2935 904 3016 spiritalis,
934 2954 1007 3000 cum
1032 2935 1138 3000 eadem
1170 2954 1241 3000 caro
1266 2935 1313 3000 sic
1334 2952 1452 3000 resurre-

317 3043 407 3119 xerit,
437 3046 474 3105 ut
496 3041 551 3106 liat
575 3042 659 3123 quod
683 3041 838 3123 scriptum
863 3047 928 3106 est:
959 3041 1193 3108 Seminatur
1220 3061 1367 3126 corpus
1388 3039 1451 3104 ani·

318 3151 430 3224 male,
463 3153 655 3231 resurget
688 3166 835 3231 corpus
867 3147 1072 3231 spiritale.
1106 3147 1193 3228 Quae
1227 3149 1271 3214 sit
1299 3155 1399 3213 autem
1427 3149 1452 3208 et

318 3274 413 3339 quam
436 3273 551 3339 magna
574 3255 727 3337 spiritalis
751 3255 892 3339 corporis
917 3254 1030 3340 gratia,
1054 3255 1203 3338 quoniam
1222 3256 1360 3321 nondum
1377 3251 1486 3318 unito

317 3363 348 3426 in
378 3362 637 3444 experimentum,
668 3381 780 3427 uereor
807 3382 845 3427 ne
875 3362 1076 3427 temerarium
1107 3363 1150 3427 sit
1178 3381 1280 3438 omne,
1314 3359 1391 3445 quod
1419 3358 1449 3422 do

317 3469 375 3532 illa
398 3469 564 3551 profertur,
589 3468 761 3551 eloquium.
784 3469 903 3535 Verum
928 3472 1034 3534 tamen
1059 3470 1133 3552 quia
1156 3469 1370 3552 speinostrao
1386 3483 1448 3551 gau·

318 3575 405 3640 dium
438 3579 567 3658 propter
598 3573 658 3638 Dei
688 3575 817 3640 laudem
850 3594 911 3640 non
941 3577 991 3640 est
1018 3576 1186 3641 tacendum
1217 3579 1250 3641 et
1277 3575 1314 3640 de
1345 3571 1446 3638 intimis

318 3681 457 3746 ardentis
475 3681 577 3746 sancti
598 3681 715 3746 amoris
734 3680 885 3746 medullis
906 3681 1026 3746 dictum
1047 3685 1112 3748 est:
1136 3683 1317 3758 Domine,
1338 3675 1443 3746 dilexi

318 3785 503 3850 decorem
528 3786 667 3851 domus
690 3790 801 3851 tuae:
827 3786 865 3851 de
890 3787 978 3853 donis
1003 3788 1083 3866 eius,
1108 3789 1243 3870 quaein
1269 3790 1325 3854 hac
1342 3799 1481 3852 uentu-³⁰

410 3991 647 4059 181.cor.3,1
686 3993 817 4052 abiton.
837 3995 861 4058 7,
882 3996 916 4050 23
954 3996 988 4050 23
1009 3996 1033 4050 1.
1053 3996 1111 4051 Cer.
1133 3996 1176 4059 15,
1195 3997 1232 4051 44
1269 3997 1302 4051 29
1319 3995 1359 4050 Po.
1376 3985 1440 4052 25,ss

353 4119 454 4188 ⁴tergo
475 4121 537 4171 eto
591 4119 945 4190 dnonitatem..eorporis
964 4135 1052 4189 om.9
1114 4121 1324 4192 'iresnrgelrtp
1372 4115 1399 4170 12
1414 4127 1439 4165 eo

1258 4201 1270 4228 ι

320 4251 371 4288 om.
391 4233 416 4286 e¹
454 4234 487 4286 13
506 4231 554 4302 lpn
575 4237 620 4300 (=
639 4233 784 4303 spiritum
821 4235 855 4290 20
873 4239 905 4288 ut
923 4235 1049 4290 uidente
1085 4236 1120 4290 23
1139 4235 1287 4302 seminator
1302 4253 1319 4306 9
1361 4233 1437 4286 tire

318 4327 413 4390 surget
432 4321 632 4390 abppp²uo,·
649 4324 767 4392 resurgit
786 4323 828 4391 p¹;
846 4329 940 4393 surget
958 4343 972 4379 e
1026 4327 1061 4380 25
1081 4327 1146 4394 quia
1163 4343 1182 4393 p
