3192 4959
291 469 343 524 De
371 471 544 527 ciuitate
573 471 634 526 dei
662 473 728 526 lib.
755 473 872 528 XVIIII.
901 488 976 545 cap.
1006 477 1048 530 23.
1078 477 1120 530 24.
1217 481 1282 544 419

559 664 696 730 CAPUT
719 665 853 730 XXIIII.

133 805 214 884 Qua
251 806 496 872 definitione
537 811 700 872 constet
736 809 876 893 populi
917 813 956 874 ot
991 810 1048 874 rei
1086 812 1282 893 publicae

131 913 477 996 nuncupationem
499 916 611 978 16616
636 913 716 978 sibi
736 932 809 979 non
831 915 962 980 solum
981 914 1188 996 Romanos,
1209 918 1281 982 sed

388 1019 509 1084 etiarn
538 1039 661 1104 regna
691 1020 773 1084 alia
796 1021 1020 1087 uindicare.

102 1189 114 1228 s
174 1159 207 1226 Si
231 1163 338 1225 autem
361 1160 500 1242 populus
523 1180 585 1226 nou
608 1160 683 1237 isto,
708 1160 764 1226 sed
787 1162 850 1226 alio
870 1161 1037 1228 definiatur
1059 1165 1164 1243 modo,
1189 1167 1282 1232 uelut

130 1267 156 1331 si
180 1267 321 1331 dicatur:
346 1267 499 1351 ‘Populus
529 1272 579 1332 est
607 1270 718 1333 coetus
746 1268 964 1334 multitudinis
988 1270 1151 1336 rationalis
1175 1291 1280 1338 rerum

128 1393 205 1454 quas
231 1373 337 1458 diligit
355 1374 503 1438 concordi
522 1375 744 1439 communione
764 1375 926 1456 sociatus',
945 1376 1098 1459 prolecto,
1118 1383 1156 1443 ut
1174 1379 1281 1443 uidea-

127 1485 180 1544 tur
202 1481 308 1562 qualis
332 1481 467 1563 quisque
486 1481 624 1564 populus
644 1480 697 1559 sit,
717 1481 773 1544 illa
792 1485 867 1545 sunt
885 1481 1046 1562 intuenda,
1066 1503 1145 1566 quae
1165 1484 1281 1570 diligit.

128 1585 356 1670 Quaecumque
387 1591 493 1652 tamen
525 1589 647 1673 diligat,
679 1590 707 1653 si
738 1593 849 1656 coetus
887 1596 938 1654 ost
968 1591 1186 1656 multitudinis
1219 1611 1280 1657 non

89 1723 112 1762 ro
126 1712 288 1775 pecorum,
317 1695 373 1759 sed
399 1696 602 1761 rationalium
631 1699 846 1761 creaturarum
876 1707 1039 1762 eteorum
1069 1717 1149 1780 quae
1174 1698 1282 1783 diligit

127 1802 274 1865 concordi
297 1802 518 1867 communione
543 1802 683 1866 sociatus
708 1805 767 1880 est,
795 1821 857 1866 uon
881 1802 1017 1867 absurde
1041 1805 1178 1887 populus
1202 1824 1281 1868 nun·

127 1911 278 1990 cupatur3
306 1911 395 1972 tanto
419 1909 532 1990 utique
555 1908 677 1986 melior,
701 1912 821 1990 quanto
845 1909 877 1973 in
901 1908 1098 1990 melioribus,
1127 1912 1279 1992 tantoque

126 2013 273 2092 deterior,
302 2018 418 2096 quanto
442 2019 493 2080 est
515 2015 546 2078 iu
571 2015 780 2080 deterioribus
806 2033 948 2080 concors.
979 2016 1159 2081 Secundum
1182 2016 1280 2081 istam

126 2119 342 2185 definitionem
373 2125 513 2186 nostram
547 2121 709 2186 Romanus
741 2123 880 2205 populus
913 2123 1052 2205 populus
1085 2127 1136 2187 est
1168 2127 1200 2187 et
1227 2143 1279 2188 res

87 2254 111 2292 1⁵
126 2228 195 2293 eius
222 2227 292 2292 sino
320 2227 517 2293 dubitatione
544 2228 756 2310 respublica.
786 2227 870 2307 Quid
894 2233 1000 2292 autem
1023 2230 1135 2311 primis
1158 2234 1280 2312 tempo-

125 2336 214 2400 ribus
238 2335 306 2400 suis
331 2335 449 2417 quidue
474 2335 682 2416 sequentibus
706 2335 846 2418 populus
870 2335 925 2400 1116
950 2336 1093 2400 dilexerit
1112 2339 1144 2401 et
1162 2337 1278 2417 quibus

126 2442 268 2506 moribus
300 2442 339 2506 ad
372 2441 611 2507 cruentissimas
645 2441 818 2508 seditiones
851 2441 952 2524 adque
980 2441 1052 2505 inde
1080 2441 1120 2506 ad
1148 2443 1280 2508 socialia

127 2547 229 2630 adque
251 2548 360 2612 ciuilia
382 2548 468 2612 bella
494 2535 682 2631 perueniens
710 2547 813 2631 ipsam
842 2547 1053 2626 concordiam,
1083 2567 1162 2632 quae
1191 2549 1278 2614 salus

126 2660 176 2719 est
207 2655 345 2736 quodam
377 2653 471 2719 modo
498 2653 621 2737 populi,
649 2653 771 2736 ruperit
797 2652 900 2735 adque
930 2655 1111 2737 corruperit,
1140 2659 1279 2719 testatur

83 2784 110 2825 ao
127 2761 272 2835 historia;
312 2761 350 2825 do
383 2780 446 2844 qua
476 2761 509 2826 in
541 2761 805 2843 praecedentibus
842 2761 932 2826 libris
966 2762 1069 2824 multa
1099 2762 1278 2844 posuimus.

125 2866 191 2931 Nec
221 2867 294 2933 ideo
323 2872 429 2932 tamen
457 2868 510 2931 uel
536 2868 645 2950 ipsum
672 2886 734 2931 uon
764 2886 836 2932 esse
859 2868 1013 2950 populum
1041 2869 1096 2931 uel
1119 2868 1187 2932 eius
1211 2887 1276 2932 rem

126 2973 253 3038 dixerim
277 2994 339 3039 non
363 2993 433 3038 esse
456 2975 713 3057 rempublicam,
738 2973 889 3058 quamdiu
910 2977 1016 3037 manet
1035 2974 1277 3056 qualiscumque

123 3081 287 3146 rationalis
319 3079 537 3145 multitudinis
570 3083 692 3158 coetus,
728 3099 834 3144 rerum
871 3099 949 3163 quas
987 3079 1094 3163 diligit
1131 3079 1277 3145 concordi

124 3188 345 3263 communione
374 3187 525 3252 sociatus.
554 3184 646 3264 Quod
669 3188 776 3252 autem
806 3185 844 3250 de
868 3186 930 3250 isto
954 3187 1073 3270 populo
1098 3191 1129 3252 61
1153 3187 1190 3250 de
1214 3186 1278 3251 ista

77 3315 104 3353 as
123 3314 157 3358 re
191 3295 321 3376 publica
358 3293 432 3371 diri,
469 3294 530 3358 boc
566 3293 605 3358 de
641 3292 885 3358 Atheniensium
918 3295 971 3357 uel
1004 3312 1277 3375 quorumcumque

124 3401 329 3478 Graecorum,
351 3401 413 3465 boc
436 3400 474 3465 de
497 3401 738 3484 Aegyptiorum,
763 3399 825 3465 boo
845 3400 883 3464 de
907 3399 964 3464 illa
987 3399 1089 3483 priore
1113 3399 1275 3482 Babylone

120 3509 336 3591 Assyriorum,
366 3507 491 3590 quando
514 3509 547 3571 in
570 3507 666 3572 rebus
690 3506 828 3588 publicis
853 3506 921 3570 suis
944 3507 1078 3587 imperia
1101 3506 1154 3570 uel
1178 3525 1276 3588 parua

120 3616 175 3680 1161
197 3633 313 3700 magna
335 3616 516 3691 tenuerunt,
542 3615 574 3678 et
597 3613 636 3678 de
659 3614 724 3678 alia
751 3632 951 3696 quacumque
976 3613 1109 3676 aliarum
1133 3613 1275 3696 gentium

118 3722 287 3806 intellegor
319 3721 435 3786 dixisse
468 3720 570 3802 adque
602 3720 752 3784 sensisse.
786 3717 983 3784 Generaliter
1015 3718 1132 3802 quippe
1160 3718 1274 3783 ciuitas

71 3847 100 3886 so
118 3829 289 3910 inpiorum,
314 3828 367 3892 cui
389 3846 451 3892 oon
475 3828 610 3908 imporat
629 3828 716 3892 Deus
737 3825 917 3890 oboedienti
937 3825 1009 3903 sibi,
1029 3827 1066 3889 ut
1085 3823 1275 3889 sac1ilicium

117 3953 180 3998 non
204 3932 315 4000 offerat
338 3933 399 3998 nisi
422 3932 645 3997 tantummodo
669 3930 742 4011 sibi,
768 3934 800 3996 et
818 3952 874 4016 per
891 3931 952 3996 hoc
971 3933 1003 3996 in
1022 3932 1080 3996 illa
1098 3934 1130 3995 et
1149 3930 1273 3994 animus

157 4196 189 4248 10
207 4194 412 4249 rationabilium
433 4194 459 4262 p¹
532 4194 564 4247 11
586 4209 718 4247 commun.
739 4191 865 4246 concordi
883 4208 899 4246 o
968 4191 1001 4244 ll
1021 4192 1139 4244 6116111111
1157 4189 1273 4260 populus

117 4300 214 4353 comp
305 4284 340 4337 15
363 4281 554 4352 resbuplicae
645 4282 677 4335 18
700 4279 815 4350 solusy
911 4281 943 4334 19
968 4277 1166 4349 quodammodo
1193 4281 1274 4334 estu

115 4371 243 4442 rusperit,
260 4389 288 4426 m
307 4387 389 4437 crea,
404 4387 423 4439 9
453 4369 678 4443 ,conspuente
727 4369 951 4422 assummum
998 4369 1031 4422 21
1052 4368 1107 4421 suis
1126 4363 1274 4436 publicisu

1183 4470 1233 4524 27*
