3192 4959
283 457 324 519 64
624 452 651 506 S.
679 450 838 505 Aurelii
865 448 1084 517 Augustini

283 650 338 733 qui
370 667 467 712 causa
492 646 624 711 iustiore
651 644 845 729 pugnabant,
870 642 942 725 quis
966 642 1092 707 dubitet
1115 641 1335 727 gratulandam
1358 661 1434 707 ease

281 755 450 820 uictoriam
483 757 515 817 et
546 752 732 835 prouenisse
765 750 937 833 optabilem
964 752 1096 830 pacem?
1128 749 1216 813 Haec
1244 748 1328 813 bona
1354 750 1436 813 eunt

282 866 315 926 et
347 862 414 927 sino
448 860 543 924 dubio
573 859 633 923 Dei
666 858 760 935 dona,
779 860 864 922 sunt.
896 855 958 921 Sed
991 855 1019 919 si
1046 854 1203 939 neglectis
1231 854 1433 933 melioribus,

281 988 361 1051 qnae
394 966 433 1031 ad
466 985 633 1049 supernam
664 964 824 1047 pertinent
856 962 1029 1038 ciuitatem,
1062 960 1119 1026 ubi
1147 962 1208 1026 erit
1233 961 1369 1027 uictoria
1397 962 1432 1025 in

281 1078 409 1140 aeterna
436 1080 469 1137 et
497 1090 622 1137 summa
644 1090 720 1153 pace
745 1088 864 1147 secura,
888 1069 971 1133 bona
992 1069 1055 1133 ieta
1079 1068 1126 1133 sic
1150 1068 1433 1150 concupiscuntur,
1471 1090 1489 1129 e

282 1187 319 1247 ut
346 1182 399 1245 uel
429 1181 497 1246 sola
525 1198 595 1245 ease
624 1178 790 1242 credantur
818 1176 872 1240 uel
898 1177 960 1255 hie,
989 1195 1068 1257 quae
1092 1175 1224 1239 meliora
1247 1174 1432 1251 creduntur,

281 1288 419 1371 amplius
448 1286 634 1369 diligentur:
663 1301 792 1348 necesse
822 1286 872 1347 est
898 1282 1028 1345 miseria
1056 1284 1269 1365 consequatur
1293 1285 1326 1345 et
1348 1300 1434 1364 quae

281 1395 383 1458 inerat
405 1395 568 1476 augeatur.

755 1564 892 1629 CAPUT
916 1564 954 1628 V.

281 1694 336 1757 De
373 1691 503 1776 primo
541 1694 727 1753 terrenae
765 1688 955 1754 ciuitatis
993 1692 1160 1753 auctore
1196 1688 1485 1765 fratricidam

282 1798 402 1863 cuiue
435 1796 632 1880 inpietati
659 1796 858 1860 Romanae
886 1795 999 1859 urbis
1031 1795 1220 1860 conditor
1248 1796 1431 1879 germani

649 1902 768 1967 caede
793 1901 1066 1985 responderit.

326 2027 453 2092 Primus
486 2028 594 2108 itaque
627 2026 689 2091 fuit
721 2029 862 2091 terrenae
896 2025 1037 2090 ciuitatis
1075 2024 1220 2088 conditor
1251 2024 1430 2101 fratricida;

282 2154 353 2198 nam
378 2154 471 2199 suum
494 2136 622 2199 fratrem
646 2134 749 2197 ciuem
775 2133 915 2198 ciuitatis
940 2139 1083 2197 aeternae
1107 2132 1138 2195 in
1161 2133 1221 2196 hac
1241 2135 1323 2198 terra
1341 2151 1431 2214 pere-

281 2241 458 2324 grinantem
482 2239 658 2337 inuidentia
680 2239 786 2305 uictus
813 2240 937 2305 occidit.
966 2239 1057 2305 Unde
1079 2239 1258 2303 mirandum
1281 2258 1342 2303 noo
1367 2242 1429 2316 eet,
1451 2251 1482 2291 1⁶

282 2348 366 2430 quod
393 2349 481 2411 tanto
510 2350 583 2430 poet
608 2348 640 2411 in
671 2366 707 2411 ea
736 2346 867 2411 ciuitate
896 2344 1067 2423 condenda,
1097 2364 1177 2427 quae
1204 2346 1309 2410 fuerat
1332 2345 1429 2409 huius

281 2458 422 2518 terrenae
460 2452 612 2531 ciuitatis,
650 2453 687 2517 de
725 2472 788 2536 qua
822 2452 993 2534 loquimur,
1031 2456 1127 2535 caput
1157 2452 1266 2516 futura
1298 2454 1331 2516 et
1361 2454 1430 2515 tam

280 2560 392 2624 mullis
422 2560 572 2643 gentibus
596 2562 774 2643 regnatura,
797 2559 873 2623 lruic
895 2558 997 2641 primo
1023 2558 1165 2642 exemplo
1190 2562 1232 2636 et,
1255 2562 1293 2623 ut
1316 2558 1430 2625 Graeci

281 2664 449 2749 appellant,
487 2662 645 2751 ἀρχετύπῳ
684 2665 839 2747 quaedam
877 2665 927 2729 sui
960 2665 1083 2748 generis
1115 2665 1221 2748 imago
1253 2665 1429 2748 respondit

280 2772 362 2837 Nam
392 2776 423 2835 et
450 2770 527 2850 illic,
557 2770 641 2836 sicut
668 2774 774 2854 ipsum
805 2771 928 2835 facinus
958 2771 1086 2854 quidam
1114 2775 1209 2854 poeta
1237 2790 1429 2836 commemo·
1448 2782 1481 2823 ²⁰

280 2877 365 2943 ranit
387 2878 525 2957 illorum,

388 3007 528 3067 Fraterno
552 3005 637 3080 primi
660 3008 834 3065 maduerunt
857 3008 1000 3080 sangnine
1023 3008 1105 3068 muri.

281 3125 334 3190 Sic
358 3125 442 3188 enim
465 3124 593 3189 condita
616 3128 666 3189 eat
688 3124 798 3201 Rome,
823 3124 947 3208 quando
972 3125 1115 3190 occisum
1135 3125 1271 3189 Remum
1296 3129 1430 3193 afratre

279 3231 416 3295 Romulo
452 3232 594 3296 Romana
630 3234 768 3296 testatur
800 3232 945 3311 historia3
983 3232 1045 3296 nisi
1083 3232 1167 3316 quod
1199 3233 1255 3297 isti
1286 3237 1429 3299 terrenae

271 3336 422 3401 ciuitatis
457 3337 549 3402 ambo
583 3337 670 3402 ciues
703 3340 800 3402 erant.
833 3339 935 3403 Ambo
968 3338 1102 3422 gloriam
1131 3339 1170 3403 de
1196 3340 1355 3405 Romanae
1382 3343 1430 3405 rei
1448 3361 1478 3401 aa

280 3444 425 3526 publicae
448 3444 650 3509 institutione
670 3445 875 3528 quaerebant,
899 3444 956 3510 sed
979 3446 1071 3510 ambo
1091 3449 1310 3523 eam-tantam,
1330 3466 1429 3528 quan-

280 3556 357 3626 tam,
386 3550 418 3614 ni
446 3570 528 3616 unua
558 3554 660 3629 esset,¹
681 3551 796 3615 habere
824 3572 886 3617 non
913 3555 1069 3635 poterant.
1100 3552 1162 3633 Qui
1190 3552 1274 3616 enim
1297 3553 1429 3617 uolebat

281 3656 469 3723 dominando
498 3658 635 3742 gloriari,
664 3658 768 3724 minus
797 3660 908 3742 utique
936 3658 1161 3738 dominaretur,
1190 3659 1217 3724 ei
1246 3659 1315 3722 eius
1339 3663 1428 3742 pote-

281 3766 348 3829 stas
377 3764 451 3828 uiuo
481 3769 627 3830 consorte
656 3765 861 3829 minueretur.
889 3764 934 3829 Ut
957 3785 1031 3849 ergo
1055 3769 1155 3830 totam
1179 3764 1429 3831 dominationem

369 3955 404 4007 22
422 3955 522 4013 Lucan.
542 3955 565 4019 1,
584 3957 618 4011 95

316 4079 394 4134 Rain
414 4078 540 4133 electisc
592 4080 685 4134 trie
738 4080 965 4135 dcredunturV
1036 4081 1080 4135 uel
1100 4082 1127 4133 in
1146 4081 1222 4135 hiec
1277 4082 1308 4136 11
1328 4081 1427 4153 impie-

278 4169 378 4237 tatiep
426 4169 458 4223 17
479 4172 507 4222 et
524 4170 591 4241 tam]
612 4169 722 4223 etiamc
769 4169 1099 4239 reprimeretur
1145 4170 1176 4222 19
1196 4170 1360 4241 archeotypo
1380 4171 1427 4224 Vc

279 4258 314 4311 20
334 4257 387 4310 illie
402 4274 457 4326 pro
476 4257 533 4311 illic
551 4258 623 4311 male
641 4258 763 4325 rescript.
787 4256 814 4309 V
878 4259 912 4311 26
931 4260 1038 4311 tantum
1057 4260 1195 4328 tamquam
1215 4258 1239 4310 ei
1259 4259 1274 4312 t
1343 4260 1377 4313 27
1397 4262 1426 4313 ni

278 4346 390 4414 aeriped-
411 4346 463 4398 nisi
481 4345 594 4411 Domb.;
614 4345 638 4397 ai
656 4345 735 4399 codd.
754 4362 770 4399 c
841 4362 896 4398 uon
915 4361 966 4399 om.
987 4363 1001 4415 ρ
