3192 4959
323 470 388 532 462
672 467 698 522 S.
727 468 885 522 Aurelii
913 469 1131 538 Augustini

323 661 424 724 uitam
453 679 543 724 suam
573 660 708 743 quisque
737 660 775 725 ab
800 662 912 744 angelo
937 660 999 725 sibi
1028 659 1171 724 adhibito
1196 660 1305 724 audiet
1327 661 1480 725 recitari?

323 767 393 832 Non
427 787 501 850 ergo
535 785 617 832 uuus
647 767 727 831 liber
759 767 820 831 erit
847 766 999 844 omnium,
1034 766 1089 832 sed
1117 765 1235 849 singuli
1268 767 1480 852 singulorum.

325 873 488 957 Scriptura
510 892 585 938 uero
609 874 673 936 ista
695 893 794 937 unum
817 875 931 937 uolens
954 873 1115 957 intellegi:
1144 873 1192 938 u:
1220 873 1338 952 alius,
1364 873 1479 956 inquit,

323 981 434 1045 liber
462 984 626 1064 apertus
659 982 731 1047 est.
770 977 935 1059 Quaedam
966 979 1067 1064 igitur
1097 980 1149 1044 uis
1182 985 1232 1044 est
1264 980 1479 1064 intellegenda

325 1089 443 1166 diuina,
477 1107 539 1171 qua
570 1087 636 1164 fiet,
667 1089 706 1150 ut
738 1086 853 1169 eoique
887 1105 980 1170 opera
1008 1105 1075 1165 sua,
1108 1087 1162 1152 uel
1188 1086 1271 1151 bona
1297 1087 1351 1152 uel
1381 1087 1477 1162 mela,
1504 1107 1515 1144 ⁵

325 1197 441 1259 cuncta
466 1196 498 1260 in
526 1193 711 1257 memoriam
736 1196 924 1257 reuocentur
946 1196 978 1258 et
1005 1193 1121 1258 mentis
1149 1193 1269 1258 intuitu
1291 1194 1373 1258 mira
1395 1193 1479 1257 eele-

324 1303 418 1366 ritate
442 1303 617 1376 cernantur,
645 1303 682 1364 ut
705 1304 836 1364 aeouset
863 1299 916 1364 uel
944 1302 1073 1364 excuset
1095 1299 1227 1364 seientia
1250 1301 1476 1364 conscientiam

325 1409 427 1490 adque
454 1407 500 1471 ite
527 1407 625 1470 simul
653 1410 686 1470 et
714 1425 823 1470 omnes
852 1410 884 1471 et
912 1406 1031 1490 singuli
1055 1406 1244 1471 indicentur.
1275 1403 1365 1485 Quae
1388 1406 1476 1469 nimi·

325 1535 396 1580 rum
428 1514 479 1578 uis
512 1512 621 1578 diuina
651 1513 726 1576 libri
755 1531 870 1577 nomen
899 1513 1031 1595 aceepit.
1063 1513 1099 1577 Iu
1128 1532 1165 1576 ea
1192 1512 1310 1595 quippe
1338 1511 1475 1594 quodam

326 1621 419 1686 modo
443 1620 571 1704 legitur,
596 1617 751 1701 quidquid
775 1638 811 1682 ea
834 1619 969 1683 faciente
992 1620 1153 1685 recolitur.
1178 1619 1222 1685 Ut
1246 1623 1353 1683 autem
1373 1623 1474 1682 osten·
1491 1637 1511 1674 a

326 1729 390 1802 dat,
415 1727 468 1809 qui
491 1725 609 1790 mortui
632 1725 794 1789 iudicandi
819 1725 893 1802 siut,
916 1725 1028 1807 pusilli
1047 1730 1080 1790 et
1098 1726 1214 1809 magni,
1238 1725 1473 1809 recapitulando

326 1834 404 1898 dioit
424 1837 588 1914 tamquam
613 1831 653 1895 ad
674 1830 708 1895 id
726 1831 860 1906 rediens,
881 1831 966 1914 quod
985 1831 1188 1914 praeterierat
1207 1833 1358 1914 potiusne
1377 1831 1472 1896 distu-

324 1942 422 2006 lerat:
455 1941 503 2004 llt
535 1938 724 2003 exhibuit
751 1941 935 2004 mortuos
964 1957 1079 2016 mare,
1112 1939 1247 2022 quiin
1278 1957 1321 2004 eo
1351 1944 1470 2005 eraut.

327 2052 366 2112 et
388 2065 493 2112 mors
523 2049 562 2110 et
583 2045 772 2110 infernus
795 2045 1068 2110 reddiderunt
1090 2047 1284 2124 mortuae,
1314 2063 1412 2128 quos
1436 2045 1468 2108 in
1564 2055 1565 2060 ’

327 2173 368 2219 se
400 2152 613 2218 habebant.
646 2153 717 2216 Hoc
749 2153 860 2234 proeul
893 2152 990 2217 dubio
1023 2152 1111 2236 prius
1138 2153 1260 2217 factum
1288 2155 1347 2228 est,
1380 2170 1507 2233 quamn

327 2263 435 2325 essent
456 2259 573 2324 mortui
596 2258 744 2334 iudicati:
772 2263 804 2322 et
827 2261 931 2322 tamen
960 2258 1042 2324 illud
1065 2260 1153 2340 prius
1177 2259 1300 2323 dictum
1325 2261 1383 2323 est.
1405 2258 1470 2322 Hoc

328 2371 377 2432 est
409 2385 482 2450 ergo
516 2364 600 2447 quod
631 2364 705 2442 diri,
737 2365 976 2446 recapitulando
1010 2383 1082 2429 eum
1116 2365 1215 2430 adid
1243 2365 1364 2429 redisse
1392 2363 1468 2446 quod

326 2473 549 2539 intermiserat.
572 2471 664 2535 Nune
689 2473 795 2535 autem
820 2470 962 2536 ordinem
986 2472 1098 2548 tenuit,
1123 2471 1226 2554 adque
1249 2473 1287 2536 ut
1310 2471 1468 2553 explicare-

326 2588 380 2645 tur
405 2581 475 2663 ipse
503 2579 589 2656 ordo,
620 2578 818 2643 commodius
848 2577 944 2642 etiam
972 2578 1010 2642 de
1037 2578 1187 2644 iudieatis
1215 2578 1363 2654 mortuis,
1389 2575 1467 2658 quod

326 2689 390 2753 iam
418 2686 548 2765 dixerat,
576 2703 634 2749 suo
662 2683 816 2767 repetiuit
842 2684 923 2751 loeo.
954 2682 1033 2748 Cum
1063 2683 1145 2747 enim
1174 2683 1324 2748 dixisset:
1351 2683 1394 2747 Et
1417 2699 1466 2745 ex·
1484 2705 1505 2742 a·

328 2793 468 2856 hibuit
493 2794 677 2856 mortuos
705 2809 820 2867 mare,
850 2791 918 2873 qui
946 2790 984 2854 in
1013 2808 1056 2854 eo
1085 2791 1208 2864 eraut,
1240 2793 1279 2854 et
1306 2807 1403 2853 mors
1431 2791 1466 2850 et

327 2899 515 2962 infernus
552 2895 822 2961 reddiderunt
853 2899 1047 2974 mortuos,
1087 2915 1185 2978 quos
1218 2896 1255 2959 in
1291 2915 1330 2960 se
1362 2893 1465 2959 habe·
1563 2897 1564 2960 3

328 3004 440 3067 bant:
469 3022 541 3067 mox
565 3002 686 3067 addidit
709 3002 793 3084 quod
816 3004 913 3084 paulo
937 3005 1199 3084 anteposuerit:
1229 3003 1279 3066 Et
1301 2997 1463 3066 iudicati

330 3113 424 3174 sunt
447 3109 602 3192 singuli
627 3109 848 3174 seeundum
871 3109 982 3174 faeta
1009 3128 1091 3174 sua.
1119 3110 1189 3174 Hoc
1214 3113 1264 3174 est
1287 3110 1367 3173 enim
1389 3105 1462 3188 quod

330 3235 425 3299 supra
461 3215 595 3280 dixerat:
637 3215 686 3279 Et
721 3214 899 3280 iudicati
937 3219 1032 3280 sunt
1069 3217 1219 3281 mortui
1257 3213 1502 3280 secunduma

328 3324 440 3388 faeta
463 3341 546 3386 sua

421 3531 454 3585 13
472 3532 557 3601 Apoe.
576 3530 620 3594 20,
641 3532 674 3585 la

365 3655 526 3708 tomuibus
545 3653 594 3708 sed
612 3654 760 3724 singulis:
824 3657 1018 3725 leneussetp
1079 3652 1238 3709 ediuinio
1303 3655 1331 3707 ll
1352 3652 1406 3704 suut
1421 3661 1458 3714 ep

331 3743 364 3796 13
384 3750 409 3797 et
427 3745 460 3797 21
480 3759 554 3798 mare
572 3747 727 3797 mortuoao
782 3743 816 3797 17
835 3744 981 3798 rediiaaeo
1045 3745 1079 3797 22
1097 3748 1218 3798 mortuos
1237 3757 1330 3796 suose
1377 3737 1456 3800 2411·
1562 3755 1563 3804 3

329 3831 388 3886 Hoc
405 3849 490 3900 aeque
509 3831 548 3885 ad
566 3832 640 3886 lacta
658 3849 708 3886 sua
727 3849 778 3886 ora.
797 3851 812 3886 e
