3192 4959
361 457 412 513 De
440 459 615 514 oinitate
644 459 707 515 dei
734 461 800 517 lib.
824 461 881 516 XX.
911 481 986 534 oap.
1016 464 1039 519 1.
1208 469 1273 536 425

118 658 174 720 aut
206 654 318 733 eredit,
350 655 474 739 [eontra
504 656 548 733 id,
582 657 666 741 qnod
698 677 812 723 uerum
845 677 916 724 esse
947 659 1039 726 nouit
1066 664 1123 726 ant
1150 659 1274 752 eredit]

120 762 217 826 etiam
241 762 534 828 contentiosissime
557 762 724 828 defendere
748 765 907 832 moliatur.

162 867 258 947 Quod
282 887 358 952 ergo
381 869 414 932 in
438 869 638 935 oonfessione
662 890 699 935 ao
721 871 920 953 professione
943 875 1031 938 tenet
1055 874 1157 939 omnis
1176 875 1275 940 aeole-

118 976 167 1040 sia
194 975 255 1039 Dei
286 975 356 1040 neri
384 973 547 1041 Christum
580 975 618 1040 de
648 977 736 1042 eaelo
765 995 837 1042 esse
860 979 1031 1044 uenturum
1057 979 1096 1043 ad
1118 980 1214 1047 uiuos
1238 1001 1274 1046 ao

93 1087 263 1148 emortuos
283 1080 481 1157 iudicandos,
499 1081 583 1146 hunc
603 1081 704 1147 diuini
721 1083 834 1148 iudioii
852 1084 1003 1150 ultimum
1022 1085 1106 1151 diem
1126 1086 1274 1166 dicimus,

121 1188 151 1252 id
175 1190 228 1253 eet
249 1187 464 1252 nouissimum
490 1191 630 1272 tempus.
654 1189 737 1253 Nam
760 1209 817 1273 per
839 1194 918 1272 qraot
942 1191 1009 1255 dios
1033 1191 1094 1256 hoo
1117 1192 1274 1258 iudicium

119 1294 278 1371 tondatur,
309 1294 467 1358 incertum
503 1298 569 1367 est:
611 1295 668 1359 sod
705 1296 934 1378 scripturarum
971 1316 1056 1363 more
1094 1302 1275 1366 sanctarum

121 1401 204 1465 diem
231 1399 306 1482 poni
334 1400 437 1465 solere
463 1419 521 1483 pro
544 1405 688 1483 tempore
711 1420 816 1476 nemo,
840 1402 895 1485 qui
917 1403 990 1469 illaa
1017 1404 1142 1469 litteras
1166 1424 1274 1488 quam-

120 1507 199 1572 libet
221 1507 430 1591 neglegenter
457 1507 583 1592 legerit,
607 1509 720 1573 nescit.
744 1508 820 1574 Ideo
844 1512 963 1586 antem,
988 1529 1061 1576 cnm
1085 1510 1170 1576 diem
1192 1511 1275 1578 indi-

83 1636 106 1674 ιι
122 1615 160 1677 cii
194 1613 253 1677 Dei
282 1612 428 1692 (linimus,
456 1612 604 1678 addimus
631 1615 783 1679 ultimum
811 1616 864 1680 uel
893 1615 1115 1694 nouissimum,
1145 1617 1220 1701 quia
1243 1623 1276 1684 et

121 1739 205 1784 nuno
231 1719 353 1783 iudioat
380 1720 474 1784 stab
502 1719 634 1785 humani
661 1722 786 1804 generis
813 1721 905 1786 initio
929 1722 1275 1790 iudicauit'dimittens

123 1826 159 1890 de
180 1825 329 1909 paradiso
353 1831 386 1891 et
408 1846 426 1890 a
448 1826 535 1910 ligno
559 1827 647 1892 uitae
671 1846 820 1911 separans
844 1829 964 1910 primos
988 1830 1132 1894 homines
1151 1831 1275 1914 peccati

124 1934 231 2018 magni
253 1936 503 2016 perpetratorem
526 1933 625 1999 immo
649 1934 746 1999 etiarn
774 1934 898 2019 quaudo
923 1936 1044 2020 angelis
1067 1937 1275 2020 peccantibus

124 2059 181 2104 non
210 2041 364 2124 pepercit,
396 2059 530 2123 qnorum
557 2040 705 2123 princepe
734 2039 879 2106 homines
903 2061 922 2105 a
945 2059 979 2106 se
1002 2043 1074 2125 ipso
1098 2044 1275 2109 subserens

84 2167 106 2206 ιι
122 2145 290 2215 inuidendo
324 2144 495 2221 subuertit,
528 2146 640 2230 procul
672 2146 771 2212 dubio
797 2147 970 2225 iudioauit;
1004 2167 1061 2213 neo
1090 2149 1158 2214 sine
1185 2150 1274 2214 illius

124 2253 186 2318 alto
217 2253 368 2335 iustoque
399 2253 520 2319 indicio
553 2257 586 2319 et
616 2253 648 2317 in
681 2253 742 2319 hoo
770 2255 854 2319 aerio
884 2255 970 2320 oaalo
1000 2258 1032 2319 et
1058 2255 1091 2319 in
1119 2255 1211 2321 terris
1244 2259 1276 2321 et

124 2359 312 2424 daemonnm
341 2363 373 2424 et
400 2360 565 2425 hominum
587 2359 767 2425 miserrima
789 2365 841 2426 est
862 2361 941 2438 nita,
970 2361 1128 2427 erroribus
1153 2381 1275 2427 aerum-

124 2465 233 2548 nisque
255 2465 452 2548 plenissima.
477 2467 595 2531 Verum
619 2467 680 2532 etsi
703 2485 796 2531 nemo
820 2471 995 2550 peccasset,
1020 2485 1081 2532 non
1107 2469 1173 2533 sine
1192 2469 1274 2534 bono

123 2577 272 2655 rectoque
301 2571 419 2637 iudicio
447 2572 630 2637 uniuersam
656 2573 844 2637 rationalem
873 2575 1048 2638 ereaturam
1071 2592 1275 2656 perseueran-

80 2699 107 2740 ιι
124 2678 246 2743 tissime
274 2679 335 2743 sibi
364 2699 422 2744 suo
449 2678 587 2744 Domino
616 2680 835 2764 cohaerentem
864 2679 895 2743 in
925 2682 1051 2744 aeterna
1078 2679 1276 2744 beatitudine

123 2784 278 2850 retineret
314 2785 439 2850 Iudicat
470 2787 565 2850 etiam
603 2806 663 2850 non
697 2786 802 2850 solum
834 2785 1059 2851 uniuersaliter
1091 2786 1129 2851 de
1161 2805 1274 2870 genere

30 2952 31 2959 ,
124 2889 312 2955 daemonnm
341 2891 444 2973 adque
467 2892 643 2969 bominum,
667 2896 705 2957 nt
726 2891 836 2957 miseri
860 2891 925 2956 sint
947 2895 1077 2976 propter
1100 2891 1274 2976 primorum

122 2997 271 3060 meritum
294 3001 514 3080 peecatorum
544 2997 721 3062 sedetiam
745 2996 783 3062 do
807 2999 1005 3082 singulorum
1030 2997 1180 3081 operibus
1203 3016 1275 3078 pro·

121 3103 210 3186 priis.
242 3123 322 3186 qnae
351 3107 466 3189 gerunt
493 3104 622 3168 arbitrio
649 3103 838 3169 uoluntatis.
866 3101 949 3169 Nam
977 3107 1010 3168 et
1037 3104 1205 3170 daemones
1236 3122 1274 3169 ne

77 3213 327 3291 retorqueantur
349 3215 528 3292 precantur,
552 3228 609 3274 neo
633 3209 745 3291 ntique
767 3208 887 3272 iniuste
911 3209 964 3274 nol
986 3210 1128 3293 partitur
1151 3210 1198 3274 eis
1222 3212 1276 3274 uel

122 3335 260 3398 prosus
283 3316 401 3399 quique
423 3314 616 3399 inprobitate
640 3317 843 3397 torquentum
869 3318 902 3380 et
920 3316 1065 3381 homiues
1088 3317 1275 3398 plerumque

122 3426 240 3503 aperte,
263 3442 388 3505 semper
412 3424 545 3500 annulle,
569 3421 665 3487 luunt
687 3440 743 3503 pro
768 3421 835 3485 suls
859 3421 954 3486 laetis
979 3421 1133 3486 diuinitus
1157 3441 1274 3506 poenas

122 3529 194 3592 siue
215 3529 245 3593 in
268 3528 328 3593 hao
351 3530 418 3592 uita
441 3527 511 3594 siue
534 3531 779 3610 postmortem:
805 3528 952 3609 quamuis
976 3528 1085 3594 nullus
1109 3527 1274 3593 hominum

122 3638 199 3718 agat
224 3640 318 3709 recte,
351 3635 413 3699 nisi
441 3634 548 3700 dinino
578 3635 747 3698 adiuuetur
775 3634 908 3710 annilio;
942 3634 1051 3699 nullus
1085 3634 1274 3699 daemonum

75 3766 103 3804 so
122 3744 182 3804 aut
210 3742 372 3806 hominum
406 3745 480 3826 agat
507 3741 626 3824 iniquo,
660 3740 722 3805 nisi
751 3740 858 3805 diuino
888 3740 1062 3824 eodemque
1095 3741 1273 3805 iustissimo

214 3967 244 4020 13
264 3965 332 4021 Gen.
352 3967 377 4028 3,
397 3967 431 4020 23
488 3967 522 4020 14
540 3967 566 4019 2.
584 3967 658 4020 Petr.
678 3966 741 4028 al
795 3967 831 4020 24
849 3965 899 4020 Mt.
918 3967 944 4028 8,
963 3965 998 4018 29

162 4090 408 4145 ioerbaioczu-ea
427 4106 479 4145 om.
499 4092 591 4159 bopp
669 4087 841 4159 3autprol.
859 4105 999 4158 p;om.p
1079 4087 1173 4143 lueri
1193 4087 1236 4142 dei
1253 4105 1273 4158 p

120 4181 139 4233 6
161 4178 263 4248 quodq
318 4179 352 4233 14
371 4179 517 4233 subnersns
534 4197 569 4236 m.
589 4183 609 4232 2
627 4179 659 4232 in
676 4195 732 4232 roe.
753 4195 780 4243 e,-
798 4179 942 4232 subuersas
962 4179 1046 4246 obp,·
1070 4177 1224 4230 submersos
1239 4194 1275 4246 p,·

120 4266 292 4338 subuersup
349 4268 382 4321 16
402 4284 482 4321 aereo
495 4284 518 4336 p
572 4269 608 4321 20
627 4268 691 4337 sibi]
712 4267 800 4335 subp
874 4265 991 4320 Domino
1011 4281 1093 4319 suno
1143 4266 1179 4318 26
1199 4267 1272 4334 quis-

123 4343 215 4423 qnep
282 4358 447 4429 torqneltun
467 4376 484 4410 n
504 4374 583 4417 eras.
601 4375 631 4426 9,·
651 4361 830 4426 torqueturp
