3192 4959
347 463 414 525 410
708 461 734 514 S.
764 459 921 514 Aurelii
950 461 1166 530 Augustini

346 654 474 720 homine
502 653 560 719 tali
587 673 646 719 non
677 660 727 718 est
749 655 816 719 ulle
839 654 974 720 iustitie.
1003 654 1114 737 proeul
1137 654 1233 719 dubio
1257 673 1314 720 nee
1342 654 1375 718 in
1396 654 1463 718 honi·

347 781 423 826 num
456 766 560 841 coetu,
594 762 649 845 qui
681 781 717 826 er
749 761 931 826 hominibus
960 762 1078 826 talibus
1107 763 1243 826 constat.
1276 759 1347 826 Non
1378 761 1465 826 estiis

347 887 421 952 erge
445 868 524 932 iuris
547 868 602 932 ille
621 887 807 943 censensus,
828 867 882 950 qui
902 867 1064 932 hominum
1084 867 1324 932 multitudinem
1344 869 1465 950 populun

345 975 434 1052 facit,
468 975 559 1039 euius
590 993 641 1038 res
674 974 792 1040 dieitur
824 993 894 1039 esse
926 993 976 1038 res
1009 973 1148 1058 publiea.
1180 973 1263 1038 Nam
1291 974 1330 1039 de
1359 975 1466 1039 utilitate

346 1082 424 1164 quid
451 1082 565 1158 diuam,
594 1083 685 1148 euius
714 1082 809 1146 etiam
839 1082 1059 1147 communione
1088 1083 1228 1147 sociatus
1257 1085 1369 1146 eoetus
1398 1079 1495 1144 huni-s

346 1209 434 1270 uum,
473 1190 557 1255 sieut
594 1208 665 1254 sese
696 1190 792 1254 habet
823 1189 887 1253 ista
918 1188 1070 1266 definitio,
1101 1190 1240 1272 pupulus
1273 1190 1467 1270 uuneirpstn?

347 1296 503 1377 Quamuis
536 1296 630 1375 enim,
664 1297 691 1360 si
725 1297 895 1381 diligenter
925 1296 1086 1372 adtendas,
1121 1315 1178 1360 uec
1208 1295 1332 1360 utilitas
1362 1295 1405 1358 sit
1424 1293 1469 1356 ulla

346 1405 537 1480 uiuentium,
562 1404 617 1486 qui
640 1403 757 1467 uiuunt
778 1403 874 1487 inpie,
899 1403 985 1467 sieut
1003 1403 1087 1467 uiuit
1106 1403 1220 1479 omnis,
1240 1403 1294 1484 qui
1318 1421 1379 1467 non
1399 1399 1469 1464 seuit

346 1511 412 1575 Deo
441 1511 603 1593 sumitque
632 1510 850 1586 daemonibus,
878 1515 966 1575 tanto
991 1510 1094 1594 magis
1116 1509 1224 1592 inpiis,
1253 1504 1470 1592 quantomagis

346 1616 419 1696 sibi,
447 1637 520 1682 cum
544 1617 608 1682 sint
631 1617 868 1682 inmundissimi
892 1618 1034 1700 spiritus,
1062 1621 1226 1699 tamquam
1256 1617 1304 1681 dis
1328 1611 1496 1680 sacrificauit

346 1722 477 1786 uolunt:
508 1726 613 1787 temen
647 1723 733 1803 quod
764 1719 803 1786 de
835 1723 913 1788 iuris
951 1741 1106 1788 consensu
1139 1723 1275 1786 diximus
1313 1723 1392 1787 satis
1423 1737 1471 1784 esse

348 1829 492 1906 arbitror,
516 1829 600 1894 unde
625 1834 775 1912 appareat
797 1850 854 1913 per
877 1831 957 1895 hane
981 1830 1196 1894 definitionem
1220 1849 1280 1894 nou
1305 1849 1377 1894 esse
1399 1844 1470 1910 popu·

346 1935 425 2011 ium,
453 1936 545 2001 euius
574 1955 624 2002 res
652 1937 781 2018 publiea
809 1957 879 2001 esse
903 1937 1036 2011 dicatur,
1067 1937 1096 1999 in
1122 1955 1184 2018 que
1207 1935 1333 2000 iustitia
1355 1937 1471 1999 nonest.

347 2042 381 2108 Si
410 2042 493 2106 enim
518 2043 629 2107 dieunt
650 2063 712 2108 non
736 2043 903 2126 spiritibus
926 2042 1099 2118 inmundis,
1129 2041 1185 2106 sed
1210 2040 1258 2106 dis
1282 2041 1374 2107 bonis
1397 2042 1471 2123 adque

347 2149 465 2215 sanetis
492 2149 523 2214 in
554 2169 613 2214 sue
634 2169 667 2215 re
689 2150 820 2232 publiea
844 2149 983 2215 seruisse
1007 2151 1179 2215 Romanos:
1211 2149 1365 2231 numquid
1388 2148 1499 2213 eadent

345 2255 464 2321 totiens
497 2257 669 2339 repetenda
701 2261 785 2332 sunt,
825 2275 905 2339 quae
936 2257 999 2320 iam
1033 2257 1123 2332 satis,
1155 2255 1253 2320 imme
1287 2255 1370 2320 ultra
1400 2269 1472 2336 quan

347 2362 426 2426 satis
454 2366 504 2427 est
532 2363 693 2427 diximus?
722 2360 802 2441 Quis
830 2363 913 2426 enirn
941 2362 979 2426 ad
1002 2362 1087 2426 hune
1109 2363 1217 2426 locum
1241 2381 1297 2444 per
1319 2361 1473 2444 superiores

346 2468 443 2534 huius
472 2469 576 2550 operis
599 2470 696 2535 libros
719 2470 874 2552 peruenit,
904 2471 958 2551 qui
983 2468 1126 2533 dubitare
1150 2466 1253 2532 adhue
1280 2469 1383 2550 possit
1403 2465 1473 2529 malis

347 2580 380 2640 et
410 2576 533 2659 inpuris
566 2576 773 2641 daemonibus
807 2577 945 2642 semisse
977 2576 1148 2653 Romanos,
1180 2574 1243 2638 nisi
1275 2575 1329 2638 uel
1364 2573 1474 2637 nimium

347 2681 485 2747 stolidus
522 2683 576 2746 uei
610 2681 875 2764 inpudentissima
918 2682 1158 2747 contentiosus?
1201 2680 1264 2746 Sed
1299 2684 1338 2745 ut
1372 2683 1501 2744 taceant

346 2789 458 2871 quales
478 2787 551 2864 sint,
572 2807 651 2870 quos
670 2787 834 2852 sacrifieiis
856 2789 1015 2852 solebant:
1035 2789 1066 2851 in
1087 2791 1157 2871 lege
1176 2787 1245 2852 iteri
1268 2787 1324 2851 Dei
1344 2786 1474 2867 scriptun

348 2898 413 2959 est:
439 2893 693 2959 sacrificans
717 2894 778 2958 dis
809 2894 1092 2959 eradicabitur
1114 2893 1195 2958 uisi
1224 2893 1389 2958 Domino
1411 2893 1474 2954 tan-

346 3007 440 3065 tum.
472 3000 540 3064 Nee
570 3001 662 3065 bonis
694 3001 793 3083 igitur·
819 3020 876 3065 nee
905 3001 997 3066 malis
1028 3001 1075 3066 dis
1107 3000 1277 3065 sacrificari
1300 3001 1408 3076 uoluit,
1434 2995 1474 3077 qui

347 3109 409 3172 hue
431 3125 505 3172 eum
527 3112 617 3171 tante
640 3108 884 3172 commiuatione
908 3107 1077 3190 praecepit.

788 3295 926 3362 CAPUT
949 3299 1050 3362 XXII.
1486 3305 1502 3345 2⁵

347 3439 401 3502 An
434 3458 558 3504 uerus
592 3440 648 3504 sit
679 3439 797 3514 Deus,
832 3440 897 3504 eui
931 3439 1162 3505 Christiani
1196 3439 1392 3516 seruiunt,
1422 3433 1475 3498 uui

659 3547 738 3610 suli
764 3545 912 3609 debeat
935 3547 1184 3612 sacrificari.

394 3686 455 3752 Sed
478 3687 660 3770 responderi
683 3690 808 3769 potest:
833 3685 923 3766 ‘Quis
948 3688 1009 3752 iste
1028 3689 1115 3752 Deus
1136 3691 1186 3752 est
1204 3691 1261 3752 aut
1279 3687 1359 3752 uude
1377 3685 1474 3768 diguus

346 3793 506 3876 probatur,
527 3794 579 3858 eui
598 3793 748 3858 deberent
769 3793 985 3876 obtemperare
1005 3793 1149 3874 Romani,
1169 3799 1206 3858 ut
1224 3794 1344 3858 nullum
1363 3791 1471 3856 deorum

437 4039 472 4090 22
490 4035 574 4095 Erud.
594 4037 638 4100 22,
658 4037 692 4091 20

385 4160 518 4214 ltalisb
582 4161 681 4215 tisev
746 4160 946 4216 iadtendatur
960 4177 982 4229 p
1047 4163 1212 4266 12Happaret
1226 4179 1248 4230 p
1309 4163 1341 4216 14
1358 4157 1401 4213 sed
1418 4156 1473 4217 iisd

350 4277 382 4329 17
403 4275 502 4345 quidp
571 4277 603 4329 21
625 4259 785 4346 sint}i(=
806 4279 917 4344 sunt)e
997 4277 1030 4330 22
1050 4277 1130 4346 niy
1206 4279 1241 4332 23
1261 4277 1472 4348 quipaernm

348 4366 382 4418 26
402 4364 468 4418 deus
486 4371 644 4434 ppuunurum
659 4381 681 4434 p
