3192 4959
291 465 354 529 114
633 463 659 520 S.
687 461 845 516 Aurelii
872 461 1090 532 Augustini

290 657 472 723 nominibus
500 661 532 722 et
560 657 694 723 aliorum
722 657 949 743 prophetarum
981 659 1014 720 et
1044 656 1219 722 recentiora
1250 657 1310 722 sub
1338 657 1441 722 nomi·

289 764 383 831 nibus
412 765 631 846 apostolorum
659 766 697 831 ab
723 764 893 828 haereticis
916 764 1128 846 proferuntur,
1152 782 1233 846 quae
1257 762 1363 829 omnia
1386 783 1440 828 no·

290 871 373 936 mine
401 871 652 955 apocryphomm
680 871 719 935 ab
748 869 937 935 auctoritate
970 870 1120 935 canonica
1147 869 1293 954 diligenti
1324 869 1440 934 exami-

290 978 416 1044 natione
448 981 569 1043 remota
602 981 686 1042 sunt.
723 977 828 1062 Igitur
861 977 1035 1041 secundum
1069 977 1244 1060 scripturas
1271 975 1440 1041 canonicas

289 1085 449 1150 Hebraeas
483 1084 585 1167 adque
614 1082 811 1149 christianas
842 1083 962 1148 multos
995 1082 1142 1168 gigantes
1174 1087 1247 1148 ante
1278 1082 1440 1148 diluuium
1471 1107 1485 1147 ι

290 1192 390 1257 fuisso
419 1211 480 1257 non
509 1191 641 1257 dubium
670 1194 730 1270 est,
755 1193 785 1256 ct
814 1190 874 1255 hos
900 1189 1001 1254 fuisse
1029 1190 1118 1254 ciues
1141 1190 1316 1274 terrigenae
1340 1189 1440 1255 socie·

291 1298 367 1364 tatis
396 1298 577 1372 hominunm
610 1298 670 1363 Dei
698 1301 806 1362 autem
833 1296 928 1375 filios,
957 1297 1012 1378 qui
1038 1297 1215 1362 secundum
1244 1316 1368 1362 carnem
1402 1297 1441 1362 de

293 1404 369 1471 Seth
392 1403 558 1489 propagati
582 1407 666 1482 sunt,
685 1404 717 1468 in
740 1403 821 1468 hano
845 1403 1030 1468 societatem
1055 1404 1180 1468 deserta
1200 1404 1326 1468 iustitia
1345 1403 1443 1468 decli·

291 1529 395 1576 nasse.
419 1511 485 1575 Nec
509 1510 687 1575 mIrandum
711 1513 771 1586 est,
791 1508 876 1592 quod
900 1509 995 1574 etiarn
1021 1508 1058 1574 de
1082 1499 1161 1591 ipsis
1185 1509 1331 1594 gigantes
1352 1510 1442 1574 nasci

291 1619 471 1700 potuerunt.
495 1616 607 1699 Neque
632 1617 714 1681 enim
739 1635 847 1681 ornnes
873 1615 1030 1701 gigantes,
1054 1616 1112 1680 sed
1132 1615 1236 1698 magis
1261 1615 1356 1680 multi
1378 1615 1442 1680 uti·
1460 1640 1487 1680 ιι

292 1743 353 1807 quc
385 1725 461 1787 tunc
493 1724 632 1798 fuerunt,
662 1742 755 1806 quam
788 1727 863 1806 post
895 1722 1054 1788 diluuium
1085 1721 1282 1806 temporibus
1314 1723 1441 1787 ceteris.

293 1827 380 1908 Quos
408 1831 574 1912 propterea
602 1847 707 1894 creare
734 1829 857 1911 placuit
880 1827 1031 1906 Creatori,
1055 1831 1092 1894 ut
1120 1829 1216 1893 etiam
1239 1827 1313 1893 hinc
1337 1831 1442 1893 osten·

293 1935 418 2000 deretur
444 1954 505 1999 non
533 1936 637 2000 solum
660 1935 925 2018 pulchritudines,
949 1955 1058 2001 uerum
1083 1935 1179 2000 etiam
1202 1935 1443 2020 magnitudines

293 2047 325 2107 ct
351 2041 555 2108 fortitudines
584 2061 749 2126 corporum
776 2061 839 2106 non
862 2042 1171 2126 magnipendendas
1196 2061 1268 2107 esse
1291 2041 1443 2125 sapienti,

294 2148 348 2230 qui
380 2147 578 2230 spiritalibus
611 2149 712 2231 adque
745 2149 968 2214 inmortalibus
1000 2149 1094 2233 louge
1121 2148 1309 2214 melioribus
1338 2147 1444 2229 adque
1465 2173 1491 2212 rs

292 2255 483 2320 firmioribus
516 2256 549 2319 ct
579 2255 734 2320 bonorum
765 2255 911 2338 propriis,
940 2275 1002 2322 non
1031 2257 1186 2321 bonomm
1218 2257 1443 2336 malorumque

293 2360 512 2426 communibus
550 2359 749 2425 beatificatur
784 2360 887 2427 bonis.
927 2359 1028 2440 Quam
1064 2381 1131 2426 rem
1168 2361 1251 2426 alius
1286 2362 1446 2444 propheta

293 2467 516 2534 commendans
537 2468 596 2532 ait:
620 2468 678 2533 lbi
700 2467 855 2533 fuerunt
879 2467 1054 2552 gigantes
1077 2468 1138 2532 illi
1162 2467 1357 2546 nominati,
1376 2469 1446 2550 qui

293 2576 335 2641 ab
363 2575 479 2639 Initio
508 2574 663 2640 fuerunt
694 2573 893 2651 staturosi,
923 2575 1090 2640 scientes
1122 2575 1321 2659 proelium.
1358 2573 1444 2640 Non
1578 2628 1579 2639 ,

292 2682 360 2747 hos
389 2680 508 2765 elegit
535 2681 728 2759 Dominus,
757 2700 824 2746 nec
857 2681 956 2746 uiam
989 2681 1173 2747 scientiae
1206 2680 1311 2746 dedit
1339 2680 1443 2758 illis;
1464 2705 1492 2744 ιι

293 2787 358 2852 sed
384 2788 623 2862 interierunt,
649 2788 736 2869 quia
762 2808 833 2853 non
862 2788 1076 2853 habuerunt
1099 2789 1341 2871 sapientiam,
1363 2809 1446 2871 per·
1578 2782 1579 2801 ¹

292 2897 421 2960 ierunt
442 2896 596 2976 propter
618 2894 992 2960 inconsiderantiam.

720 3087 857 3154 CAPUT
881 3089 1013 3154 XXIIII.

294 3225 372 3306 Quo
396 3227 502 3294 modo
527 3227 830 3314 intellegendum
854 3231 915 3309 sit,
936 3232 1032 3314 quod
1057 3231 1099 3297 de
1122 3233 1187 3310 eis,
1208 3231 1271 3316 qui
1290 3232 1446 3298 diluuio

293 3333 473 3418 perdendi
504 3339 621 3411 erant,
649 3337 832 3403 Dominus
861 3338 1014 3404 dixerit:
1047 3339 1168 3404 llrunt
1199 3339 1280 3404 dies
1313 3358 1495 3405 eorumac
1576 3348 1577 3431 ἐ

645 3447 794 3508 centum
823 3445 966 3528 uiginti
994 3445 1089 3510 anni.
1576 3446 1577 3499 l

339 3579 432 3660 Quod
463 3587 570 3648 autem
604 3584 682 3650 dixit
714 3585 819 3650 Deus:
855 3587 973 3652 llrunt
1009 3587 1089 3652 dics
1127 3606 1254 3653 eorum
1291 3591 1449 3654 centum

294 3687 434 3772 uiginti
464 3690 558 3771 anni,
582 3709 642 3755 non
668 3692 714 3756 sic
738 3692 957 3775 accipiendum
983 3700 1042 3770 est,
1068 3695 1158 3776 quasi
1181 3695 1450 3778 praenuntiatum
1575 3690 1576 3779 l

294 3794 338 3859 sit
368 3799 441 3876 post
472 3797 548 3860 haec
580 3797 724 3862 homines
758 3803 885 3864 centum
917 3801 1033 3885 uiginti
1071 3820 1166 3866 annos
1203 3800 1341 3866 uiuendo
1379 3821 1450 3868 non
1575 3792 1577 3849 I

385 4057 418 4112 18
437 4057 498 4112 Ber.
519 4061 544 4124 3,
565 4061 599 4114 26
619 4077 678 4130 sqq.
733 4063 767 4116 27
788 4061 855 4117 Gen.
874 4065 936 4127 6,ss

329 4182 345 4234 2
364 4181 473 4234 nomina
496 4181 522 4236 V
594 4185 626 4238 13
646 4185 728 4239 etiarn
746 4201 824 4254 msa,¹
843 4188 924 4242 etiarn
944 4193 1006 4243 eto
1074 4192 1106 4246 21
1128 4191 1175 4246 aed
1199 4191 1381 4263 Vadeprp
1394 4212 1414 4246 α
1429 4197 1456 4258 ,⁸
1574 4150 1576 4197 ἱ

294 4267 411 4426 {3033ss
426 4275 458 4411 ett⁷
471 4287 487 4324 c
581 4273 616 4327 24
635 4273 669 4327 de
688 4291 737 4328 can.
752 4292 802 4345 pq
897 4279 930 4331 25
950 4278 1002 4333 dir.
1022 4278 1130 4349 donno
1220 4281 1254 4334 27
1272 4279 1385 4335 iliorum
1413 4285 1454 4336 V¹
