3192 4959
318 476 383 538 364
663 472 690 526 S.
720 471 878 525 Aurelii
905 470 1122 540 Augustini

318 667 518 745 adminiculo,
543 667 610 732 sine
633 667 791 732 industria
810 669 863 732 uel
881 671 947 732 arte
965 667 1106 744 uiuendi,
1127 685 1207 748 quae
1226 665 1329 730 uirtus
1349 665 1460 730 dicitur

280 765 283 773 ’
318 778 350 838 et
366 774 477 857 procul
495 773 591 838 dubio
612 773 755 853 discitur,
780 775 871 839 uelut
889 774 1077 838 naturaliter
1095 773 1258 855 adpetunt,
1279 775 1334 837 aut
1352 773 1460 854 uolup-

315 883 425 959 tatem,
455 900 516 963 qua
543 880 775 945 delectabiliter
801 885 950 946 mouetur
977 881 1116 962 corporis
1145 899 1268 957 sensus,
1297 883 1353 944 aut
1376 879 1460 962 quie-

316 991 393 1067 tem,
423 987 548 1070 qualit
574 991 611 1051 ut
634 987 754 1052 nullam
782 987 963 1052 molestiam
988 987 1127 1070 corporis
1156 986 1291 1068 quisque
1314 985 1459 1069 patiatur,

316 1099 374 1158 aut
400 1099 577 1178 utramque,
607 1115 702 1177 quam
730 1100 835 1159 tamen
863 1113 926 1159 uuo
955 1094 1082 1158 nomine
1106 1093 1284 1174 uoluptatis
1310 1093 1494 1175 llpicuruss

317 1203 466 1284 appellat,
495 1205 550 1265 aut
577 1201 802 1265 uniuersaliter
828 1201 930 1284 prima
958 1202 1098 1272 naturae.¹
1126 1200 1158 1263 iu
1187 1199 1304 1281 quibus
1333 1199 1460 1263 ethaeo

317 1312 392 1373 sunt
424 1313 456 1373 et
487 1308 558 1385 alia,
592 1309 645 1372 uel
675 1308 707 1371 iu
741 1327 881 1390 corpore,
918 1311 956 1370 ut
988 1307 1200 1372 membrorum
1233 1307 1401 1390 integritas
1432 1309 1462 1369 et

316 1415 403 1478 salus
427 1414 529 1496 adque
551 1413 755 1479 incolumitas
779 1415 860 1495 eius,
884 1415 938 1478 uel
960 1413 991 1478 in
1016 1413 1131 1490 auimo,
1156 1416 1193 1477 ut
1216 1415 1292 1477 sunt
1314 1431 1361 1490 ea,
1386 1431 1461 1493 quae

316 1520 369 1584 uel
396 1541 492 1603 parua
519 1522 573 1585 uel
602 1541 717 1604 magna
739 1522 770 1584 iu
794 1521 959 1585 hominum
983 1521 1183 1602 reperiuntur
1205 1520 1354 1604 ingeniis.
1378 1519 1461 1583 Haec

315 1625 415 1710 igitur
452 1629 612 1709 quattuor,
648 1627 682 1690 id
719 1629 770 1690 est
801 1628 963 1708 uoluptas,
1004 1628 1104 1709 quies,
1143 1630 1327 1708 utrumque,
1364 1627 1495 1708 primaru

315 1737 455 1810 naturae,
478 1733 525 1797 ita
548 1737 623 1798 sunt
639 1735 671 1796 in
692 1733 793 1812 nobis,
813 1736 851 1796 ut
868 1733 922 1797 uel
941 1733 1054 1811 cirtae,
1080 1752 1173 1815 quam
1193 1736 1305 1815 postea
1325 1732 1461 1797 doctrina

316 1840 439 1916 inserit,
461 1845 590 1923 propter
612 1841 690 1905 haec
714 1839 890 1922 adpetenda
914 1839 965 1915 sit,
990 1841 1047 1902 aut
1068 1839 1131 1902 ista
1154 1841 1281 1921 proptor
1300 1839 1458 1911 uirtutem,

317 1950 374 2010 aut
399 1949 533 2028 utraque
557 1951 686 2029 propter
709 1965 743 2011 se
767 1947 850 2029 ipsam
876 1963 912 2008 ao
935 1963 991 2027 per
1014 1945 1074 2009 hoc
1097 1944 1177 2008 fiunt
1200 1945 1273 2010 hinc
1298 1944 1459 2010 duodecim

318 2056 437 2128 sectae;
470 2073 526 2136 per
557 2053 636 2117 hauc
670 2055 754 2117 enim
783 2053 937 2117 rationem
966 2051 1108 2136 singulae
1135 2051 1352 2134 triplicantur3
1382 2049 1459 2134 quod

317 2179 390 2224 cum
421 2160 453 2225 in
486 2179 548 2223 una
581 2160 848 2241 demonstrauero,
882 2157 1013 2223 difficile
1044 2177 1106 2223 uon
1138 2159 1199 2224 erit
1229 2157 1263 2223 id
1290 2159 1321 2223 iu
1351 2158 1458 2224 ceteris
1475 2177 1493 2215 a

315 2265 467 2330 inuenire.
497 2265 576 2331 (lum
605 2285 680 2350 ergo
709 2266 858 2348 uoluptas
883 2265 1023 2349 corporis
1051 2265 1146 2329 animi
1169 2265 1284 2329 uirtuti
1312 2268 1370 2330 aut
1393 2265 1458 2330 sub·
1556 2245 1557 2278 ³

318 2372 403 2437 ditur
430 2377 486 2437 aut
511 2373 688 2457 praefertur
716 2375 771 2437 aut
798 2373 953 2456 iungitur,
981 2372 1141 2455 tripertita
1168 2373 1311 2436 uariatur
1333 2371 1457 2437 diuersi·

316 2481 382 2544 tate
406 2482 575 2544 sectamm.
602 2477 758 2544 Subditnr
780 2483 887 2543 autem
913 2479 1036 2550 uirtuti,
1066 2477 1189 2559 quaudo
1218 2479 1249 2542 in
1279 2499 1375 2544 usum
1402 2479 1457 2542 uir-

314 2587 394 2650 tutis
418 2587 607 2651 adsumitur.
630 2586 774 2650 Pertinet
793 2585 910 2668 quippe
934 2585 972 2650 ad
992 2585 1123 2650 uirtutis
1143 2585 1283 2649 officium
1304 2590 1337 2648 et
1355 2585 1456 2649 uiuere
1555 2653 1556 2684 1

315 2694 435 2776 patriae
465 2695 497 2757 et
523 2697 652 2776 propter
677 2693 812 2775 patriam
841 2692 925 2758 filios
952 2711 1126 2775 procreare,
1156 2710 1290 2774 quorum
1316 2694 1456 2757 neutrum
1471 2703 1491 2742 ²⁰

315 2797 383 2864 lieri
410 2803 519 2881 potest
546 2799 613 2863 siue
641 2800 780 2882 corporis
810 2801 991 2882 uoluptate3
1021 2813 1093 2863 uam
1122 2798 1190 2864 sine
1212 2798 1269 2862 illa
1292 2817 1348 2862 neo
1373 2797 1456 2862 cibus

314 2909 473 2990 potusque
501 2905 648 2982 sumitur,
678 2909 715 2969 ut
737 2905 877 2984 uiuatur,
908 2925 965 2970 uec
989 2905 1218 2984 concumbitur,
1242 2909 1281 2970 ut
1303 2902 1456 2989 generatio

316 3015 516 3096 propagetur.
545 3011 626 3077 Cum
649 3030 724 3076 uero
748 3013 926 3096 praefertur
948 3011 1071 3089 uirtuti,
1095 3011 1166 3094 ipsa
1190 3011 1351 3093 adpetitur
1372 3029 1456 3095 prop·
1554 3019 1555 3044 ³

315 3119 363 3180 ter
387 3136 419 3181 se
442 3118 556 3200 ipsam,
575 3117 679 3181 uirtus
703 3121 811 3182 autem
835 3117 1030 3184 adsumenda
1053 3119 1191 3183 creditur
1212 3120 1342 3202 propter
1362 3119 1455 3186 illam.

315 3223 349 3287 id
372 3227 431 3297 est,
455 3228 492 3289 ut
514 3223 595 3288 nihil
617 3224 722 3289 uirtus
746 3228 822 3308 agat
844 3225 906 3289 uisi
930 3225 969 3288 ad
993 3225 1246 3306 consequendam
1270 3225 1323 3290 uel
1342 3243 1456 3290 conser—
1470 3235 1490 3275 2⁵

315 3329 450 3394 uandam
474 3331 614 3413 corporis
637 3332 854 3413 uoluptatem3
880 3349 960 3412 quae
984 3332 1052 3395 uita
1076 3331 1227 3396 deformis
1252 3335 1301 3396 est
1324 3331 1454 3414 quidem.

316 3436 432 3518 quippe
464 3437 520 3502 ubi
553 3438 656 3502 uirtus
690 3438 790 3502 seruit
823 3437 967 3503 dominae
999 3438 1169 3521 uoluptati,
1200 3439 1347 3520 quamuis
1376 3437 1454 3502 nullo
1553 3427 1554 3440 ¹

315 3541 408 3607 modo
431 3543 510 3607 haec
535 3543 667 3608 dicenda
690 3544 733 3608 sit
755 3543 874 3620 uirtus;
900 3545 956 3609 sed
979 3547 1085 3610 tamen
1106 3545 1203 3608 etiam
1223 3544 1286 3609 ista
1304 3541 1453 3609 horribilis

313 3649 477 3731 turpitudo
500 3649 614 3714 habuit
636 3651 790 3734 quosdam
819 3650 1025 3736 philosophos
1053 3655 1203 3734 petronus
1228 3655 1261 3715 et
1283 3650 1453 3715 defensores

315 3775 402 3821 suos.
430 3755 551 3820 Virtuti
577 3776 669 3838 porro
698 3757 848 3841 uoluptas
876 3759 1029 3843 iungitur,
1058 3758 1182 3842 quando
1215 3760 1328 3822 neutra
1354 3774 1452 3822 earum
1468 3765 1488 3804 ³⁰
1552 3789 1553 3824 n

314 3867 442 3946 propter
477 3864 620 3940 alteram,
658 3864 714 3930 sed
751 3869 879 3949 propter
916 3885 949 3930 se
986 3867 1072 3950 ipsas
1110 3867 1220 3932 ambae
1262 3867 1451 3950 adpetuntur.

316 3967 513 4054 Quapropter
536 3971 619 4035 sicut
641 3972 792 4054 uoluptas
815 3972 870 4036 uel
893 3973 1021 4038 subdita
1043 3974 1096 4039 uel
1119 3974 1260 4057 praelata
1281 3973 1333 4038 uel
1353 3971 1452 4037 iuncta

351 4163 439 4254 tque
456 4179 475 4231 p
538 4163 690 4256 equisque
710 4180 782 4232 corp.
803 4164 873 4218 aba
943 4165 975 4218 12
994 4165 1092 4220 inserit
1109 4165 1197 4219 istae
1266 4165 1298 4220 13
1317 4164 1451 4235 ipsemep

317 4287 349 4339 15
370 4263 482 4341 atraere
499 4287 532 4340 aa
549 4304 636 4357 masa.
656 4265 825 4354 uersurum,
845 4305 859 4344 ι
927 4290 961 4342 aa
981 4288 1171 4344 concubuere
1235 4291 1270 4345 ao
1288 4289 1382 4344 usaue
1394 4291 1450 4356 pou

317 4373 418 4430 defens.
437 4391 500 4428 suas
518 4391 534 4428 a
