<?xml version="1.0" encoding="UTF-8"?>
<!DOCTYPE html PUBLIC "-//W3C//DTD XHTML 1.0 Transitional//EN"
    "http://www.w3.org/TR/xhtml1/DTD/xhtml1-transitional.dtd">
<html xmlns="http://www.w3.org/1999/xhtml" xml:lang="en" lang="en">
 <head>
  <title>
</title>
<meta http-equiv="Content-Type" content="text/html;charset=utf-8" />
  <meta name='ocr-system' content='tesseract 3.04.00' />
  <meta name='ocr-capabilities' content='ocr_page ocr_carea ocr_par ocr_line ocrx_word'/>
</head>
<body>
  <div class='ocr_page' id='page_1' title='image "./corpusscriptoru07wiengoog/corpusscriptoru07wiengoog_0486.png"; bbox 0 0 3192 4959; ppageno 0'>
   <div class='ocr_carea' id='block_1_1' title="bbox 319 451 1124 521">
    <p class='ocr_par' dir='ltr' id='par_1_1' title="bbox 319 451 1124 521">
     <span class='ocr_line' id='line_1_1' title="bbox 319 451 1124 521; baseline -0.02 -2"><span class='ocrx_word' id='word_1_1' title='bbox 319 456 384 519; x_wconf 80' lang='grc'>466</span> <span class='ocrx_word' id='word_1_2' title='bbox 669 453 696 507; x_wconf 90' lang='lat' dir='ltr'>S.</span> <span class='ocrx_word' id='word_1_3' title='bbox 725 451 882 506; x_wconf 76' lang='lat' dir='ltr'>Aurelii</span> <span class='ocrx_word' id='word_1_4' title='bbox 910 451 1124 521; x_wconf 76' lang='lat' dir='ltr'>Augustini</span> 
     </span>
    </p>
   </div>
   <div class='ocr_carea' id='block_1_2' title="bbox 319 643 1456 1050">
    <p class='ocr_par' dir='ltr' id='par_1_2' title="bbox 319 643 1456 1050">
     <span class='ocr_line' id='line_1_2' title="bbox 320 643 1453 726; baseline -0.004 -15"><span class='ocrx_word' id='word_1_5' title='bbox 320 647 440 713; x_wconf 82' lang='lat' dir='ltr'>dicere:</span> <span class='ocrx_word' id='word_1_6' title='bbox 473 649 520 712; x_wconf 79' lang='lat' dir='ltr'>ut</span> <span class='ocrx_word' id='word_1_7' title='bbox 548 667 652 711; x_wconf 90' lang='lat' dir='ltr'>mare</span> <span class='ocrx_word' id='word_1_8' title='bbox 680 647 754 710; x_wconf 91' lang='lat' dir='ltr'>iam</span> <span class='ocrx_word' id='word_1_9' title='bbox 780 666 854 711; x_wconf 93' lang='lat' dir='ltr'>non</span> <span class='ocrx_word' id='word_1_10' title='bbox 884 648 957 723; x_wconf 83' lang='grc'>001,</span> <span class='ocrx_word' id='word_1_11' title='bbox 985 644 1023 709; x_wconf 90' lang='lat' dir='ltr'>de</span> <span class='ocrx_word' id='word_1_12' title='bbox 1048 663 1109 726; x_wconf 89' lang='lat' dir='ltr'>quo</span> <span class='ocrx_word' id='word_1_13' title='bbox 1134 664 1229 726; x_wconf 91' lang='lat' dir='ltr'>supra</span> <span class='ocrx_word' id='word_1_14' title='bbox 1254 643 1384 708; x_wconf 80' lang='lat' dir='ltr'>dixerat:</span> <span class='ocrx_word' id='word_1_15' title='bbox 1413 643 1453 706; x_wconf 82' lang='lat' dir='ltr'>ut</span> 
     </span>
     <span class='ocr_line' id='line_1_3' title="bbox 320 750 1453 832; baseline -0.004 -15"><span class='ocrx_word' id='word_1_16' title='bbox 320 753 510 818; x_wconf 81' lang='lat' dir='ltr'>exhibuit</span> <span class='ocrx_word' id='word_1_17' title='bbox 543 759 725 817; x_wconf 88' lang='lat' dir='ltr'>mortuos</span> <span class='ocrx_word' id='word_1_18' title='bbox 754 771 870 828; x_wconf 83' lang='lat' dir='ltr'>mare,</span> <span class='ocrx_word' id='word_1_19' title='bbox 906 751 973 832; x_wconf 93' lang='lat' dir='ltr'>qui</span> <span class='ocrx_word' id='word_1_20' title='bbox 1001 751 1038 814; x_wconf 91' lang='lat' dir='ltr'>in</span> <span class='ocrx_word' id='word_1_21' title='bbox 1070 770 1112 814; x_wconf 94' lang='lat' dir='ltr'>eo</span> <span class='ocrx_word' id='word_1_22' title='bbox 1137 753 1261 814; x_wconf 90' lang='lat' dir='ltr'>erant.</span> <span class='ocrx_word' id='word_1_23' title='bbox 1293 750 1358 814; x_wconf 90' lang='lat' dir='ltr'>Iam</span> <span class='ocrx_word' id='word_1_24' title='bbox 1382 751 1453 812; x_wconf 90' lang='lat' dir='ltr'>enim</span> 
     </span>
     <span class='ocr_line' id='line_1_4' title="bbox 319 857 1456 924; baseline -0.005 0"><span class='ocrx_word' id='word_1_25' title='bbox 319 865 396 924; x_wconf 89' lang='lat' dir='ltr'>tuno</span> <span class='ocrx_word' id='word_1_26' title='bbox 429 879 488 923; x_wconf 91' lang='lat' dir='ltr'>non</span> <span class='ocrx_word' id='word_1_27' title='bbox 523 859 582 923; x_wconf 90' lang='lat' dir='ltr'>erit</span> <span class='ocrx_word' id='word_1_28' title='bbox 611 860 670 923; x_wconf 89' lang='lat' dir='ltr'>hoe</span> <span class='ocrx_word' id='word_1_29' title='bbox 699 859 863 923; x_wconf 80' lang='lat' dir='ltr'>saeculum</span> <span class='ocrx_word' id='word_1_30' title='bbox 892 859 960 922; x_wconf 88' lang='lat' dir='ltr'>uita</span> <span class='ocrx_word' id='word_1_31' title='bbox 987 858 1171 922; x_wconf 89' lang='lat' dir='ltr'>mortalium</span> <span class='ocrx_word' id='word_1_32' title='bbox 1195 857 1408 922; x_wconf 88' lang='lat' dir='ltr'>turbulentum</span> <span class='ocrx_word' id='word_1_33' title='bbox 1429 861 1456 919; x_wconf 90' lang='lat' dir='ltr'>et</span> 
     </span>
     <span class='ocr_line' id='line_1_5' title="bbox 320 963 1108 1050; baseline 0.001 -22"><span class='ocrx_word' id='word_1_34' title='bbox 320 965 543 1050; x_wconf 80' lang='lat' dir='ltr'>procellosum,</span> <span class='ocrx_word' id='word_1_35' title='bbox 569 965 653 1046; x_wconf 88' lang='lat' dir='ltr'>quod</span> <span class='ocrx_word' id='word_1_36' title='bbox 677 965 772 1028; x_wconf 90' lang='lat' dir='ltr'>maris</span> <span class='ocrx_word' id='word_1_37' title='bbox 797 963 923 1028; x_wconf 89' lang='lat' dir='ltr'>nomine</span> <span class='ocrx_word' id='word_1_38' title='bbox 946 963 1108 1048; x_wconf 84' lang='lat' dir='ltr'>ligurauit.</span> 
     </span>
    </p>
   </div>
   <div class='ocr_carea' id='block_1_3' title="bbox 765 1155 1029 1232">
    <p class='ocr_par' dir='ltr' id='par_1_3' title="bbox 765 1155 1029 1232">
     <span class='ocr_line' id='line_1_6' title="bbox 765 1155 1029 1232; baseline -0.011 -11"><span class='ocrx_word' id='word_1_39' title='bbox 765 1156 902 1232; x_wconf 73' lang='lat' dir='ltr'>elenu</span> <span class='ocrx_word' id='word_1_40' title='bbox 926 1155 1029 1220; x_wconf 89' lang='lat' dir='ltr'><strong>XVII.</strong></span> 
     </span>
    </p>
   </div>
   <div class='ocr_carea' id='block_1_4' title="bbox 322 1295 1455 1382">
    <p class='ocr_par' dir='ltr' id='par_1_4' title="bbox 322 1295 1455 1382">
     <span class='ocr_line' id='line_1_7' title="bbox 322 1295 1455 1382; baseline -0.004 -17"><span class='ocrx_word' id='word_1_41' title='bbox 322 1302 376 1365; x_wconf 90' lang='lat' dir='ltr'>De</span> <span class='ocrx_word' id='word_1_42' title='bbox 406 1298 608 1364; x_wconf 87' lang='lat' dir='ltr'>eooleaiae</span> <span class='ocrx_word' id='word_1_43' title='bbox 639 1295 953 1382; x_wconf 83' lang='lat' dir='ltr'>glorificatione</span> <span class='ocrx_word' id='word_1_44' title='bbox 984 1296 1070 1361; x_wconf 90' lang='lat' dir='ltr'>sine</span> <span class='ocrx_word' id='word_1_45' title='bbox 1102 1297 1186 1360; x_wconf 88' lang='lat' dir='ltr'>line</span> <span class='ocrx_word' id='word_1_46' title='bbox 1216 1300 1309 1380; x_wconf 91' lang='lat' dir='ltr'>post</span> <span class='ocrx_word' id='word_1_47' title='bbox 1338 1296 1455 1360; x_wconf 85' lang='lat' dir='ltr'>linem.</span> 
     </span>
    </p>
   </div>
   <div class='ocr_carea' id='block_1_5' title="bbox 323 1439 1550 3749">
    <p class='ocr_par' dir='ltr' id='par_1_5' title="bbox 323 1439 1550 3749">
     <span class='ocr_line' id='line_1_8' title="bbox 366 1439 1456 1521; baseline -0.006 -15"><span class='ocrx_word' id='word_1_48' title='bbox 366 1443 415 1506; x_wconf 86' lang='lat' dir='ltr'>Et</span> <span class='ocrx_word' id='word_1_49' title='bbox 443 1440 670 1517; x_wconf 76' lang='lat' dir='ltr'>ciuitatem,</span> <span class='ocrx_word' id='word_1_50' title='bbox 702 1439 817 1520; x_wconf 82' lang='lat' dir='ltr'>inquit,</span> <span class='ocrx_word' id='word_1_51' title='bbox 842 1458 1022 1521; x_wconf 83' lang='lat' dir='ltr'>magnam</span> <span class='ocrx_word' id='word_1_52' title='bbox 1046 1439 1309 1502; x_wconf 82' lang='lat' dir='ltr'>Hierusalem</span> <span class='ocrx_word' id='word_1_53' title='bbox 1331 1457 1456 1502; x_wconf 91' lang='lat' dir='ltr'>nouam</span> 
     </span>
     <span class='ocr_line' id='line_1_9' title="bbox 323 1545 1454 1626; baseline -0.004 -14"><span class='ocrx_word' id='word_1_54' title='bbox 323 1548 410 1614; x_wconf 89' lang='lat' dir='ltr'>uidi</span> <span class='ocrx_word' id='word_1_55' title='bbox 434 1546 748 1611; x_wconf 79' lang='lat' dir='ltr'>descendentem</span> <span class='ocrx_word' id='word_1_56' title='bbox 772 1545 817 1608; x_wconf 89' lang='lat' dir='ltr'>de</span> <span class='ocrx_word' id='word_1_57' title='bbox 842 1545 953 1608; x_wconf 86' lang='grc'>00010</span> <span class='ocrx_word' id='word_1_58' title='bbox 979 1565 997 1608; x_wconf 88' lang='grc'>0</span> <span class='ocrx_word' id='word_1_59' title='bbox 1020 1545 1111 1622; x_wconf 82' lang='grc'>1100,</span> <span class='ocrx_word' id='word_1_60' title='bbox 1137 1548 1327 1626; x_wconf 81' lang='lat' dir='ltr'>aptatam,</span> <span class='ocrx_word' id='word_1_61' title='bbox 1350 1545 1454 1626; x_wconf 87' lang='lat' dir='ltr'>quasi</span> 
     </span>
     <span class='ocr_line' id='line_1_10' title="bbox 323 1651 1550 1735; baseline -0.006 -16"><span class='ocrx_word' id='word_1_62' title='bbox 323 1673 464 1719; x_wconf 88' lang='lat' dir='ltr'>nouam</span> <span class='ocrx_word' id='word_1_63' title='bbox 493 1656 657 1735; x_wconf 83' lang='lat' dir='ltr'>nuptam</span> <span class='ocrx_word' id='word_1_64' title='bbox 687 1653 868 1715; x_wconf 87' lang='lat' dir='ltr'>ornatam</span> <span class='ocrx_word' id='word_1_65' title='bbox 896 1651 1458 1716; x_wconf 75' lang='grc'>0000110000111000110100-</span> <span class='ocrx_word' id='word_1_66' title='bbox 1549 1657 1550 1664; x_wconf 78' lang='grc'>’</span> 
     </span>
     <span class='ocr_line' id='line_1_11' title="bbox 325 1757 1550 1841; baseline -0.005 -16"><span class='ocrx_word' id='word_1_67' title='bbox 325 1780 407 1825; x_wconf 91' lang='lat' dir='ltr'>oem</span> <span class='ocrx_word' id='word_1_68' title='bbox 440 1779 620 1841; x_wconf 86' lang='lat' dir='ltr'>magnam</span> <span class='ocrx_word' id='word_1_69' title='bbox 653 1757 698 1821; x_wconf 91' lang='lat' dir='ltr'>de</span> <span class='ocrx_word' id='word_1_70' title='bbox 731 1757 877 1821; x_wconf 86' lang='lat' dir='ltr'>throno</span> <span class='ocrx_word' id='word_1_71' title='bbox 912 1757 1129 1822; x_wconf 87' lang='lat' dir='ltr'>dicentem:</span> <span class='ocrx_word' id='word_1_72' title='bbox 1164 1758 1265 1822; x_wconf 84' lang='lat' dir='ltr'>Eooe</span> <span class='ocrx_word' id='word_1_73' title='bbox 1295 1758 1490 1821; x_wconf 79' lang='lat' dir='ltr'>taberna-u</span> <span class='ocrx_word' id='word_1_74' title='bbox 1549 1807 1550 1828; x_wconf 62' lang='grc'>,</span> 
     </span>
     <span class='ocr_line' id='line_1_12' title="bbox 325 1863 1457 1940; baseline -0.004 -9"><span class='ocrx_word' id='word_1_75' title='bbox 325 1867 460 1932; x_wconf 85' lang='lat' dir='ltr'>culum</span> <span class='ocrx_word' id='word_1_76' title='bbox 490 1865 562 1929; x_wconf 88' lang='lat' dir='ltr'>Dei</span> <span class='ocrx_word' id='word_1_77' title='bbox 591 1884 676 1928; x_wconf 88' lang='lat' dir='ltr'>oum</span> <span class='ocrx_word' id='word_1_78' title='bbox 704 1863 949 1940; x_wconf 85' lang='lat' dir='ltr'>hominibus,</span> <span class='ocrx_word' id='word_1_79' title='bbox 980 1867 1018 1928; x_wconf 91' lang='lat' dir='ltr'>et</span> <span class='ocrx_word' id='word_1_80' title='bbox 1046 1863 1257 1928; x_wconf 85' lang='lat' dir='ltr'>habitabit</span> <span class='ocrx_word' id='word_1_81' title='bbox 1287 1883 1370 1928; x_wconf 89' lang='lat' dir='ltr'>eum</span> <span class='ocrx_word' id='word_1_82' title='bbox 1399 1863 1457 1927; x_wconf 91' lang='lat' dir='ltr'>eis.</span> 
     </span>
     <span class='ocr_line' id='line_1_13' title="bbox 326 1971 1457 2054; baseline -0.005 -16"><span class='ocrx_word' id='word_1_83' title='bbox 326 1977 364 2038; x_wconf 91' lang='lat' dir='ltr'>et</span> <span class='ocrx_word' id='word_1_84' title='bbox 391 1975 508 2036; x_wconf 86' lang='lat' dir='ltr'>erunt</span> <span class='ocrx_word' id='word_1_85' title='bbox 535 1971 618 2054; x_wconf 87' lang='lat' dir='ltr'>ipsi</span> <span class='ocrx_word' id='word_1_86' title='bbox 645 1971 824 2053; x_wconf 92' lang='lat' dir='ltr'>populus</span> <span class='ocrx_word' id='word_1_87' title='bbox 849 1971 949 2048; x_wconf 85' lang='grc'>0100,</span> <span class='ocrx_word' id='word_1_88' title='bbox 979 1973 1017 2035; x_wconf 87' lang='grc'>01</span> <span class='ocrx_word' id='word_1_89' title='bbox 1040 1971 1127 2052; x_wconf 90' lang='lat' dir='ltr'>ipse</span> <span class='ocrx_word' id='word_1_90' title='bbox 1154 1971 1260 2035; x_wconf 88' lang='lat' dir='ltr'>Deus</span> <span class='ocrx_word' id='word_1_91' title='bbox 1286 1972 1363 2034; x_wconf 87' lang='lat' dir='ltr'>erit</span> <span class='ocrx_word' id='word_1_92' title='bbox 1384 1989 1457 2032; x_wconf 89' lang='lat' dir='ltr'>aum</span> 
     </span>
     <span class='ocr_line' id='line_1_14' title="bbox 325 2076 1456 2158; baseline -0.004 -15"><span class='ocrx_word' id='word_1_93' title='bbox 325 2079 395 2145; x_wconf 89' lang='lat' dir='ltr'>eis.</span> <span class='ocrx_word' id='word_1_94' title='bbox 411 2079 459 2142; x_wconf 84' lang='lat' dir='ltr'>Et</span> <span class='ocrx_word' id='word_1_95' title='bbox 478 2076 693 2158; x_wconf 85' lang='lat' dir='ltr'>absterget</span> <span class='ocrx_word' id='word_1_96' title='bbox 713 2095 863 2140; x_wconf 90' lang='lat' dir='ltr'>omnem</span> <span class='ocrx_word' id='word_1_97' title='bbox 883 2076 1091 2142; x_wconf 79' lang='lat' dir='ltr'>lacrimam</span> <span class='ocrx_word' id='word_1_98' title='bbox 1112 2077 1156 2140; x_wconf 92' lang='lat' dir='ltr'>ab</span> <span class='ocrx_word' id='word_1_99' title='bbox 1174 2076 1306 2140; x_wconf 89' lang='lat' dir='ltr'>oeulis</span> <span class='ocrx_word' id='word_1_100' title='bbox 1322 2095 1456 2141; x_wconf 86' lang='lat' dir='ltr'>eorum:</span> 
     </span>
     <span class='ocr_line' id='line_1_15' title="bbox 326 2182 1456 2264; baseline -0.004 -16"><span class='ocrx_word' id='word_1_101' title='bbox 326 2189 365 2248; x_wconf 92' lang='lat' dir='ltr'>et</span> <span class='ocrx_word' id='word_1_102' title='bbox 393 2203 497 2248; x_wconf 90' lang='lat' dir='ltr'>mors</span> <span class='ocrx_word' id='word_1_103' title='bbox 527 2183 604 2246; x_wconf 85' lang='lat' dir='ltr'>iarn</span> <span class='ocrx_word' id='word_1_104' title='bbox 632 2201 706 2246; x_wconf 90' lang='lat' dir='ltr'>non</span> <span class='ocrx_word' id='word_1_105' title='bbox 735 2182 814 2245; x_wconf 86' lang='lat' dir='ltr'>erit</span> <span class='ocrx_word' id='word_1_106' title='bbox 842 2201 969 2263; x_wconf 88' lang='lat' dir='ltr'>neque</span> <span class='ocrx_word' id='word_1_107' title='bbox 997 2182 1138 2246; x_wconf 88' lang='grc'>100100</span> <span class='ocrx_word' id='word_1_108' title='bbox 1163 2202 1291 2264; x_wconf 85' lang='lat' dir='ltr'>neque</span> <span class='ocrx_word' id='word_1_109' title='bbox 1316 2184 1456 2248; x_wconf 80' lang='lat' dir='ltr'>elamor.</span> 
     </span>
     <span class='ocr_line' id='line_1_16' title="bbox 326 2288 1488 2370; baseline -0.007 -14"><span class='ocrx_word' id='word_1_110' title='bbox 326 2290 397 2356; x_wconf 89' lang='lat' dir='ltr'>aed</span> <span class='ocrx_word' id='word_1_111' title='bbox 421 2309 491 2354; x_wconf 88' lang='lat' dir='ltr'>nae</span> <span class='ocrx_word' id='word_1_112' title='bbox 516 2289 630 2354; x_wconf 89' lang='lat' dir='ltr'>dolor</span> <span class='ocrx_word' id='word_1_113' title='bbox 653 2289 777 2365; x_wconf 80' lang='lat' dir='ltr'>ullus,</span> <span class='ocrx_word' id='word_1_114' title='bbox 804 2288 897 2370; x_wconf 85' lang='lat' dir='ltr'>qrria</span> <span class='ocrx_word' id='word_1_115' title='bbox 920 2289 1055 2370; x_wconf 85' lang='lat' dir='ltr'>priora</span> <span class='ocrx_word' id='word_1_116' title='bbox 1081 2289 1281 2353; x_wconf 89' lang='lat' dir='ltr'>abierunt.</span> <span class='ocrx_word' id='word_1_117' title='bbox 1307 2289 1488 2353; x_wconf 73' lang='grc'>0001000</span> 
     </span>
     <span class='ocr_line' id='line_1_17' title="bbox 326 2395 1456 2462; baseline -0.006 0"><span class='ocrx_word' id='word_1_118' title='bbox 326 2397 472 2462; x_wconf 85' lang='lat' dir='ltr'>sedens</span> <span class='ocrx_word' id='word_1_119' title='bbox 500 2396 538 2458; x_wconf 94' lang='lat' dir='ltr'>in</span> <span class='ocrx_word' id='word_1_120' title='bbox 568 2395 731 2459; x_wconf 91' lang='lat' dir='ltr'>throno:</span> <span class='ocrx_word' id='word_1_121' title='bbox 760 2395 862 2460; x_wconf 83' lang='lat' dir='ltr'>Ecce</span> <span class='ocrx_word' id='word_1_122' title='bbox 887 2414 990 2459; x_wconf 90' lang='lat' dir='ltr'>noua</span> <span class='ocrx_word' id='word_1_123' title='bbox 1013 2395 1122 2459; x_wconf 86' lang='lat' dir='ltr'>facio</span> <span class='ocrx_word' id='word_1_124' title='bbox 1148 2395 1286 2460; x_wconf 86' lang='lat' dir='ltr'>omnia.</span> <span class='ocrx_word' id='word_1_125' title='bbox 1318 2396 1363 2460; x_wconf 92' lang='lat' dir='ltr'>De</span> <span class='ocrx_word' id='word_1_126' title='bbox 1386 2395 1456 2458; x_wconf 87' lang='lat' dir='ltr'>eaelo</span> 
     </span>
     <span class='ocr_line' id='line_1_18' title="bbox 326 2499 1456 2583; baseline -0.005 -17"><span class='ocrx_word' id='word_1_127' title='bbox 326 2501 515 2568; x_wconf 81' lang='lat' dir='ltr'>descendere</span> <span class='ocrx_word' id='word_1_128' title='bbox 543 2501 605 2565; x_wconf 90' lang='lat' dir='ltr'>ista</span> <span class='ocrx_word' id='word_1_129' title='bbox 634 2501 747 2564; x_wconf 81' lang='lat' dir='ltr'>ciuitas</span> <span class='ocrx_word' id='word_1_130' title='bbox 777 2499 904 2577; x_wconf 83' lang='lat' dir='ltr'>dieitur,</span> <span class='ocrx_word' id='word_1_131' title='bbox 936 2500 1085 2581; x_wconf 90' lang='lat' dir='ltr'>quoniam</span> <span class='ocrx_word' id='word_1_132' title='bbox 1115 2501 1262 2564; x_wconf 81' lang='lat' dir='ltr'>caelestis</span> <span class='ocrx_word' id='word_1_133' title='bbox 1292 2505 1340 2566; x_wconf 86' lang='grc'>001</span> <span class='ocrx_word' id='word_1_134' title='bbox 1362 2499 1456 2583; x_wconf 84' lang='lat' dir='ltr'>gratia.</span> 
     </span>
     <span class='ocr_line' id='line_1_19' title="bbox 326 2604 1457 2691; baseline -0.007 -19"><span class='ocrx_word' id='word_1_135' title='bbox 326 2628 389 2691; x_wconf 88' lang='lat' dir='ltr'>qua</span> <span class='ocrx_word' id='word_1_136' title='bbox 413 2609 498 2671; x_wconf 88' lang='lat' dir='ltr'>Deus</span> <span class='ocrx_word' id='word_1_137' title='bbox 523 2625 592 2670; x_wconf 85' lang='lat' dir='ltr'>eam</span> <span class='ocrx_word' id='word_1_138' title='bbox 617 2606 702 2670; x_wconf 84' lang='lat' dir='ltr'>feeit.</span> <span class='ocrx_word' id='word_1_139' title='bbox 726 2605 859 2687; x_wconf 86' lang='lat' dir='ltr'>Propter</span> <span class='ocrx_word' id='word_1_140' title='bbox 883 2605 968 2686; x_wconf 93' lang='lat' dir='ltr'>quod</span> <span class='ocrx_word' id='word_1_141' title='bbox 993 2605 1020 2668; x_wconf 92' lang='lat' dir='ltr'>ei</span> <span class='ocrx_word' id='word_1_142' title='bbox 1045 2604 1123 2669; x_wconf 85' lang='lat' dir='ltr'>dicit</span> <span class='ocrx_word' id='word_1_143' title='bbox 1147 2605 1242 2668; x_wconf 90' lang='lat' dir='ltr'>etiam</span> <span class='ocrx_word' id='word_1_144' title='bbox 1262 2625 1317 2688; x_wconf 92' lang='lat' dir='ltr'>per</span> <span class='ocrx_word' id='word_1_145' title='bbox 1335 2605 1457 2670; x_wconf 81' lang='lat' dir='ltr'>Esaiam:</span> 
     </span>
     <span class='ocr_line' id='line_1_20' title="bbox 326 2709 1549 2798; baseline -0.008 -18"><span class='ocrx_word' id='word_1_146' title='bbox 326 2716 408 2798; x_wconf 79' lang='lat' dir='ltr'>Ego</span> <span class='ocrx_word' id='word_1_147' title='bbox 439 2733 522 2778; x_wconf 91' lang='lat' dir='ltr'>sum</span> <span class='ocrx_word' id='word_1_148' title='bbox 551 2713 745 2777; x_wconf 89' lang='lat' dir='ltr'>Dominus</span> <span class='ocrx_word' id='word_1_149' title='bbox 773 2711 933 2776; x_wconf 85' lang='lat' dir='ltr'>faoieus</span> <span class='ocrx_word' id='word_1_150' title='bbox 963 2713 1012 2777; x_wconf 89' lang='lat' dir='ltr'>te.</span> <span class='ocrx_word' id='word_1_151' title='bbox 1041 2712 1081 2774; x_wconf 85' lang='grc'>111</span> <span class='ocrx_word' id='word_1_152' title='bbox 1110 2712 1148 2774; x_wconf 90' lang='lat' dir='ltr'>de</span> <span class='ocrx_word' id='word_1_153' title='bbox 1172 2712 1258 2776; x_wconf 85' lang='lat' dir='ltr'>eaelo</span> <span class='ocrx_word' id='word_1_154' title='bbox 1290 2709 1457 2794; x_wconf 89' lang='lat' dir='ltr'>quidemab</span> <span class='ocrx_word' id='word_1_155' title='bbox 1548 2745 1549 2796; x_wconf 74' lang='lat'>1</span> 
     </span>
     <span class='ocr_line' id='line_1_21' title="bbox 325 2803 1549 2902; baseline -0.007 -18"><span class='ocrx_word' id='word_1_156' title='bbox 325 2821 417 2885; x_wconf 87' lang='lat' dir='ltr'>initio</span> <span class='ocrx_word' id='word_1_157' title='bbox 446 2821 497 2884; x_wconf 89' lang='grc'>001</span> <span class='ocrx_word' id='word_1_158' title='bbox 525 2818 699 2894; x_wconf 80' lang='lat' dir='ltr'>descendit,</span> <span class='ocrx_word' id='word_1_159' title='bbox 730 2837 765 2882; x_wconf 82' lang='lat' dir='ltr'>er</span> <span class='ocrx_word' id='word_1_160' title='bbox 794 2837 855 2898; x_wconf 90' lang='lat' dir='ltr'>quo</span> <span class='ocrx_word' id='word_1_161' title='bbox 881 2838 936 2901; x_wconf 93' lang='lat' dir='ltr'>per</span> <span class='ocrx_word' id='word_1_162' title='bbox 958 2818 1054 2882; x_wconf 81' lang='lat' dir='ltr'>liuius</span> <span class='ocrx_word' id='word_1_163' title='bbox 1079 2819 1198 2882; x_wconf 85' lang='grc'>0000011</span> <span class='ocrx_word' id='word_1_164' title='bbox 1227 2823 1354 2902; x_wconf 88' lang='lat' dir='ltr'>tempus</span> <span class='ocrx_word' id='word_1_165' title='bbox 1376 2815 1488 2900; x_wconf 75' lang='lat' dir='ltr'>gratier</span> <span class='ocrx_word' id='word_1_166' title='bbox 1548 2803 1549 2862; x_wconf 63' lang='lat' dir='ltr'>l</span> 
     </span>
     <span class='ocr_line' id='line_1_22' title="bbox 328 2921 1456 3007; baseline -0.007 -18"><span class='ocrx_word' id='word_1_167' title='bbox 328 2926 387 2990; x_wconf 90' lang='lat' dir='ltr'>Dei</span> <span class='ocrx_word' id='word_1_168' title='bbox 416 2925 551 3007; x_wconf 86' lang='lat' dir='ltr'>desuper</span> <span class='ocrx_word' id='word_1_169' title='bbox 579 2925 726 2988; x_wconf 89' lang='lat' dir='ltr'>ueniente</span> <span class='ocrx_word' id='word_1_170' title='bbox 755 2943 811 3006; x_wconf 93' lang='lat' dir='ltr'>per</span> <span class='ocrx_word' id='word_1_171' title='bbox 838 2925 1001 2988; x_wconf 87' lang='lat' dir='ltr'>lauaorum</span> <span class='ocrx_word' id='word_1_172' title='bbox 1031 2924 1279 3007; x_wconf 84' lang='lat' dir='ltr'>regenerationis</span> <span class='ocrx_word' id='word_1_173' title='bbox 1302 2925 1333 2988; x_wconf 90' lang='lat' dir='ltr'>in</span> <span class='ocrx_word' id='word_1_174' title='bbox 1358 2921 1456 3006; x_wconf 85' lang='lat' dir='ltr'>Spiritu</span> 
     </span>
     <span class='ocr_line' id='line_1_23' title="bbox 329 3029 1458 3108; baseline -0.009 -10"><span class='ocrx_word' id='word_1_175' title='bbox 329 3034 438 3098; x_wconf 82' lang='lat' dir='ltr'>saneto</span> <span class='ocrx_word' id='word_1_176' title='bbox 462 3031 561 3094; x_wconf 89' lang='lat' dir='ltr'>misso</span> <span class='ocrx_word' id='word_1_177' title='bbox 586 3030 623 3094; x_wconf 88' lang='lat' dir='ltr'>do</span> <span class='ocrx_word' id='word_1_178' title='bbox 648 3031 735 3094; x_wconf 90' lang='lat' dir='ltr'>eaelo</span> <span class='ocrx_word' id='word_1_179' title='bbox 761 3030 896 3094; x_wconf 87' lang='lat' dir='ltr'>subinde</span> <span class='ocrx_word' id='word_1_180' title='bbox 922 3031 1007 3094; x_wconf 87' lang='grc'>01000</span> <span class='ocrx_word' id='word_1_181' title='bbox 1033 3031 1101 3094; x_wconf 90' lang='grc'>0100</span> <span class='ocrx_word' id='word_1_182' title='bbox 1122 3030 1319 3096; x_wconf 82' lang='grc'>0100000001.</span> <span class='ocrx_word' id='word_1_183' title='bbox 1345 3029 1398 3094; x_wconf 89' lang='lat' dir='ltr'>Sed</span> <span class='ocrx_word' id='word_1_184' title='bbox 1414 3045 1458 3108; x_wconf 86' lang='lat' dir='ltr'>per</span> 
     </span>
     <span class='ocr_line' id='line_1_24' title="bbox 327 3135 1456 3218; baseline -0.01 -16"><span class='ocrx_word' id='word_1_185' title='bbox 327 3137 483 3202; x_wconf 81' lang='lat' dir='ltr'>iudicium</span> <span class='ocrx_word' id='word_1_186' title='bbox 515 3136 585 3212; x_wconf 80' lang='lat' dir='ltr'>oet,</span> <span class='ocrx_word' id='word_1_187' title='bbox 620 3136 705 3218; x_wconf 92' lang='lat' dir='ltr'>quod</span> <span class='ocrx_word' id='word_1_188' title='bbox 734 3138 793 3199; x_wconf 86' lang='lat' dir='ltr'>erit</span> <span class='ocrx_word' id='word_1_189' title='bbox 821 3137 1032 3200; x_wconf 89' lang='lat' dir='ltr'>nouissimum</span> <span class='ocrx_word' id='word_1_190' title='bbox 1066 3155 1122 3217; x_wconf 88' lang='lat' dir='ltr'>per</span> <span class='ocrx_word' id='word_1_191' title='bbox 1150 3135 1218 3200; x_wconf 88' lang='lat' dir='ltr'>eius</span> <span class='ocrx_word' id='word_1_192' title='bbox 1249 3135 1348 3200; x_wconf 86' lang='lat' dir='ltr'>filium</span> <span class='ocrx_word' id='word_1_193' title='bbox 1371 3135 1456 3198; x_wconf 89' lang='lat' dir='ltr'>lesum</span> 
     </span>
     <span class='ocr_line' id='line_1_25' title="bbox 328 3240 1456 3320; baseline -0.01 -11"><span class='ocrx_word' id='word_1_194' title='bbox 328 3243 503 3320; x_wconf 85' lang='lat' dir='ltr'>Christum,</span> <span class='ocrx_word' id='word_1_195' title='bbox 535 3246 624 3307; x_wconf 87' lang='lat' dir='ltr'>tanta</span> <span class='ocrx_word' id='word_1_196' title='bbox 656 3243 723 3306; x_wconf 90' lang='lat' dir='ltr'>eius</span> <span class='ocrx_word' id='word_1_197' title='bbox 757 3247 789 3306; x_wconf 91' lang='grc'>01</span> <span class='ocrx_word' id='word_1_198' title='bbox 820 3245 885 3306; x_wconf 88' lang='lat' dir='ltr'>tam</span> <span class='ocrx_word' id='word_1_199' title='bbox 919 3260 1002 3306; x_wconf 87' lang='lat' dir='ltr'>noua</span> <span class='ocrx_word' id='word_1_200' title='bbox 1034 3242 1071 3305; x_wconf 93' lang='lat' dir='ltr'>de</span> <span class='ocrx_word' id='word_1_201' title='bbox 1104 3241 1163 3305; x_wconf 90' lang='lat' dir='ltr'>Dei</span> <span class='ocrx_word' id='word_1_202' title='bbox 1197 3261 1326 3306; x_wconf 91' lang='lat' dir='ltr'>munere</span> <span class='ocrx_word' id='word_1_203' title='bbox 1355 3240 1456 3304; x_wconf 76' lang='lat' dir='ltr'>claritas</span> 
     </span>
     <span class='ocr_line' id='line_1_26' title="bbox 328 3342 1486 3434; baseline -0.011 -20"><span class='ocrx_word' id='word_1_204' title='bbox 328 3350 502 3434; x_wconf 87' lang='lat' dir='ltr'>apparebit,</span> <span class='ocrx_word' id='word_1_205' title='bbox 542 3352 578 3413; x_wconf 90' lang='grc'>01</span> <span class='ocrx_word' id='word_1_206' title='bbox 614 3349 700 3412; x_wconf 86' lang='grc'>00110</span> <span class='ocrx_word' id='word_1_207' title='bbox 736 3352 917 3412; x_wconf 84' lang='grc'>0000000001</span> <span class='ocrx_word' id='word_1_208' title='bbox 954 3348 1092 3432; x_wconf 86' lang='lat' dir='ltr'>uestigia</span> <span class='ocrx_word' id='word_1_209' title='bbox 1125 3349 1317 3422; x_wconf 86' lang='lat' dir='ltr'>uetustatis;</span> <span class='ocrx_word' id='word_1_210' title='bbox 1355 3342 1486 3429; x_wconf 78' lang='lat' dir='ltr'>quandoe</span> 
     </span>
     <span class='ocr_line' id='line_1_27' title="bbox 329 3453 1455 3540; baseline -0.01 -20"><span class='ocrx_word' id='word_1_211' title='bbox 329 3456 456 3540; x_wconf 84' lang='lat' dir='ltr'>quidam</span> <span class='ocrx_word' id='word_1_212' title='bbox 491 3461 522 3520; x_wconf 90' lang='lat' dir='ltr'>et</span> <span class='ocrx_word' id='word_1_213' title='bbox 555 3474 685 3538; x_wconf 82' lang='lat' dir='ltr'>corpora</span> <span class='ocrx_word' id='word_1_214' title='bbox 717 3455 756 3518; x_wconf 89' lang='lat' dir='ltr'>ad</span> <span class='ocrx_word' id='word_1_215' title='bbox 789 3454 1055 3535; x_wconf 80' lang='lat' dir='ltr'>incorruptionem</span> <span class='ocrx_word' id='word_1_216' title='bbox 1088 3453 1189 3536; x_wconf 89' lang='lat' dir='ltr'>adque</span> <span class='ocrx_word' id='word_1_217' title='bbox 1221 3453 1455 3518; x_wconf 79' lang='lat' dir='ltr'>inmortalitatem</span> 
     </span>
     <span class='ocr_line' id='line_1_28' title="bbox 330 3554 1455 3644; baseline -0.008 -17"><span class='ocrx_word' id='word_1_218' title='bbox 330 3581 444 3628; x_wconf 90' lang='lat' dir='ltr'>nouam</span> <span class='ocrx_word' id='word_1_219' title='bbox 474 3581 509 3626; x_wconf 86' lang='lat' dir='ltr'>er</span> <span class='ocrx_word' id='word_1_220' title='bbox 538 3565 644 3625; x_wconf 88' lang='lat' dir='ltr'>uetere</span> <span class='ocrx_word' id='word_1_221' title='bbox 674 3563 874 3644; x_wconf 89' lang='lat' dir='ltr'>corruptione</span> <span class='ocrx_word' id='word_1_222' title='bbox 904 3580 939 3625; x_wconf 87' lang='lat' dir='ltr'>ao</span> <span class='ocrx_word' id='word_1_223' title='bbox 964 3559 1157 3624; x_wconf 89' lang='lat' dir='ltr'>mortalitate</span> <span class='ocrx_word' id='word_1_224' title='bbox 1186 3560 1370 3624; x_wconf 86' lang='lat' dir='ltr'>transibunt.</span> <span class='ocrx_word' id='word_1_225' title='bbox 1391 3554 1455 3618; x_wconf 81' lang='lat' dir='ltr'>Natu</span> 
     </span>
     <span class='ocr_line' id='line_1_29' title="bbox 330 3657 1454 3749; baseline -0.012 -18"><span class='ocrx_word' id='word_1_226' title='bbox 330 3668 390 3733; x_wconf 89' lang='lat' dir='ltr'>hoo</span> <span class='ocrx_word' id='word_1_227' title='bbox 415 3668 453 3732; x_wconf 89' lang='lat' dir='ltr'>de</span> <span class='ocrx_word' id='word_1_228' title='bbox 476 3668 539 3732; x_wconf 88' lang='lat' dir='ltr'>isto</span> <span class='ocrx_word' id='word_1_229' title='bbox 564 3670 706 3748; x_wconf 89' lang='lat' dir='ltr'>tempore</span> <span class='ocrx_word' id='word_1_230' title='bbox 730 3667 882 3749; x_wconf 78' lang='lat' dir='ltr'>accipere,</span> <span class='ocrx_word' id='word_1_231' title='bbox 909 3686 969 3749; x_wconf 86' lang='lat' dir='ltr'>quo</span> <span class='ocrx_word' id='word_1_232' title='bbox 995 3671 1104 3749; x_wconf 85' lang='lat' dir='ltr'>regnat</span> <span class='ocrx_word' id='word_1_233' title='bbox 1129 3685 1202 3729; x_wconf 86' lang='grc'>0000</span> <span class='ocrx_word' id='word_1_234' title='bbox 1222 3685 1296 3749; x_wconf 90' lang='lat' dir='ltr'>rege</span> <span class='ocrx_word' id='word_1_235' title='bbox 1316 3681 1368 3729; x_wconf 88' lang='lat' dir='ltr'>suo</span> <span class='ocrx_word' id='word_1_236' title='bbox 1385 3657 1454 3725; x_wconf 85' lang='lat' dir='ltr'>mille</span> 
     </span>
    </p>
   </div>
   <div class='ocr_carea' id='block_1_6' title="bbox 424 3875 1002 3944">
    <p class='ocr_par' dir='ltr' id='par_1_6' title="bbox 424 3875 1002 3944">
     <span class='ocr_line' id='line_1_30' title="bbox 424 3875 1002 3944; baseline -0.003 -15"><span class='ocrx_word' id='word_1_237' title='bbox 424 3877 439 3928; x_wconf 83' lang='lat'>7</span> <span class='ocrx_word' id='word_1_238' title='bbox 461 3877 542 3944; x_wconf 75' lang='lat' dir='ltr'>Apoe.</span> <span class='ocrx_word' id='word_1_239' title='bbox 562 3875 606 3933; x_wconf 83' lang='lat'>21.</span> <span class='ocrx_word' id='word_1_240' title='bbox 626 3876 642 3927; x_wconf 82' lang='lat'><strong>2</strong></span> <span class='ocrx_word' id='word_1_241' title='bbox 662 3892 721 3944; x_wconf 87' lang='lat' dir='ltr'>sqq.</span> <span class='ocrx_word' id='word_1_242' title='bbox 778 3876 811 3928; x_wconf 87' lang='lat'>19</span> <span class='ocrx_word' id='word_1_243' title='bbox 830 3875 903 3928; x_wconf 83' lang='lat' dir='ltr'>Esai.</span> <span class='ocrx_word' id='word_1_244' title='bbox 923 3875 966 3940; x_wconf 77' lang='lat'>45,</span> <span class='ocrx_word' id='word_1_245' title='bbox 986 3877 1002 3926; x_wconf 79' lang='grc'>8</span> 
     </span>
    </p>
   </div>
   <div class='ocr_carea' id='block_1_7' title="bbox 332 3995 1454 4422">
    <p class='ocr_par' dir='ltr' id='par_1_7' title="bbox 332 3995 1454 4422">
     <span class='ocr_line' id='line_1_31' title="bbox 368 3995 1454 4066; baseline -0.01 -14"><span class='ocrx_word' id='word_1_246' title='bbox 368 4001 385 4052; x_wconf 84' lang='grc'>2</span> <span class='ocrx_word' id='word_1_247' title='bbox 405 4017 477 4052; x_wconf 83' lang='lat' dir='ltr'>nrare</span> <span class='ocrx_word' id='word_1_248' title='bbox 496 4005 617 4052; x_wconf 89' lang='lat' dir='ltr'>mortuos</span> <span class='ocrx_word' id='word_1_249' title='bbox 636 4015 652 4052; x_wconf 87' lang='lat' dir='ltr'>o</span> <span class='ocrx_word' id='word_1_250' title='bbox 724 3999 740 4052; x_wconf 87' lang='lat'><strong>3</strong></span> <span class='ocrx_word' id='word_1_251' title='bbox 760 3999 834 4052; x_wconf 87' lang='lat' dir='ltr'>uitae</span> <span class='ocrx_word' id='word_1_252' title='bbox 855 4015 868 4050; x_wconf 88' lang='grc'>0</span> <span class='ocrx_word' id='word_1_253' title='bbox 945 3998 975 4051; x_wconf 91' lang='grc'>11</span> <span class='ocrx_word' id='word_1_254' title='bbox 997 3997 1134 4050; x_wconf 87' lang='lat' dir='ltr'>habitauit</span> <span class='ocrx_word' id='word_1_255' title='bbox 1154 3997 1169 4050; x_wconf 87' lang='lat' dir='ltr'>b</span> <span class='ocrx_word' id='word_1_256' title='bbox 1245 3997 1277 4050; x_wconf 80' lang='lat'>12</span> <span class='ocrx_word' id='word_1_257' title='bbox 1296 3995 1344 4066; x_wconf 88' lang='lat' dir='ltr'>ipsi</span> <span class='ocrx_word' id='word_1_258' title='bbox 1363 3998 1454 4046; x_wconf 81' lang='lat' dir='ltr'>amatr</span> 
     </span>
     <span class='ocr_line' id='line_1_32' title="bbox 333 4086 1452 4158; baseline -0.009 -18"><span class='ocrx_word' id='word_1_259' title='bbox 333 4089 367 4141; x_wconf 80' lang='lat'>13</span> <span class='ocrx_word' id='word_1_260' title='bbox 388 4088 527 4156; x_wconf 79' lang='lat' dir='ltr'>absterget</span> <span class='ocrx_word' id='word_1_261' title='bbox 547 4089 664 4158; x_wconf 76' lang='lat' dir='ltr'>beppa</span> <span class='ocrx_word' id='word_1_262' title='bbox 682 4087 794 4154; x_wconf 82' lang='lat' dir='ltr'>Domo,·</span> <span class='ocrx_word' id='word_1_263' title='bbox 815 4088 953 4155; x_wconf 87' lang='lat' dir='ltr'>absterget</span> <span class='ocrx_word' id='word_1_264' title='bbox 972 4086 1037 4138; x_wconf 85' lang='lat' dir='ltr'>deus</span> <span class='ocrx_word' id='word_1_265' title='bbox 1058 4103 1128 4155; x_wconf 85' lang='lat' dir='ltr'>opu</span> <span class='ocrx_word' id='word_1_266' title='bbox 1184 4089 1334 4140; x_wconf 85' lang='lat' dir='ltr'>sanctorum</span> <span class='ocrx_word' id='word_1_267' title='bbox 1353 4095 1428 4135; x_wconf 89' lang='lat' dir='ltr'>eomru</span> <span class='ocrx_word' id='word_1_268' title='bbox 1437 4093 1452 4142; x_wconf 82' lang='lat' dir='ltr'>p</span> 
     </span>
     <span class='ocr_line' id='line_1_33' title="bbox 334 4162 1452 4244; baseline -0.003 -14"><span class='ocrx_word' id='word_1_269' title='bbox 334 4178 367 4231; x_wconf 81' lang='grc'>15</span> <span class='ocrx_word' id='word_1_270' title='bbox 387 4177 458 4230; x_wconf 87' lang='grc'>01100</span> <span class='ocrx_word' id='word_1_271' title='bbox 478 4177 555 4230; x_wconf 89' lang='lat' dir='ltr'>dolor</span> <span class='ocrx_word' id='word_1_272' title='bbox 572 4193 588 4229; x_wconf 89' lang='lat' dir='ltr'>o</span> <span class='ocrx_word' id='word_1_273' title='bbox 658 4177 690 4229; x_wconf 88' lang='grc'>18</span> <span class='ocrx_word' id='word_1_274' title='bbox 711 4176 735 4228; x_wconf 87' lang='grc'>01</span> <span class='ocrx_word' id='word_1_275' title='bbox 754 4193 805 4229; x_wconf 89' lang='lat' dir='ltr'>om.</span> <span class='ocrx_word' id='word_1_276' title='bbox 825 4176 841 4229; x_wconf 93' lang='lat' dir='ltr'>b</span> <span class='ocrx_word' id='word_1_277' title='bbox 914 4175 1033 4242; x_wconf 73' lang='lat' dir='ltr'>lesbiam,</span> <span class='ocrx_word' id='word_1_278' title='bbox 1054 4191 1086 4228; x_wconf 77' lang='grc'>00</span> <span class='ocrx_word' id='word_1_279' title='bbox 1106 4175 1185 4228; x_wconf 80' lang='lat' dir='ltr'>seiam</span> <span class='ocrx_word' id='word_1_280' title='bbox 1205 4191 1317 4244; x_wconf 82' lang='lat' dir='ltr'>rorr..p</span> <span class='ocrx_word' id='word_1_281' title='bbox 1377 4167 1406 4221; x_wconf 84' lang='lat'>&#39;20</span> <span class='ocrx_word' id='word_1_282' title='bbox 1421 4162 1452 4216; x_wconf 63' lang='lat'>⁸¹¹5</span> 
     </span>
     <span class='ocr_line' id='line_1_34' title="bbox 333 4257 1451 4333; baseline -0.013 -13"><span class='ocrx_word' id='word_1_283' title='bbox 333 4266 421 4320; x_wconf 75' lang='lat' dir='ltr'>obab</span> <span class='ocrx_word' id='word_1_284' title='bbox 467 4267 500 4318; x_wconf 80' lang='lat'>‘23</span> <span class='ocrx_word' id='word_1_285' title='bbox 521 4265 583 4333; x_wconf 89' lang='lat' dir='ltr'>erit]</span> <span class='ocrx_word' id='word_1_286' title='bbox 604 4265 662 4317; x_wconf 85' lang='lat' dir='ltr'>eie</span> <span class='ocrx_word' id='word_1_287' title='bbox 711 4266 745 4316; x_wconf 78' lang='lat' dir='ltr'>et</span> <span class='ocrx_word' id='word_1_288' title='bbox 764 4263 813 4316; x_wconf 84' lang='lat' dir='ltr'>sed</span> <span class='ocrx_word' id='word_1_289' title='bbox 832 4263 923 4317; x_wconf 84' lang='lat' dir='ltr'>tamb</span> <span class='ocrx_word' id='word_1_290' title='bbox 974 4265 1008 4318; x_wconf 74' lang='lat'>‘25</span> <span class='ocrx_word' id='word_1_291' title='bbox 1028 4267 1128 4316; x_wconf 85' lang='lat' dir='ltr'>uetust.</span> <span class='ocrx_word' id='word_1_292' title='bbox 1148 4263 1300 4332; x_wconf 85' lang='lat' dir='ltr'>uestigiao</span> <span class='ocrx_word' id='word_1_293' title='bbox 1345 4257 1451 4321; x_wconf 74' lang='lat' dir='ltr'>eratque</span> 
     </span>
     <span class='ocr_line' id='line_1_35' title="bbox 332 4351 879 4422; baseline 0 -16"><span class='ocrx_word' id='word_1_294' title='bbox 332 4356 445 4406; x_wconf 81' lang='lat' dir='ltr'>morto</span> <span class='ocrx_word' id='word_1_295' title='bbox 499 4355 532 4405; x_wconf 80' lang='lat'>28</span> <span class='ocrx_word' id='word_1_296' title='bbox 552 4351 625 4422; x_wconf 88' lang='lat' dir='ltr'>quod</span> <span class='ocrx_word' id='word_1_297' title='bbox 641 4371 659 4422; x_wconf 81' lang='lat' dir='ltr'>p</span> <span class='ocrx_word' id='word_1_298' title='bbox 730 4356 879 4421; x_wconf 86' lang='lat' dir='ltr'>regnante</span> 
     </span>
    </p>
   </div>
   <div class='ocr_carea' id='block_1_8' title="bbox 0 0 1613 4959">
    <p class='ocr_par' dir='ltr' id='par_1_8' title="bbox 0 0 1613 4959">
     <span class='ocr_line' id='line_1_36' title="bbox 0 0 1613 4959; baseline 0 0"><span class='ocrx_word' id='word_1_299' title='bbox 0 0 1613 4959; x_wconf 95' lang='lat' dir='ltr'> </span> 
     </span>
    </p>
   </div>
  </div>
 </body>
</html>
