3192 4959
387 501 438 553 De
467 498 639 553 ciuitate
668 496 730 551 de'i
757 494 823 549 lib.
850 494 939 547 XIIII.
967 512 1044 564 cap.
1072 494 1097 548 9,
1274 496 1316 558 21

161 698 200 758 et
233 713 325 758 suam
358 693 503 758 nolentes
532 692 726 757 constituere
753 690 897 755 iustitiae
924 690 984 755 Dei
1013 709 1073 755 non
1107 694 1215 754 essent
1244 690 1318 754 sub·

161 800 260 876 iecti;
289 817 347 863 nec
371 799 477 863 solum
501 798 652 871 dolorem,
676 817 788 863 uerum
814 798 910 862 etiam
932 796 1058 861 luctum
1082 816 1177 861 snum
1201 796 1318 861 denun-

161 906 302 970 tiantem
326 904 530 987 quibusdam,
552 905 607 986 qni
630 906 703 968 ante
725 908 940 985 peccauerunt
958 908 990 967 et
1009 923 1070 968 non
1094 906 1228 987 egerunt
1246 922 1317 987 pae-

162 1013 336 1077 nitentiam
361 1030 456 1093 super
479 1010 669 1074 inmunditia
692 1012 725 1075 et
746 1010 1009 1075 fornicationibus
1034 1010 1112 1076 suis,

128 1148 144 1184 s
212 1119 259 1182 Hi
282 1122 399 1196 motus,
422 1118 455 1181 hi
478 1116 622 1181 adfectus
647 1116 685 1180 de
709 1135 814 1181 amore
838 1117 912 1181 boni
936 1120 968 1181 et
992 1116 1029 1181 de
1053 1121 1164 1183 sancta
1187 1118 1316 1184 caritate

161 1226 334 1291 uenientes
363 1226 391 1290 si
417 1225 499 1290 uitia
525 1223 669 1289 uocanda
696 1227 780 1301 sunt,
809 1224 963 1302 sinamus,
990 1229 1028 1289 ut
1055 1245 1101 1303 ea,
1130 1244 1210 1308 quac
1242 1242 1315 1291 uere

161 1333 252 1397 uitia
279 1335 362 1410 sunt,
389 1332 528 1396 uirtutes
556 1334 720 1397 uocantur.
757 1330 821 1395 Sed
849 1350 922 1396 cum
947 1335 1066 1396 rectam
1090 1333 1245 1398 rationem
1268 1353 1316 1397 se·

162 1442 308 1522 quantur
328 1440 409 1504 istae
434 1438 638 1515 adfectiones,
658 1438 781 1520 quando
801 1436 857 1501 ubi
875 1441 1001 1522 oportet
1024 1439 1226 1517 adhibentur,
1244 1441 1315 1523 quis

162 1566 223 1611 eas
248 1551 324 1611 tnnc
347 1545 474 1610 morbos
498 1564 556 1609 sen
579 1545 714 1609 uitiosos
738 1544 903 1627 passiones
927 1546 1042 1610 audeat
1065 1546 1188 1611 dicere?
1213 1544 1315 1625 Quam

108 1682 140 1719 ιο
162 1654 209 1717 ob
238 1673 306 1717 rem
334 1652 428 1717 etiam
457 1652 526 1735 ipse
549 1652 706 1716 Dominus
734 1652 765 1715 in
795 1653 898 1716 forma
920 1653 1006 1717 serni
1028 1671 1121 1737 agere
1145 1654 1246 1717 uitam
1270 1655 1315 1718 di·

160 1764 287 1844 gnatus
314 1760 495 1837 humanam,
524 1758 580 1822 sed
608 1759 732 1822 nullum
759 1759 880 1824 habens
908 1760 1035 1823 omnino
1062 1764 1230 1843 peccatum
1262 1760 1314 1824 ad-

159 1865 276 1931 hibuit
308 1884 370 1944 eas,
399 1864 454 1927 nbi
486 1864 680 1929 adhibendas
714 1883 784 1928 esse
816 1864 984 1929 iudicauit.
1019 1866 1131 1947 Neque
1160 1868 1254 1944 enim,
1282 1868 1315 1931 in

158 1992 230 2053 quo
263 1990 374 2035 uerum
406 1974 473 2035 erat
503 1970 641 2035 hominis
675 1990 789 2055 corpus
822 1976 855 2035 et
886 1991 982 2036 uems
1011 1972 1151 2037 hominis
1178 1975 1313 2048 animus,

158 2079 271 2143 falsus
299 2082 366 2143 erat
391 2078 548 2143 humanus
578 2077 731 2143 adtectus.
770 2076 850 2143 (lum
878 2097 953 2162 ergo
982 2080 1050 2143 eius
1082 2080 1113 2144 in
1148 2081 1313 2165 euangelio

105 2214 138 2253 aa
158 2187 231 2250 ista
254 2184 443 2263 referuntur,
468 2184 552 2268 quod
577 2204 671 2267 super
694 2184 811 2249 duritia
834 2184 937 2249 cordis
960 2186 1150 2251 Iudaeorum
1173 2190 1314 2252 cumina

159 2292 376 2358 contristatus
409 2292 462 2371 sit,
496 2292 581 2375 quod
613 2292 738 2356 dixerit:
777 2290 929 2357 Gaudeo
967 2298 1122 2375 propter
1155 2313 1234 2373 uos,
1272 2299 1314 2360 nt

159 2399 344 2477 credatis,
370 2400 454 2481 quod
475 2400 628 2463 Lanarum
657 2400 872 2464 suscitaturus
896 2399 992 2462 etiam
1014 2400 1161 2463 lacrimas
1184 2402 1312 2480 fuderit,

159 2506 255 2590 quod
292 2506 510 2589 concupiuerit
546 2526 618 2571 cnm
656 2506 825 2587 discipulis
863 2507 930 2571 suis
961 2506 1151 2571 manducare
1183 2508 1311 2589 pascha,

160 2612 255 2697 quod
286 2614 514 2695 propinquante
547 2612 694 2695 passione
727 2612 831 2677 tristis
863 2613 959 2677 inierit
994 2613 1099 2677 anima
1130 2614 1213 2679 eius:
1250 2634 1312 2679 non

105 2748 138 2787 ao
159 2719 248 2783 falso
273 2719 383 2801 utique
406 2720 594 2784 referuntur.
626 2718 744 2783 Verum
768 2718 823 2784 ille
846 2720 904 2785 hos
931 2722 1038 2785 motus
1062 2724 1165 2785 certae
1189 2720 1313 2804 dispen-

158 2825 300 2891 sationis
334 2824 437 2907 gratia
467 2825 514 2888 ita
546 2844 618 2889 cum
650 2824 755 2891 uoluit
787 2826 931 2908 suscepit
962 2826 1065 2891 animo
1098 2826 1246 2904 hnmano,
1275 2831 1312 2890 ut

158 2951 239 2997 cum
264 2931 369 2995 uoluit
390 2932 495 2995 lactus
519 2932 695 2997 esthemo.

208 3037 355 3115 Proinde,
375 3036 459 3120 quod
482 3037 644 3102 fatendum
669 3042 727 3109 est.
747 3039 844 3102 etiam
868 3058 940 3102 cum
963 3043 1066 3104 rectas
1086 3043 1119 3104 et
1137 3041 1310 3105 secundnm

157 3145 271 3208 Deum
298 3144 453 3207 habemus
477 3144 534 3209 has
560 3144 765 3223 adfectiones,
789 3145 886 3209 huius
910 3146 995 3209 uitae
1019 3150 1104 3224 sunt,
1127 3166 1187 3211 non
1211 3147 1310 3225 illius,

104 3282 135 3321 25
157 3268 262 3333 quam
289 3249 428 3315 futuram
456 3268 632 3331 speramus,
657 3254 690 3314 et
713 3270 807 3334 saepe
830 3250 895 3315 illis
919 3253 1015 3316 etiam
1039 3253 1133 3317 inuiti
1157 3255 1309 3319 cedimus.

155 3358 277 3438 Itaque
304 3355 484 3437 aliquando,
509 3357 655 3438 quamuis
685 3376 746 3422 non
774 3358 927 3440 culpabili
955 3358 1140 3442 cupiditate,
1164 3361 1221 3425 sed
1242 3362 1311 3426 lau·

155 3462 262 3527 dabili
286 3463 417 3528 caritate
439 3482 636 3543 moneamur,
660 3464 755 3529 etiam
780 3464 856 3528 dum
880 3466 1028 3530 nolumus
1052 3466 1175 3531 fiemus.
1208 3468 1310 3533 Habe-

155 3589 234 3634 mus
261 3588 335 3653 ergo
360 3588 412 3634 eas
437 3589 472 3634 er
495 3571 650 3635 humanae
675 3571 868 3636 condicionis
891 3572 1088 3651 infirmitate3
1118 3593 1178 3639 non
1202 3579 1310 3641 autem

253 3814 315 3867 32.
335 3812 393 3869 Cor.
413 3815 455 3877 12,
475 3815 507 3867 21
588 3814 621 3869 15
640 3814 705 3869 Mrc.
725 3816 786 3879 3,5
876 3816 1082 3879 1610.11,15
1165 3819 1197 3872 17
1216 3818 1252 3872 ib.
1273 3820 1308 3873 35

157 3902 194 3956 18
214 3900 325 3959 Lesa.
346 3903 379 3955 15
435 3903 468 3956 19
486 3902 536 3956 tlt.
555 3904 598 3967 26,
614 3904 648 3957 38

197 4027 267 4079 les
286 4029 331 4089 (=
350 4030 418 4093 esse)
438 4028 575 4093 e,·suntl
663 4027 891 4081 linmunditiam
911 4029 1003 4101 Ν·
1054 4032 1165 4087 5carit.
1185 4035 1310 4087 cunctat

155 4142 174 4193 7
196 4158 260 4194 cum
276 4141 388 4213 rectam]
408 4148 570 4197 corectame
618 4146 635 4198 9
654 4144 773 4198 moribus
792 4144 841 4212 V¹;
857 4126 974 4208 morbos,
994 4146 1026 4198 in
1038 4163 1124 4215 nrarp.
1143 4129 1279 4201 morbidas
1295 4168 1309 4202 e

156 4230 195 4284 10
214 4230 244 4282 in
264 4229 376 4284 fornram
396 4232 439 4286 ab
495 4232 575 4301 serui]
596 4232 639 4286 dei
664 4233 689 4285 V
734 4234 918 4289 lehumnum
937 4251 988 4289 ont.
1009 4234 1028 4288 1¹
1085 4236 1254 4304 euangelista
1273 4238 1307 4289 V¹

157 4320 195 4371 15
219 4317 343 4372 seruntur
365 4320 401 4372 V¹
509 4320 609 4375 duritia
632 4322 777 4390 νομῇ·
801 4323 1037 4377 duritiamabto
1128 4326 1160 4377 18
1179 4326 1308 4394 pascaV

154 4404 445 4476 corrompant
499 4410 531 4462 21
553 4414 585 4463 ut
603 4426 662 4464 cum
681 4411 831 4466 conuitium
849 4428 918 4468 corr.
944 4412 970 4465 V
1021 4415 1055 4467 22
1075 4414 1176 4467 essetl
