3192 4959
307 455 356 508 De
386 453 559 507 ciuitate
587 452 648 507 dei
675 452 739 507 lib.
768 452 867 508 XVIII.
893 471 967 524 oap.
991 456 1106 511 23-25.
1214 462 1275 523 301

131 650 224 715 facile
240 650 385 715 homines
399 650 599 727 fallebantur,
615 649 672 715 sed
685 649 748 714 iam
768 650 915 733 expolitis
931 650 963 716 et
978 652 1110 717 eruditis
1129 653 1281 718 meruerit

133 758 189 822 hos
229 756 377 834 honores,
410 755 557 839 quamuis
593 755 735 821 nondum
773 756 960 821 efferbuerat
992 778 1027 823 ae
1064 758 1280 839 pullulauerat

132 863 398 947 philosophorum
421 862 551 927 subtilla
574 866 607 927 et
625 865 718 927 aeota
735 862 924 945 loquacitas.
949 864 1012 930 Sed
1031 866 1158 930 etiamsi
1175 868 1281 949 poste·

132 971 216 1035 riona
239 973 384 1051 tempora
408 970 483 1034 deos
507 968 651 1033 homiues
678 972 821 1034 mortuos
850 989 911 1034 non
934 970 1151 1048 instituerunt,
1175 975 1280 1037 tamen

108 1077 170 1140 aab
190 1076 335 1158 antiquis
354 1076 521 1141 institutos
540 1076 643 1140 oolere
661 1079 699 1140 ut
717 1076 793 1141 deos
813 1081 845 1141 et
863 1077 976 1141 habere
996 1096 1056 1143 non
1076 1078 1280 1153 destiterunt;

134 1184 210 1265 quin
242 1184 338 1247 etiam
366 1183 556 1259 simulacris,
586 1203 666 1266 quae
693 1186 818 1251 ueteres
846 1204 906 1249 nou
936 1186 1103 1262 habebant,
1131 1188 1283 1251 auxerunt

134 1309 237 1354 uanae
266 1290 367 1372 adque
395 1291 498 1372 inpiae
527 1290 764 1373 superstItionis
791 1291 990 1370 inlecebram,
1014 1293 1046 1357 id
1071 1292 1282 1357 efficientibus

134 1396 299 1460 inmundis
330 1396 363 1460 in
395 1415 504 1461 eorum
537 1397 630 1462 eorde
660 1396 867 1462 daemonibus
903 1418 960 1481 per
995 1399 1122 1464 fallacia
1157 1418 1283 1482 quoquo

135 1502 268 1568 oracula
290 1502 533 1585 decipientibus,
555 1506 593 1568 ut
614 1503 761 1569 fabulosa
778 1506 874 1569 etiam
894 1506 1025 1571 erimina
1043 1505 1183 1585 deorum,
1204 1524 1283 1588 quae

96 1608 199 1673 roiam
233 1609 400 1674 urbaniore
433 1611 560 1675 saeculo
587 1630 649 1675 non
679 1611 887 1694 tingebantur,
915 1632 974 1695 per-
996 1613 1090 1678 ludos
1117 1616 1224 1677 tamen
1251 1611 1282 1675 in

136 1714 310 1779 eorundem
336 1715 488 1781 falsorum
520 1717 686 1781 numinum
719 1718 909 1801 obsequium
941 1720 1076 1803 turpiter
1107 1721 1283 1803 agerentur.

136 1822 302 1905 Regnauit
316 1821 427 1887 deinde
442 1822 548 1887 Numa
560 1827 635 1906 post
647 1824 831 1902 Romulum,
851 1826 906 1908 qui
925 1844 998 1891 oum
1016 1827 1104 1891 illam
1120 1826 1285 1890 oiuItatenr

136 1931 304 2011 putauerit
326 1930 457 1995 deorum
478 1932 620 2014 profecto
644 1932 798 1997 falsorum
822 1933 1049 1999 numerositate
1073 1932 1284 2008 muniendam,

137 2037 168 2099 in
193 2035 330 2101 eandem
353 2037 479 2101 turbam
501 2036 610 2101 referri
631 2042 777 2102 mortuus
801 2040 870 2122 lpse
893 2059 953 2104 non
973 2040 1099 2117 meruit,
1122 2042 1284 2121 tamquam

96 2168 120 2207 ra
137 2144 183 2206 ita
210 2145 346 2227 putatus
374 2143 418 2208 sit
445 2145 568 2209 eaelum
595 2143 800 2210 multitudine
828 2146 993 2211 numinum
1021 2144 1226 2229 constipasse,
1250 2148 1287 2208 ut

137 2250 249 2314 losum
271 2250 318 2314 ibi
339 2250 476 2333 reperire
504 2270 566 2315 non
593 2253 714 2333 posset.
742 2251 813 2317 Hoc
836 2255 987 2335 regnante
1011 2252 1130 2316 Romae
1154 2255 1186 2315 et
1208 2254 1287 2334 aput

137 2357 304 2421 Hebraeos
336 2357 427 2421 initio
459 2358 547 2442 regni
579 2357 738 2435 Manasse,
767 2377 784 2421 a
813 2377 874 2439 quo
908 2358 994 2441 inpio
1027 2377 1101 2442 rege
1133 2358 1287 2441 propheta

138 2464 253 2529 Esaias
276 2463 462 2545 perhibetur
484 2465 619 2541 oooisus,
644 2462 783 2528 Samiam
806 2464 905 2529 fuisse
930 2464 1083 2549 Sibyllam
1106 2466 1218 2529 ierunt.

587 2656 725 2723 CAPUT
748 2658 846 2722 XXV.

97 2824 123 2862 eo
142 2795 223 2875 Qui
246 2797 489 2881 philosophi
512 2800 744 2864 enituerint
762 2803 956 2883 regnante
976 2799 1287 2883 aputRomanos

139 2903 367 2985 Tarquinio
400 2904 554 2982 Pilato,
588 2907 685 2987 aput
716 2905 924 2969 Hebraeos
958 2903 1165 2981 Sedeobie,
1203 2924 1289 2967 oum

180 3010 446 3075 Hierusalem
471 3015 589 3093 eapte
613 3015 676 3076 est
698 3012 975 3093 templumque
1000 3011 1253 3077 subuersum.

185 3154 353 3239 Regnante
384 3172 460 3217 uero
493 3156 571 3236 aput
595 3153 758 3218 Hebraeos
787 3153 940 3219 Sedeohia
968 3156 1000 3217 et
1028 3156 1105 3235 aput
1130 3154 1290 3218 Romanos

140 3260 315 3342 Tarquinio
347 3259 469 3335 Prisco,
502 3259 558 3342 qui
589 3262 789 3324 suoeesserat
818 3260 906 3324 Anao
934 3259 1064 3336 Maroio,
1093 3258 1208 3325 duetus
1242 3261 1292 3323 est

97 3395 123 3433 aa
141 3368 294 3451 captiuus
316 3367 348 3431 in
366 3367 573 3449 Babyloniam
597 3368 734 3450 populus
753 3368 942 3433 Iudaeorum
962 3386 1073 3431 euersa
1089 3367 1290 3431 Hierusalem

142 3479 177 3539 et
205 3476 326 3558 templo
354 3474 412 3539 illo
441 3494 460 3538 a
482 3474 650 3540 Salomone
674 3477 866 3541 constructo.
904 3475 1105 3557 Increpantes
1131 3473 1214 3537 enirn
1237 3491 1291 3536 eos

141 3582 319 3664 prophetae
350 3580 389 3645 de
415 3581 638 3664 Iniquitatibus
667 3585 700 3645 et
724 3580 932 3663 inpietatibus
957 3582 1024 3645 suis
1048 3581 1125 3645 baeo
1149 3580 1194 3645 eis
1218 3598 1292 3643 uen-

141 3693 221 3754 tura
254 3688 482 3771 praedixerant,
513 3688 649 3752 maxime
681 3688 869 3765 Hieremias,
903 3688 957 3769 qui
994 3687 1090 3752 etiam
1127 3704 1292 3751 numerum

237 3880 272 3934 28
290 3880 409 3935 Hieram.
428 3881 472 3942 25,
493 3880 524 3933 ll

184 3988 198 4039 1
221 3984 369 4039 sedetiam
388 4002 402 4039 e
463 3984 576 4038 eruditis
595 3988 624 4038 et
642 3986 803 4055 expolitisp
867 3985 995 4039 meruerit
1014 3986 1175 4053 abeppo;
1194 3982 1294 4035 meruit

143 4073 248 4129 Domb.
303 4076 319 4128 2
338 4074 501 4128 efferbuerat
519 4091 601 4141 aeo;
618 4075 781 4127 efferauerat
800 4074 826 4127 b¹
836 4091 893 4144 pp;
912 4073 1054 4127 efferuerat
1073 4071 1128 4141 b²p
1187 4072 1203 4125 9
1224 4085 1293 4137 quae

144 4165 265 4217 etiams
320 4162 354 4217 10
373 4164 514 4217 orbanioro
530 4180 548 4232 p
601 4180 655 4217 non
673 4163 786 4233 firrgeh]
808 4162 991 4231 confingebe
1048 4162 1077 4215 ll
1098 4161 1236 4215 nominum
1247 4175 1292 4228 pp

145 4255 180 4307 17
202 4268 377 4307 mannassee
439 4253 472 4306 21
493 4251 620 4305 sedhecia
635 4270 666 4321 p;
684 4252 828 4319 sedecias
886 4253 920 4305 23
939 4250 1047 4305 sedecia
1062 4266 1080 4320 9
1134 4250 1169 4303 24
1188 4264 1293 4301 sucees-

145 4326 264 4422 serstnte
334 4369 422 4423 anche
440 4368 538 4422 martio
558 4385 598 4437 ep
652 4369 687 4422 25
704 4367 879 4437 babyllonp
933 4368 966 4423 28
985 4366 1163 4435 iheremiesp
