3192 4959
366 483 417 536 De
445 482 621 536 ciuitate
649 480 710 535 dei
737 481 803 535 lib.
831 480 888 534 XV.
918 498 993 551 cap.
1021 483 1065 537 20.
1093 481 1137 538 21.
1250 486 1311 548 101

162 681 282 742 rantur.
320 677 383 742 Hic
411 696 485 762 ergo
514 678 656 763 generari
685 681 717 741 et
745 696 894 761 generare
922 677 1048 742 ciuitati
1075 677 1205 761 utrique
1231 695 1315 743 ccm-

163 805 259 850 mune
284 789 348 862 est3
373 785 520 868 quamuis
539 784 599 849 Dei
619 784 734 849 ciuitas
754 784 871 848 habeat
889 783 984 849 etiam
1003 784 1055 850 hic
1073 786 1177 849 multa
1195 782 1315 850 ciuium

163 892 264 969 milia,
286 909 367 973 quae
391 891 429 955 ab
455 909 548 974 opere
569 890 738 975 generandi
758 909 791 954 se
811 890 1005 968 abstineant3
1030 891 1087 954 sed
1104 891 1202 955 habet
1219 891 1315 956 etiam

165 998 220 1063 illa
249 1017 286 1062 ex
312 998 490 1064 imitatione
519 997 665 1081 quadam,
688 996 766 1062 licet
793 997 974 1063 errantium.
1009 999 1060 1063 Ad
1087 1017 1157 1063 eam
1181 1017 1317 1080 namque

136 1105 326 1188 spertincnt
348 1105 455 1182 etiam,
475 1104 530 1188 qui
553 1105 719 1169 deuiantes
739 1104 777 1168 ab
799 1105 894 1167 huius
917 1103 979 1170 fide
1004 1105 1147 1170 diuersas
1169 1105 1316 1170 haereses

166 1211 388 1286 condiderunt;
409 1209 584 1276 secuudum
602 1211 761 1277 hominem
782 1211 899 1294 quippe
916 1212 1043 1289 uiuunt,
1062 1229 1123 1277 non
1142 1211 1316 1277 secundum

166 1319 281 1383 Deum.
306 1318 348 1382 Et
365 1317 518 1382 Indorum
541 1317 834 1402 gymnosophistae,
853 1319 908 1399 qui
925 1318 1003 1383 nudi
1021 1319 1227 1402 perhibentur
1248 1316 1317 1401 pbi-

166 1425 329 1510 losophari
355 1425 388 1488 in
416 1423 645 1488 solitudinibus
668 1423 787 1503 Indiae,
813 1424 876 1489 cibi
907 1443 963 1489 esu
986 1427 1019 1488 ot
1041 1444 1061 1489 a
1083 1425 1258 1510 generando
1282 1443 1317 1488 se

167 1532 329 1598 cohibent.
366 1529 438 1594 Non
465 1531 516 1596 est
543 1529 625 1595 enim
653 1530 714 1595 hoc
742 1531 872 1608 bonum,
896 1531 959 1596 nisi
986 1550 1059 1596 cum
1081 1531 1120 1596 lit
1142 1531 1318 1596 secundum

126 1659 151 1701 ιο
166 1637 261 1702 fidem
291 1637 409 1702 summi
437 1637 522 1714 boni,
550 1637 606 1718 qui
631 1636 720 1701 Deus
750 1641 809 1702 est.
846 1638 916 1702 Hoc
945 1641 1049 1703 tamen
1077 1657 1170 1704 nemo
1203 1638 1318 1702 fecisse

167 1748 237 1810 ante
266 1745 429 1809 diluuium
459 1744 628 1826 reperitur;
663 1745 787 1827 quando
821 1744 947 1828 quidem
980 1746 1076 1810 etiam
1108 1746 1178 1828 ipse
1209 1744 1318 1809 Enoch

168 1852 326 1934 septimus
350 1851 388 1915 ab
412 1850 524 1928 Adam,
548 1850 603 1933 qui
626 1851 798 1916 translatus
822 1852 956 1916 relertur
979 1871 1049 1917 esse
1075 1871 1136 1916 non
1160 1855 1318 1927 mortuus,

168 1958 280 2042 genuit
307 1957 391 2022 filios
420 1963 452 2022 et
479 1955 562 2022 filias
591 1960 760 2040 antequam
789 1959 1027 2034 transferretur3
1060 1959 1093 2022 in
1118 1959 1233 2041 quibus
1257 1957 1320 2022 fuit

167 2064 395 2139 Mathusalam,
432 2083 488 2146 per
524 2083 619 2146 quem
657 2064 896 2148 generationum
932 2065 1206 2130 memorandarum
1242 2063 1318 2130 ordo

129 2197 151 2234 a
169 2171 367 2236 transcurrit.

213 2275 304 2356 Qnur
331 2296 406 2361 ergo
434 2281 522 2342 tanta
550 2277 694 2360 paucitas
724 2279 966 2342 successionum
994 2281 1260 2343 commemoratur
1287 2277 1319 2341 in

170 2383 428 2468 generationibus
461 2403 497 2447 er
528 2382 614 2460 Cain,
644 2383 671 2448 si
705 2401 758 2448 eas
790 2403 894 2466 usque
927 2383 965 2448 ad
999 2383 1156 2448 diluuium
1190 2383 1319 2468 perduci

171 2491 347 2575 oportebat,
381 2509 438 2555 nec
472 2493 539 2555 erat
570 2489 719 2554 diuturna
752 2493 839 2555 aetas
871 2490 1076 2573 praeueniens
1108 2491 1318 2572 pubertatem,

171 2616 249 2679 qnae
279 2600 409 2662 centum
437 2598 491 2662 uel
518 2596 655 2678 amplius
684 2616 781 2662 annos
811 2600 940 2662 uacaret
962 2615 981 2660 a
1003 2597 1144 2662 letibus?
1181 2597 1262 2661 Nam
1292 2596 1319 2660 si

129 2729 155 2769 so
170 2722 229 2768 non
253 2703 440 2768 intendebat
463 2707 574 2769 auctor
596 2704 669 2768 libri
687 2704 783 2768 huius
803 2704 952 2785 aliquem,
971 2703 1010 2768 ad
1030 2723 1123 2786 quem
1142 2704 1319 2769 necessario

171 2810 358 2892 perduceret
385 2810 501 2876 seriem
528 2810 776 2896 generationum,
802 2810 887 2875 sicut
915 2810 1051 2888 inillis,
1079 2829 1160 2893 quae
1186 2810 1321 2875 ueniunt

172 2916 208 2981 de
236 2917 358 2982 semine
387 2915 476 2994 Seth,
503 2917 688 2982 intendebat
714 2917 879 2999 peruenire
909 2917 948 2980 ad
970 2917 1048 2995 Noe,
1073 2936 1092 2981 a
1119 2936 1181 2999 quo
1209 2935 1319 2981 rursus

173 3023 244 3088 ordo
279 3023 478 3089 necessarius
511 3027 709 3106 sequeretur:
750 3023 827 3105 quid
860 3043 941 3107 opus
973 3028 1040 3088 erat
1070 3022 1320 3105 praetermittere

171 3129 401 3214 primogenitos
425 3129 519 3207 filios,
543 3135 581 3194 ut
602 3130 820 3213 perueniretur
843 3129 881 3194 ad
905 3129 1053 3208 Lamech,
1076 3131 1108 3194 in
1132 3130 1223 3194 cuius
1244 3128 1319 3192 liliis

133 3262 158 3302 ss
172 3235 279 3300 finitur
310 3236 368 3301 illa
400 3238 568 3310 contextio,
601 3240 715 3302 octaua
747 3237 947 3321 generatione
985 3235 1109 3302 scilicet
1140 3255 1176 3300 ex
1207 3235 1320 3310 Adam,

173 3344 309 3426 septima
342 3363 377 3408 ex
411 3341 498 3418 (lain,
529 3343 620 3425 qnasi
653 3346 739 3408 esset
769 3343 843 3408 inde
875 3343 998 3424 aliquid
1029 3342 1178 3425 deinceps
1211 3360 1321 3406 conec-

172 3449 313 3528 tendnm,
347 3451 430 3514 unde
458 3450 677 3532 perueniretur
705 3451 759 3514 uel
787 3450 827 3514 ad
853 3449 1066 3514 Israeliticum
1093 3449 1259 3533 populum,
1287 3449 1319 3512 in

174 3575 232 3637 quo
261 3555 395 3621 caelesti
423 3555 548 3620 ciuitati
576 3556 672 3622 etiam
701 3559 826 3621 terrena
852 3556 1052 3620 Hierusalem
1084 3554 1219 3639 figuram
1251 3574 1320 3637 pro-

206 3835 222 3886 3
241 3831 417 3886 abstinente
490 3833 618 3887 babeate
667 3835 683 3888 8
704 3832 757 3888 cibi
777 3849 825 3887 esu
843 3834 957 3902 scr-ipci‚·
974 3833 1047 3887 ciues
1067 3833 1125 3886 eius
1144 3835 1208 3886 sunt
1226 3848 1287 3885 mes.
1306 3847 1322 3883 v

173 3920 286 3988 Dcmb.;
311 3920 485 3974 continentes
508 3925 573 3974 sunt
598 3921 687 3976 Gloas.
707 3921 812 3976 Salem.
837 3921 886 3989 (G.
905 3921 1010 3986 Lame,
1029 3922 1112 3976 Miec.
1130 3920 1190 3976 crit.
1209 3921 1241 3973 in
1258 3921 1320 3972 Act.

174 4012 259 4064 sodet.
280 4008 383 4079 philol.
410 4008 488 4078 Ls'ps.
519 4009 550 4074 V,
571 4027 638 4080 pap.
665 4013 737 4076 335)
842 4010 944 4063 9Non
969 4011 1039 4063 enim
1064 4013 1139 4063 esto
1249 4008 1320 4060 enim

175 4112 223 4153 om.
247 4099 272 4150 V
316 4098 349 4152 10
369 4101 413 4152 est
431 4097 539 4152 Denso
592 4115 750 4168 nemceup.
772 4099 821 4155 lio.
845 4099 871 4152 V
915 4100 1020 4152 lanan
1039 4113 1123 4151 ωηο
1168 4098 1200 4151 16
1219 4112 1320 4150 memo-

176 4185 290 4240 rsturV
359 4187 392 4240 17
414 4187 452 4240 eis
471 4187 495 4240 c¹
563 4188 598 4242 20
617 4187 651 4241 ad
672 4205 750 4258 quem
771 4205 822 4242 om.
842 4187 867 4242 ι1
934 4188 970 4239 22
989 4185 1022 4240 de
1042 4203 1126 4239 om.e
1196 4183 1321 4237 intende-

176 4299 270 4356 bar'rte
341 4303 377 4356 24
398 4267 495 4378 qduine
519 4303 545 4354 V
613 4303 842 4373 coinquirere
919 4301 1022 4371 aliquid
1041 4302 1136 4354 indee
1206 4296 1241 4353 '27
1260 4315 1320 4368 per-

177 4392 281 4444 uenitur
299 4392 324 4445 ι’
