3192 4959
363 431 413 486 De
442 433 614 487 ciuitate
643 433 704 487 dei
732 433 798 487 lib.
826 435 898 490 XXI.
927 452 1002 504 cap.
1031 438 1073 490 24.
1227 441 1292 504 559

142 628 284 692 inimicia
309 630 533 693 conuertentur
555 627 588 692 in
611 626 705 697 filios.
726 629 881 710 numquid
905 631 1009 693 tamen
1034 649 1089 712 pre
1114 631 1170 708 eie,
1190 631 1222 694 id
1243 634 1292 696 est

144 755 201 820 pro
230 736 343 800 tatium
372 735 592 799 defunctorum
622 734 798 816 spiritibus,
829 739 897 799 orat
926 737 1083 800 eeclesia?
1120 735 1204 815 Quid
1236 739 1290 816 ita,

141 845 205 908 nisi
233 843 309 924 quia
336 843 367 906 in
394 847 484 925 parte
511 843 574 906 iam
604 842 723 906 diaboli
751 845 950 924 conputatur,
976 844 1030 926 qui
1054 863 1126 908 cnm
1151 853 1237 910 esset
1259 846 1289 909 in

81 994 85 1002 -
141 969 273 1032 carpere
298 970 359 1015 non
384 952 434 1013 est
456 948 630 1014 translatus
655 948 694 1012 ad
720 947 903 1013 Christum?

107 1082 120 1122 1
187 1057 305 1121 Eadem
334 1056 444 1138 itaque
473 1073 570 1120 causa
597 1057 656 1131 est,
682 1073 764 1136 quur
789 1073 852 1119 non
884 1057 990 1120 oretur
1013 1058 1088 1120 tune
1111 1075 1167 1139 pro
1191 1055 1292 1120 homi-

140 1167 237 1230 nibus
262 1168 386 1228 aeterno
410 1165 484 1247 igne
507 1162 685 1244 puniendis,
711 1181 791 1244 quae
816 1181 913 1226 eausa
936 1167 996 1240 est,
1021 1165 1058 1226 ut
1080 1183 1180 1245 neque
1208 1183 1290 1228 nune

140 1291 245 1355 neque
273 1276 350 1335 tune
378 1260 485 1335 uretur
506 1288 563 1352 pro
588 1269 709 1352 angelis
732 1269 840 1344 malim
874 1288 953 1352 quae
976 1269 1086 1334 itidem
1112 1289 1208 1336 eausa
1231 1274 1290 1348 eat,

140 1385 189 1454 ut,
214 1378 362 1460 quamuis
389 1396 444 1458 pro
473 1375 668 1453 hominibus,
692 1380 798 1440 tamen
827 1375 890 1440 iani
918 1395 975 1440 nee
999 1395 1082 1440 nune
1106 1381 1212 1440 oretur
1235 1397 1290 1459 pro

139 1485 325 1549 infidelibus
348 1482 507 1567 inpiisqne
532 1481 702 1546 defunct-is.
731 1483 813 1546 Nam
837 1501 892 1566 pro
918 1483 1075 1548 defunctis
1100 1483 1291 1566 quibusdam

97 1615 121 1654 u
140 1594 196 1657 uel
225 1592 326 1674 ipsius
355 1590 508 1654 eeclesiae
535 1591 588 1653 uel
617 1589 813 1670 quarundam
841 1589 965 1672 piorum
990 1589 1157 1654 exauditur
1180 1591 1290 1665 oratio,

140 1700 198 1764 sed
223 1718 280 1782 pro
304 1697 365 1773 hie,
390 1715 523 1779 quorum
543 1697 575 1759 in
595 1695 720 1761 Christe
740 1701 995 1779 regeneratorum
1016 1715 1073 1760 nee
1092 1716 1194 1779 usque
1213 1696 1290 1762 adeo

140 1807 211 1869 uita
233 1805 266 1867 in
290 1823 420 1884 corpore
442 1804 524 1866 mule
549 1805 641 1885 gesta
664 1808 723 1879 eet,
743 1806 781 1867 nt
800 1803 857 1866 tali
876 1803 1093 1868 misericordia
1110 1804 1292 1868 iudicentur

141 1911 231 1994 digni
254 1930 315 1975 nou
340 1929 421 1980 esse,
441 1928 498 1974 nec
522 1927 624 1990 nsque
649 1909 726 1974 adeo
750 1909 840 1988 bene,
860 1913 897 1974 ut
919 1913 1017 1974 talem
1040 1910 1290 1974 misericordiam

140 2019 339 2100 reperiantur
366 2016 575 2080 neeessariam
605 2035 666 2080 non
690 2017 819 2094 habere
855 2018 940 2081 sieut
963 2017 1059 2082 etiam
1082 2019 1166 2082 faeta
1188 2037 1291 2082 resur-

95 2125 281 2190 erectione
312 2125 511 2188 mertuorum
543 2141 604 2185 nen
634 2122 775 2201 deerunt,
807 2123 923 2206 quibus
952 2127 1026 2206 pont
1053 2143 1181 2206 poenas,
1211 2144 1289 2207 quas

140 2231 307 2316 patiuntur
333 2230 466 2311 spiritua
494 2232 703 2306 mortuorum,
726 2230 914 2311 inpertiatur
942 2231 1167 2308 misericordia,
1191 2235 1228 2294 ut
1257 2231 1289 2294 in

139 2339 248 2420 ignem
278 2356 337 2402 nun
366 2337 535 2401 mittantur
563 2341 736 2400 aeternum.
774 2336 886 2420 Neque
915 2338 998 2401 enim
1027 2336 1065 2402 de
1099 2337 1289 2420 quibusdam

140 2444 298 2508 ueraciter
322 2443 487 2518 diceretur,
509 2442 594 2523 quod
616 2460 677 2507 non
702 2443 748 2506 eis
772 2443 955 2508 remittatur
973 2462 1074 2524 neque
1093 2443 1125 2507 in
1144 2444 1204 2507 hoc
1223 2462 1290 2508 sae-

141 2553 214 2615 cuto
248 2570 349 2633 neque
379 2550 412 2614 in
444 2549 562 2625 futuro,
593 2549 654 2613 nisi
683 2555 791 2614 essent
819 2550 946 2632 quibua,
977 2551 1037 2614 etei
1066 2570 1126 2616 nun
1154 2551 1185 2614 in
1215 2551 1289 2626 iste,

95 2679 123 2718 no
139 2663 248 2722 tamen
276 2658 452 2722 remittitur
478 2658 509 2720 in
538 2658 657 2722 future.
696 2655 758 2721 Sed
782 2676 855 2721 cum
881 2657 1001 2721 dictum
1024 2658 1121 2721 fuerit
1144 2677 1162 2721 a
1184 2657 1289 2721 iudice

139 2766 291 2830 uiuorum
316 2765 418 2847 adque
436 2768 650 2829 mortuorum:
675 2763 819 2841 Venite,
845 2763 1037 2828 benedieti
1061 2765 1182 2847 patria
1205 2765 1287 2842 mei,

139 2871 339 2956 possidete
384 2875 556 2954 paratum
598 2870 706 2934 uobis
749 2889 905 2954 regnum
947 2889 965 2933 a
1007 2871 1287 2935 constitutione

139 2979 279 3057 mundi,
309 2982 341 3042 et
370 2978 440 3042 aliia
469 2998 486 3042 e
515 2976 685 3042 contrario:
718 2977 915 3041 Discedite
944 2995 962 3039 a
990 2995 1054 3056 nie,
1079 2976 1287 3054 maledieti,

139 3088 175 3150 in
208 3085 333 3169 ignem
366 3089 570 3161 aeternum,
604 3084 667 3166 qui
700 3087 854 3167 paratus
889 3085 948 3148 eet
980 3083 1130 3148 diabolo
1165 3087 1200 3148 et
1233 3103 1289 3148 an·

93 3213 120 3251 2⁵
140 3193 242 3278 gelie
267 3194 360 3270 eine,
381 3195 414 3255 et
435 3191 531 3255 ierint
553 3191 622 3255 isti
645 3190 681 3254 in
706 3190 940 3273 supplicium
965 3194 1169 3267 aeternum,
1192 3191 1288 3256 iusti

139 3305 268 3364 autern
291 3299 326 3362 in
350 3298 466 3362 uitam
493 3301 694 3362 aeternam:
715 3297 830 3360 nimiae
849 3297 1095 3378 praesumtionis
1116 3301 1166 3360 eet
1184 3297 1287 3361 didere

138 3406 291 3488 cuiquam
314 3423 421 3470 ennam
447 3408 609 3469 aeternum
634 3403 827 3486 supplicium
848 3404 1081 3480 mutaturum,
1102 3421 1181 3484 quos
1200 3403 1288 3468 Deus

137 3514 241 3577 ituros
269 3513 301 3576 in
329 3511 524 3595 supplicium
553 3511 632 3575 dixit
661 3514 834 3588 aeternum,
865 3513 897 3574 et
925 3529 980 3593 per
1007 3509 1104 3573 huius
1126 3527 1287 3592 praesum·

232 3791 332 3847 19111.
355 3791 395 3860 11,
415 3793 449 3846 31
505 3792 536 3844 11
558 3791 594 3847 u.
614 3791 658 3855 25,
678 3791 724 3858 34³
742 3791 777 3843 41
785 3811 792 3853 ;
812 3790 846 3845 46

175 3954 188 4006 1
209 3955 302 4005 tamen
319 3969 351 4020 9‚·
367 3950 423 4003 iam
443 3951 500 4004 rell.
518 3965 535 4003 v
552 3949 651 4002 Domb.
724 3949 742 4002 2
762 3947 845 4018 Quid]
864 3963 909 4000 cur
929 3947 944 4000 b
1017 3945 1033 3999 3
1053 3946 1107 3998 iam
1125 3945 1154 3998 in
1173 3949 1250 4014 parte
1270 3961 1285 3998 1

137 4059 199 4096 cum
217 4039 411 4105 araa.‚·dnmv
480 4038 622 4107 titidem]
643 4037 730 4092 eidem
747 4055 767 4107 9
835 4039 867 4090 16
887 4037 1059 4105 patianture
1133 4035 1164 4088 19
1185 4033 1286 4103 estsiq

136 4132 165 4184 in
184 4131 239 4184 iate
260 4130 393 4200 hyppam
411 4128 439 4182 in
459 4145 509 4182 orn.
530 4145 600 4182 aee
666 4128 702 4181 20
720 4128 897 4180 remittuntur
913 4141 942 4193 9‚·
962 4125 1149 4178 remitteturei
1217 4125 1251 4177 23
1271 4141 1286 4177 a

135 4273 180 4310 me
199 4271 250 4311 om.
271 4271 285 4308 e
335 4255 370 4309 25
389 4253 472 4306 ierint
490 4270 560 4323 app
579 4253 693 4318 I)0mb.,·
712 4228 798 4316 ibunt,
817 4252 849 4304 in
867 4267 951 4318 1111119.
972 4249 1053 4314 iuiei,
1068 4266 1095 4315 e;
1114 4249 1193 4302 ibunt
1208 4248 1282 4312 bue,

136 4347 253 4412 erunty
325 4344 353 4394 in
372 4340 471 4410 suppt]
490 4342 518 4393 in
537 4342 664 4410 ignemp
