<?xml version="1.0" encoding="UTF-8"?>
<!DOCTYPE html PUBLIC "-//W3C//DTD XHTML 1.0 Transitional//EN"
    "http://www.w3.org/TR/xhtml1/DTD/xhtml1-transitional.dtd">
<html xmlns="http://www.w3.org/1999/xhtml" xml:lang="en" lang="en">
 <head>
  <title>
</title>
<meta http-equiv="Content-Type" content="text/html;charset=utf-8" />
  <meta name='ocr-system' content='tesseract 3.04.00' />
  <meta name='ocr-capabilities' content='ocr_page ocr_carea ocr_par ocr_line ocrx_word'/>
</head>
<body>
  <div class='ocr_page' id='page_1' title='image "./corpusscriptoru07wiengoog/corpusscriptoru07wiengoog_0218.png"; bbox 0 0 3192 4959; ppageno 0'>
   <div class='ocr_carea' id='block_1_1' title="bbox 281 341 1189 450">
    <p class='ocr_par' dir='ltr' id='par_1_1' title="bbox 281 341 1189 450">
     <span class='ocr_line' id='line_1_1' title="bbox 281 341 1189 450; baseline -0.012 -8"><span class='ocrx_word' id='word_1_1' title='bbox 281 388 346 450; x_wconf 82' lang='grc'><strong>202</strong></span> <span class='ocrx_word' id='word_1_2' title='bbox 410 341 414 348; x_wconf 24' lang='lat'>¹</span> <span class='ocrx_word' id='word_1_3' title='bbox 486 393 489 399; x_wconf 83' lang='lat'>&#39;</span> <span class='ocrx_word' id='word_1_4' title='bbox 626 383 652 435; x_wconf 87' lang='lat' dir='ltr'><strong>S.</strong></span> <span class='ocrx_word' id='word_1_5' title='bbox 680 381 838 435; x_wconf 81' lang='lat' dir='ltr'><strong>Aurelii</strong></span> <span class='ocrx_word' id='word_1_6' title='bbox 865 380 1080 450; x_wconf 84' lang='lat' dir='ltr'><strong>Augustini</strong></span> <span class='ocrx_word' id='word_1_7' title='bbox 1187 352 1189 357; x_wconf 19' lang='lat' dir='ltr'><em>V</em></span> 
     </span>
    </p>
   </div>
   <div class='ocr_carea' id='block_1_2' title="bbox 280 572 1465 2043">
    <p class='ocr_par' dir='ltr' id='par_1_2' title="bbox 280 572 1464 1386">
     <span class='ocr_line' id='line_1_2' title="bbox 281 572 1424 657; baseline -0.004 -16"><span class='ocrx_word' id='word_1_8' title='bbox 281 595 365 641; x_wconf 86' lang='lat' dir='ltr'><strong>mam</strong></span> <span class='ocrx_word' id='word_1_9' title='bbox 389 574 547 657; x_wconf 85' lang='lat' dir='ltr'><strong>passionis</strong></span> <span class='ocrx_word' id='word_1_10' title='bbox 572 575 610 639; x_wconf 94' lang='lat' dir='ltr'><strong>de</strong></span> <span class='ocrx_word' id='word_1_11' title='bbox 633 575 693 638; x_wconf 88' lang='lat' dir='ltr'><strong>hoc</strong></span> <span class='ocrx_word' id='word_1_12' title='bbox 716 574 835 638; x_wconf 89' lang='lat' dir='ltr'><strong>mundo</strong></span> <span class='ocrx_word' id='word_1_13' title='bbox 859 573 1066 637; x_wconf 86' lang='lat' dir='ltr'><strong>transiturum</strong></span> <span class='ocrx_word' id='word_1_14' title='bbox 1087 572 1126 636; x_wconf 88' lang='lat' dir='ltr'><strong>ad</strong></span> <span class='ocrx_word' id='word_1_15' title='bbox 1144 573 1271 637; x_wconf 91' lang='lat' dir='ltr'><strong>Patrem</strong></span> <span class='ocrx_word' id='word_1_16' title='bbox 1291 573 1424 655; x_wconf 78' lang='lat' dir='ltr'><strong>(Pascha</strong></span> 
     </span>
     <span class='ocr_line' id='line_1_3' title="bbox 282 678 1421 766; baseline -0.003 -20"><span class='ocrx_word' id='word_1_17' title='bbox 282 683 398 766; x_wconf 88' lang='lat' dir='ltr'><strong>quippe</strong></span> <span class='ocrx_word' id='word_1_18' title='bbox 430 681 576 746; x_wconf 87' lang='lat' dir='ltr'><strong>Hebraea</strong></span> <span class='ocrx_word' id='word_1_19' title='bbox 606 682 717 765; x_wconf 89' lang='lat' dir='ltr'><strong>lingua</strong></span> <span class='ocrx_word' id='word_1_20' title='bbox 744 681 897 757; x_wconf 78' lang='lat' dir='ltr'>transitus</span> <span class='ocrx_word' id='word_1_21' title='bbox 924 678 1174 764; x_wconf 88' lang='lat' dir='ltr'><strong>interpretatur),</strong></span> <span class='ocrx_word' id='word_1_22' title='bbox 1203 682 1241 744; x_wconf 92' lang='lat' dir='ltr'><strong>ut</strong></span> <span class='ocrx_word' id='word_1_23' title='bbox 1268 680 1331 744; x_wconf 89' lang='lat' dir='ltr'><strong>iam</strong></span> <span class='ocrx_word' id='word_1_24' title='bbox 1355 698 1421 743; x_wconf 90' lang='lat' dir='ltr'><strong>cum</strong></span> 
     </span>
     <span class='ocr_line' id='line_1_4' title="bbox 280 787 1425 869; baseline -0.003 -17"><span class='ocrx_word' id='word_1_25' title='bbox 280 790 476 852; x_wconf 89' lang='lat' dir='ltr'><strong>reuelaretur</strong></span> <span class='ocrx_word' id='word_1_26' title='bbox 498 792 726 852; x_wconf 89' lang='lat' dir='ltr'><strong>testamentum</strong></span> <span class='ocrx_word' id='word_1_27' title='bbox 746 806 876 865; x_wconf 77' lang='lat' dir='ltr'><strong>notrum,</strong></span> <span class='ocrx_word' id='word_1_28' title='bbox 897 791 1009 869; x_wconf 88' lang='lat' dir='ltr'><strong>postea</strong></span> <span class='ocrx_word' id='word_1_29' title='bbox 1028 804 1122 869; x_wconf 89' lang='lat' dir='ltr'><strong>quam</strong></span> <span class='ocrx_word' id='word_1_30' title='bbox 1140 787 1266 851; x_wconf 81' lang='lat' dir='ltr'><strong>Pascha</strong></span> <span class='ocrx_word' id='word_1_31' title='bbox 1284 789 1425 851; x_wconf 90' lang='lat' dir='ltr'><strong>nostmm</strong></span> 
     </span>
     <span class='ocr_line' id='line_1_5' title="bbox 281 893 1424 977; baseline -0.002 -18"><span class='ocrx_word' id='word_1_32' title='bbox 281 896 466 961; x_wconf 90' lang='lat' dir='ltr'><strong>immolatus</strong></span> <span class='ocrx_word' id='word_1_33' title='bbox 491 900 540 960; x_wconf 91' lang='lat' dir='ltr'><strong>est</strong></span> <span class='ocrx_word' id='word_1_34' title='bbox 564 893 721 972; x_wconf 82' lang='lat' dir='ltr'><strong>Christus,</strong></span> <span class='ocrx_word' id='word_1_35' title='bbox 747 894 1032 977; x_wconf 84' lang='lat' dir='ltr'>quinquagensimo</span> <span class='ocrx_word' id='word_1_36' title='bbox 1057 894 1108 957; x_wconf 91' lang='lat' dir='ltr'><strong>die</strong></span> <span class='ocrx_word' id='word_1_37' title='bbox 1131 893 1255 958; x_wconf 91' lang='lat' dir='ltr'><strong>ueniret</strong></span> <span class='ocrx_word' id='word_1_38' title='bbox 1279 893 1317 957; x_wconf 90' lang='lat' dir='ltr'><strong>de</strong></span> <span class='ocrx_word' id='word_1_39' title='bbox 1341 894 1424 957; x_wconf 89' lang='lat' dir='ltr'><strong>caelo</strong></span> 
     </span>
     <span class='ocr_line' id='line_1_6' title="bbox 281 999 1464 1086; baseline -0.008 -18"><span class='ocrx_word' id='word_1_40' title='bbox 281 1003 419 1086; x_wconf 78' lang='lat' dir='ltr'><strong>Spiritus</strong></span> <span class='ocrx_word' id='word_1_41' title='bbox 446 1005 586 1079; x_wconf 81' lang='lat' dir='ltr'><strong>sanctus,</strong></span> <span class='ocrx_word' id='word_1_42' title='bbox 617 1002 671 1083; x_wconf 89' lang='lat' dir='ltr'><strong>qui</strong></span> <span class='ocrx_word' id='word_1_43' title='bbox 700 1000 804 1065; x_wconf 89' lang='lat' dir='ltr'><strong>dictus</strong></span> <span class='ocrx_word' id='word_1_44' title='bbox 829 1004 878 1065; x_wconf 92' lang='lat' dir='ltr'><strong>est</strong></span> <span class='ocrx_word' id='word_1_45' title='bbox 907 1001 937 1064; x_wconf 95' lang='lat' dir='ltr'><strong>in</strong></span> <span class='ocrx_word' id='word_1_46' title='bbox 963 999 1128 1083; x_wconf 84' lang='lat' dir='ltr'><strong>euangelio</strong></span> <span class='ocrx_word' id='word_1_47' title='bbox 1152 1000 1274 1085; x_wconf 79' lang='lat' dir='ltr'><strong>digitus</strong></span> <span class='ocrx_word' id='word_1_48' title='bbox 1298 999 1367 1075; x_wconf 78' lang='lat' dir='ltr'><strong>Dei,</strong></span> <span class='ocrx_word' id='word_1_49' title='bbox 1391 1002 1426 1062; x_wconf 90' lang='lat' dir='ltr'><strong>ut</strong></span> <span class='ocrx_word' id='word_1_50' title='bbox 1453 1019 1464 1057; x_wconf 77' lang='lat' dir='ltr'><strong>a</strong></span> 
     </span>
     <span class='ocr_line' id='line_1_7' title="bbox 280 1106 1425 1191; baseline -0.005 -18"><span class='ocrx_word' id='word_1_51' title='bbox 280 1108 530 1174; x_wconf 75' lang='lat' dir='ltr'><strong>recordationem</strong></span> <span class='ocrx_word' id='word_1_52' title='bbox 558 1111 698 1172; x_wconf 86' lang='lat' dir='ltr'><strong>nostram</strong></span> <span class='ocrx_word' id='word_1_53' title='bbox 726 1107 757 1171; x_wconf 93' lang='lat' dir='ltr'><strong>in</strong></span> <span class='ocrx_word' id='word_1_54' title='bbox 786 1107 880 1190; x_wconf 91' lang='lat' dir='ltr'><strong>primi</strong></span> <span class='ocrx_word' id='word_1_55' title='bbox 908 1106 1111 1191; x_wconf 88' lang='lat' dir='ltr'><strong>praefigurati</strong></span> <span class='ocrx_word' id='word_1_56' title='bbox 1138 1108 1215 1171; x_wconf 87' lang='lat' dir='ltr'><strong>faeti</strong></span> <span class='ocrx_word' id='word_1_57' title='bbox 1242 1106 1425 1171; x_wconf 85' lang='lat' dir='ltr'><strong>memoriam</strong></span> 
     </span>
     <span class='ocr_line' id='line_1_8' title="bbox 282 1213 1426 1299; baseline -0.006 -18"><span class='ocrx_word' id='word_1_58' title='bbox 282 1220 456 1290; x_wconf 82' lang='lat' dir='ltr'><strong>reuocaret,</strong></span> <span class='ocrx_word' id='word_1_59' title='bbox 494 1215 569 1298; x_wconf 89' lang='lat' dir='ltr'><strong>quia</strong></span> <span class='ocrx_word' id='word_1_60' title='bbox 606 1219 638 1279; x_wconf 90' lang='lat' dir='ltr'><strong>et</strong></span> <span class='ocrx_word' id='word_1_61' title='bbox 673 1215 756 1299; x_wconf 85' lang='lat' dir='ltr'><strong>legis</strong></span> <span class='ocrx_word' id='word_1_62' title='bbox 793 1214 868 1279; x_wconf 89' lang='lat' dir='ltr'><strong>illae</strong></span> <span class='ocrx_word' id='word_1_63' title='bbox 901 1215 1029 1279; x_wconf 88' lang='lat' dir='ltr'><strong>tabulae</strong></span> <span class='ocrx_word' id='word_1_64' title='bbox 1065 1215 1165 1298; x_wconf 78' lang='lat' dir='ltr'><strong>digito</strong></span> <span class='ocrx_word' id='word_1_65' title='bbox 1198 1215 1259 1279; x_wconf 90' lang='lat' dir='ltr'><strong>Dei</strong></span> <span class='ocrx_word' id='word_1_66' title='bbox 1292 1213 1426 1296; x_wconf 88' lang='lat' dir='ltr'><strong>scriptae</strong></span> 
     </span>
     <span class='ocr_line' id='line_1_9' title="bbox 281 1323 468 1386; baseline -0.005 0"><span class='ocrx_word' id='word_1_67' title='bbox 281 1323 468 1386; x_wconf 87' lang='lat' dir='ltr'><strong>referuntur.</strong></span> 
     </span>
    </p>

    <p class='ocr_par' dir='ltr' id='par_1_3' title="bbox 282 1426 1465 2043">
     <span class='ocr_line' id='line_1_10' title="bbox 327 1426 1426 1511; baseline -0.001 -19"><span class='ocrx_word' id='word_1_68' title='bbox 327 1428 484 1493; x_wconf 85' lang='lat' dir='ltr'><strong>Defuncto</strong></span> <span class='ocrx_word' id='word_1_69' title='bbox 517 1428 628 1511; x_wconf 82' lang='lat' dir='ltr'><strong>Moyse</strong></span> <span class='ocrx_word' id='word_1_70' title='bbox 660 1428 817 1509; x_wconf 91' lang='lat' dir='ltr'><strong>populum</strong></span> <span class='ocrx_word' id='word_1_71' title='bbox 848 1427 928 1490; x_wconf 84' lang='lat' dir='ltr'><strong>rexit</strong></span> <span class='ocrx_word' id='word_1_72' title='bbox 956 1427 1048 1492; x_wconf 91' lang='lat' dir='ltr'><strong>Iesus</strong></span> <span class='ocrx_word' id='word_1_73' title='bbox 1077 1426 1167 1491; x_wconf 85' lang='lat' dir='ltr'><strong>Naue</strong></span> <span class='ocrx_word' id='word_1_74' title='bbox 1198 1430 1230 1491; x_wconf 88' lang='lat' dir='ltr'><strong>et</strong></span> <span class='ocrx_word' id='word_1_75' title='bbox 1257 1428 1288 1492; x_wconf 95' lang='lat' dir='ltr'><strong>in</strong></span> <span class='ocrx_word' id='word_1_76' title='bbox 1312 1432 1426 1493; x_wconf 92' lang='lat' dir='ltr'><strong>terram</strong></span> 
     </span>
     <span class='ocr_line' id='line_1_11' title="bbox 282 1532 1465 1617; baseline 0.002 -20"><span class='ocrx_word' id='word_1_77' title='bbox 282 1535 503 1615; x_wconf 87' lang='lat' dir='ltr'><strong>promissionis</strong></span> <span class='ocrx_word' id='word_1_78' title='bbox 526 1534 701 1599; x_wconf 79' lang='lat' dir='ltr'><strong>introduxit</strong></span> <span class='ocrx_word' id='word_1_79' title='bbox 724 1553 857 1616; x_wconf 90' lang='lat' dir='ltr'><strong>eamque</strong></span> <span class='ocrx_word' id='word_1_80' title='bbox 880 1536 999 1617; x_wconf 91' lang='lat' dir='ltr'><strong>populo</strong></span> <span class='ocrx_word' id='word_1_81' title='bbox 1020 1532 1142 1599; x_wconf 89' lang='lat' dir='ltr'><strong>diuisit.</strong></span> <span class='ocrx_word' id='word_1_82' title='bbox 1161 1534 1209 1598; x_wconf 86' lang='lat' dir='ltr'><strong>Ab</strong></span> <span class='ocrx_word' id='word_1_83' title='bbox 1234 1534 1285 1599; x_wconf 93' lang='lat' dir='ltr'><strong>his</strong></span> <span class='ocrx_word' id='word_1_84' title='bbox 1305 1535 1427 1599; x_wconf 90' lang='lat' dir='ltr'><strong>duobus</strong></span> <span class='ocrx_word' id='word_1_85' title='bbox 1443 1553 1465 1592; x_wconf 77' lang='grc' dir='ltr'><strong>ιο</strong></span> 
     </span>
     <span class='ocr_line' id='line_1_12' title="bbox 282 1640 1429 1722; baseline 0.001 -18"><span class='ocrx_word' id='word_1_86' title='bbox 282 1641 482 1705; x_wconf 89' lang='lat' dir='ltr'><strong>mirabilibus</strong></span> <span class='ocrx_word' id='word_1_87' title='bbox 517 1642 651 1707; x_wconf 87' lang='lat' dir='ltr'><strong>ducibus</strong></span> <span class='ocrx_word' id='word_1_88' title='bbox 688 1640 773 1705; x_wconf 87' lang='lat' dir='ltr'><strong>bella</strong></span> <span class='ocrx_word' id='word_1_89' title='bbox 804 1642 898 1705; x_wconf 89' lang='lat' dir='ltr'><strong>etiam</strong></span> <span class='ocrx_word' id='word_1_90' title='bbox 931 1642 1141 1722; x_wconf 90' lang='lat' dir='ltr'><strong>prosperrime</strong></span> <span class='ocrx_word' id='word_1_91' title='bbox 1175 1660 1211 1705; x_wconf 89' lang='lat' dir='ltr'><strong>ac</strong></span> <span class='ocrx_word' id='word_1_92' title='bbox 1243 1642 1429 1705; x_wconf 88' lang='lat' dir='ltr'><strong>mirabiliter</strong></span> 
     </span>
     <span class='ocr_line' id='line_1_13' title="bbox 283 1746 1428 1831; baseline 0 -20"><span class='ocrx_word' id='word_1_93' title='bbox 283 1751 375 1831; x_wconf 87' lang='lat' dir='ltr'><strong>gesta</strong></span> <span class='ocrx_word' id='word_1_94' title='bbox 402 1751 486 1824; x_wconf 82' lang='lat' dir='ltr'><strong>sunt,</strong></span> <span class='ocrx_word' id='word_1_95' title='bbox 511 1747 578 1812; x_wconf 91' lang='lat' dir='ltr'><strong>Deo</strong></span> <span class='ocrx_word' id='word_1_96' title='bbox 607 1751 804 1812; x_wconf 87' lang='lat' dir='ltr'><strong>contestante</strong></span> <span class='ocrx_word' id='word_1_97' title='bbox 832 1766 893 1811; x_wconf 94' lang='lat' dir='ltr'><strong>non</strong></span> <span class='ocrx_word' id='word_1_98' title='bbox 917 1750 983 1810; x_wconf 90' lang='lat' dir='ltr'><strong>tam</strong></span> <span class='ocrx_word' id='word_1_99' title='bbox 1008 1750 1135 1828; x_wconf 92' lang='lat' dir='ltr'><strong>propter</strong></span> <span class='ocrx_word' id='word_1_100' title='bbox 1157 1746 1270 1810; x_wconf 89' lang='lat' dir='ltr'><strong>merita</strong></span> <span class='ocrx_word' id='word_1_101' title='bbox 1293 1747 1428 1812; x_wconf 88' lang='lat' dir='ltr'><strong>Hebraei</strong></span> 
     </span>
     <span class='ocr_line' id='line_1_14' title="bbox 283 1853 1427 1937; baseline 0 -19"><span class='ocrx_word' id='word_1_102' title='bbox 283 1854 393 1936; x_wconf 93' lang='lat' dir='ltr'><strong>populi</strong></span> <span class='ocrx_word' id='word_1_103' title='bbox 435 1874 529 1936; x_wconf 88' lang='lat' dir='ltr'><strong>quarn</strong></span> <span class='ocrx_word' id='word_1_104' title='bbox 571 1857 698 1937; x_wconf 90' lang='lat' dir='ltr'><strong>propter</strong></span> <span class='ocrx_word' id='word_1_105' title='bbox 734 1858 864 1936; x_wconf 87' lang='lat' dir='ltr'><strong>peccata</strong></span> <span class='ocrx_word' id='word_1_106' title='bbox 903 1872 1020 1927; x_wconf 85' lang='lat' dir='ltr'><strong>earum,</strong></span> <span class='ocrx_word' id='word_1_107' title='bbox 1064 1872 1144 1935; x_wconf 88' lang='lat' dir='ltr'><strong>quae</strong></span> <span class='ocrx_word' id='word_1_108' title='bbox 1181 1853 1427 1931; x_wconf 82' lang='lat' dir='ltr'><strong>debellabantur,</strong></span> 
     </span>
     <span class='ocr_line' id='line_1_15' title="bbox 285 1960 1427 2043; baseline 0.002 -20"><span class='ocrx_word' id='word_1_109' title='bbox 285 1960 427 2043; x_wconf 86' lang='lat' dir='ltr'><strong>gentium</strong></span> <span class='ocrx_word' id='word_1_110' title='bbox 451 1961 523 2024; x_wconf 86' lang='lat' dir='ltr'><strong>illas</strong></span> <span class='ocrx_word' id='word_1_111' title='bbox 544 1961 589 2024; x_wconf 91' lang='lat' dir='ltr'><strong>eis</strong></span> <span class='ocrx_word' id='word_1_112' title='bbox 608 1960 794 2043; x_wconf 88' lang='lat' dir='ltr'><strong>prouenisse</strong></span> <span class='ocrx_word' id='word_1_113' title='bbox 814 1960 976 2025; x_wconf 88' lang='lat' dir='ltr'><strong>uictorias.</strong></span> <span class='ocrx_word' id='word_1_114' title='bbox 995 1960 1075 2024; x_wconf 85' lang='lat' dir='ltr'><strong>Post</strong></span> <span class='ocrx_word' id='word_1_115' title='bbox 1093 1960 1172 2025; x_wconf 90' lang='lat' dir='ltr'><strong>istos</strong></span> <span class='ocrx_word' id='word_1_116' title='bbox 1193 1960 1289 2025; x_wconf 91' lang='lat' dir='ltr'><strong>duces</strong></span> <span class='ocrx_word' id='word_1_117' title='bbox 1308 1961 1427 2026; x_wconf 85' lang='lat' dir='ltr'><strong>iudices</strong></span> 
     </span>
    </p>
   </div>
   <div class='ocr_carea' id='block_1_3' title="bbox 284 2065 1560 2149">
    <p class='ocr_par' dir='ltr' id='par_1_4' title="bbox 284 2065 1560 2149">
     <span class='ocr_line' id='line_1_16' title="bbox 284 2065 1560 2149; baseline -0.005 -19"><span class='ocrx_word' id='word_1_118' title='bbox 284 2068 421 2140; x_wconf 77' lang='lat' dir='ltr'><strong>luerunt,</strong></span> <span class='ocrx_word' id='word_1_119' title='bbox 449 2066 513 2129; x_wconf 90' lang='lat' dir='ltr'><strong>iam</strong></span> <span class='ocrx_word' id='word_1_120' title='bbox 541 2066 572 2129; x_wconf 91' lang='lat' dir='ltr'><strong>iu</strong></span> <span class='ocrx_word' id='word_1_121' title='bbox 602 2070 685 2130; x_wconf 85' lang='lat' dir='ltr'><strong>terra</strong></span> <span class='ocrx_word' id='word_1_122' title='bbox 706 2065 927 2148; x_wconf 87' lang='lat' dir='ltr'><strong>promissionis</strong></span> <span class='ocrx_word' id='word_1_123' title='bbox 951 2067 1068 2149; x_wconf 89' lang='lat' dir='ltr'><strong>populo</strong></span> <span class='ocrx_word' id='word_1_124' title='bbox 1094 2065 1269 2145; x_wconf 87' lang='lat' dir='ltr'><strong>conlocato,</strong></span> <span class='ocrx_word' id='word_1_125' title='bbox 1295 2072 1332 2131; x_wconf 92' lang='lat' dir='ltr'><strong>ut</strong></span> <span class='ocrx_word' id='word_1_126' title='bbox 1355 2068 1426 2133; x_wconf 89' lang='lat' dir='ltr'><strong>inci·</strong></span> <span class='ocrx_word' id='word_1_127' title='bbox 1445 2086 1467 2125; x_wconf 81' lang='lat' dir='ltr'><strong>u</strong></span> <span class='ocrx_word' id='word_1_128' title='bbox 1559 2072 1560 2077; x_wconf 76' lang='grc'>’</span> 
     </span>
    </p>
   </div>
   <div class='ocr_carea' id='block_1_4' title="bbox 283 2171 1471 3536">
    <p class='ocr_par' dir='ltr' id='par_1_5' title="bbox 283 2171 1471 3536">
     <span class='ocr_line' id='line_1_17' title="bbox 283 2171 1426 2257; baseline 0.003 -21"><span class='ocrx_word' id='word_1_129' title='bbox 283 2178 372 2253; x_wconf 92' lang='lat' dir='ltr'><strong>peret</strong></span> <span class='ocrx_word' id='word_1_130' title='bbox 404 2174 530 2238; x_wconf 91' lang='lat' dir='ltr'><strong>iuterim</strong></span> <span class='ocrx_word' id='word_1_131' title='bbox 562 2173 652 2237; x_wconf 92' lang='lat' dir='ltr'><strong>reddi</strong></span> <span class='ocrx_word' id='word_1_132' title='bbox 680 2171 824 2237; x_wconf 88' lang='lat' dir='ltr'><strong>Abrahae</strong></span> <span class='ocrx_word' id='word_1_133' title='bbox 851 2173 953 2255; x_wconf 89' lang='lat' dir='ltr'><strong>prima</strong></span> <span class='ocrx_word' id='word_1_134' title='bbox 980 2172 1149 2255; x_wconf 86' lang='lat' dir='ltr'><strong>promissio</strong></span> <span class='ocrx_word' id='word_1_135' title='bbox 1179 2172 1218 2237; x_wconf 92' lang='lat' dir='ltr'><strong>de</strong></span> <span class='ocrx_word' id='word_1_136' title='bbox 1242 2177 1334 2257; x_wconf 89' lang='lat' dir='ltr'><strong>geute</strong></span> <span class='ocrx_word' id='word_1_137' title='bbox 1357 2195 1426 2254; x_wconf 87' lang='lat' dir='ltr'><strong>uua,</strong></span> 
     </span>
     <span class='ocr_line' id='line_1_18' title="bbox 284 2278 1428 2364; baseline 0.003 -22"><span class='ocrx_word' id='word_1_138' title='bbox 284 2279 317 2342; x_wconf 93' lang='lat' dir='ltr'><strong>id</strong></span> <span class='ocrx_word' id='word_1_139' title='bbox 341 2284 390 2343; x_wconf 92' lang='lat' dir='ltr'><strong>est</strong></span> <span class='ocrx_word' id='word_1_140' title='bbox 411 2280 565 2355; x_wconf 83' lang='lat' dir='ltr'><strong>Hebraea,</strong></span> <span class='ocrx_word' id='word_1_141' title='bbox 591 2282 623 2344; x_wconf 92' lang='lat' dir='ltr'><strong>et</strong></span> <span class='ocrx_word' id='word_1_142' title='bbox 645 2284 729 2343; x_wconf 89' lang='lat' dir='ltr'><strong>terra</strong></span> <span class='ocrx_word' id='word_1_143' title='bbox 752 2278 909 2359; x_wconf 69' lang='lat' dir='ltr'><strong>dhanane,</strong></span> <span class='ocrx_word' id='word_1_144' title='bbox 933 2278 1073 2343; x_wconf 91' lang='lat' dir='ltr'><strong>nondum</strong></span> <span class='ocrx_word' id='word_1_145' title='bbox 1097 2278 1135 2342; x_wconf 93' lang='lat' dir='ltr'><strong>de</strong></span> <span class='ocrx_word' id='word_1_146' title='bbox 1160 2280 1305 2343; x_wconf 92' lang='lat' dir='ltr'><strong>omnibus</strong></span> <span class='ocrx_word' id='word_1_147' title='bbox 1331 2282 1428 2364; x_wconf 83' lang='lat' dir='ltr'><strong>genti-</strong></span> 
     </span>
     <span class='ocr_line' id='line_1_19' title="bbox 284 2384 1427 2467; baseline 0.004 -19"><span class='ocrx_word' id='word_1_148' title='bbox 284 2386 344 2449; x_wconf 92' lang='lat' dir='ltr'><strong>bus</strong></span> <span class='ocrx_word' id='word_1_149' title='bbox 378 2390 410 2449; x_wconf 91' lang='lat' dir='ltr'><strong>et</strong></span> <span class='ocrx_word' id='word_1_150' title='bbox 441 2390 509 2451; x_wconf 88' lang='lat' dir='ltr'><strong>toto</strong></span> <span class='ocrx_word' id='word_1_151' title='bbox 539 2388 612 2451; x_wconf 91' lang='lat' dir='ltr'><strong>orbe</strong></span> <span class='ocrx_word' id='word_1_152' title='bbox 640 2390 809 2459; x_wconf 68' lang='lat' dir='ltr'><strong>terrerum</strong></span> <span class='ocrx_word' id='word_1_153' title='bbox 840 2386 924 2467; x_wconf 92' lang='lat' dir='ltr'><strong>quod</strong></span> <span class='ocrx_word' id='word_1_154' title='bbox 954 2384 1072 2450; x_wconf 82' lang='lat' dir='ltr'><strong>Christi</strong></span> <span class='ocrx_word' id='word_1_155' title='bbox 1101 2384 1257 2450; x_wconf 86' lang='lat' dir='ltr'><strong>aduentus</strong></span> <span class='ocrx_word' id='word_1_156' title='bbox 1281 2386 1314 2451; x_wconf 94' lang='lat' dir='ltr'><strong>in</strong></span> <span class='ocrx_word' id='word_1_157' title='bbox 1339 2407 1427 2454; x_wconf 86' lang='lat' dir='ltr'><strong>carne</strong></span> 
     </span>
     <span class='ocr_line' id='line_1_20' title="bbox 285 2492 1430 2577; baseline 0.003 -22"><span class='ocrx_word' id='word_1_158' title='bbox 285 2495 318 2555; x_wconf 91' lang='lat' dir='ltr'><strong>et</strong></span> <span class='ocrx_word' id='word_1_159' title='bbox 344 2512 403 2557; x_wconf 93' lang='lat' dir='ltr'><strong>non</strong></span> <span class='ocrx_word' id='word_1_160' title='bbox 433 2494 551 2557; x_wconf 89' lang='lat' dir='ltr'><strong>ueteris</strong></span> <span class='ocrx_word' id='word_1_161' title='bbox 580 2493 661 2576; x_wconf 84' lang='lat' dir='ltr'><strong>legis</strong></span> <span class='ocrx_word' id='word_1_162' title='bbox 690 2493 938 2567; x_wconf 78' lang='lat' dir='ltr'><strong>obseruationes,</strong></span> <span class='ocrx_word' id='word_1_163' title='bbox 969 2492 1025 2555; x_wconf 90' lang='lat' dir='ltr'><strong>sed</strong></span> <span class='ocrx_word' id='word_1_164' title='bbox 1048 2493 1207 2577; x_wconf 85' lang='lat' dir='ltr'><strong>euangelii</strong></span> <span class='ocrx_word' id='word_1_165' title='bbox 1226 2493 1304 2557; x_wconf 90' lang='lat' dir='ltr'><strong>fides</strong></span> <span class='ocrx_word' id='word_1_166' title='bbox 1328 2494 1430 2559; x_wconf 79' lang='lat' dir='ltr'><strong>irrorat</strong></span> 
     </span>
     <span class='ocr_line' id='line_1_21' title="bbox 284 2599 1469 2685; baseline 0.004 -24"><span class='ocrx_word' id='word_1_167' title='bbox 284 2599 452 2680; x_wconf 89' lang='lat' dir='ltr'><strong>inpletura.</strong></span> <span class='ocrx_word' id='word_1_168' title='bbox 477 2599 576 2665; x_wconf 80' lang='lat' dir='ltr'><strong>Cuius</strong></span> <span class='ocrx_word' id='word_1_169' title='bbox 599 2600 644 2663; x_wconf 88' lang='lat' dir='ltr'><strong>rei</strong></span> <span class='ocrx_word' id='word_1_170' title='bbox 667 2600 889 2685; x_wconf 85' lang='lat' dir='ltr'><strong>praefiguratio</strong></span> <span class='ocrx_word' id='word_1_171' title='bbox 908 2600 993 2664; x_wconf 87' lang='lat' dir='ltr'><strong>iacta</strong></span> <span class='ocrx_word' id='word_1_172' title='bbox 1017 2602 1075 2675; x_wconf 81' lang='lat' dir='ltr'><strong>est,</strong></span> <span class='ocrx_word' id='word_1_173' title='bbox 1101 2599 1186 2682; x_wconf 89' lang='lat' dir='ltr'><strong>qued</strong></span> <span class='ocrx_word' id='word_1_174' title='bbox 1209 2619 1270 2664; x_wconf 91' lang='lat' dir='ltr'><strong>non</strong></span> <span class='ocrx_word' id='word_1_175' title='bbox 1290 2600 1428 2683; x_wconf 77' lang='lat' dir='ltr'><strong>Moyses,</strong></span> <span class='ocrx_word' id='word_1_176' title='bbox 1445 2616 1469 2655; x_wconf 60' lang='grc' dir='ltr'><strong><em>ω</em></strong></span> 
     </span>
     <span class='ocr_line' id='line_1_22' title="bbox 286 2705 1430 2791; baseline 0.002 -22"><span class='ocrx_word' id='word_1_177' title='bbox 286 2707 340 2787; x_wconf 88' lang='lat' dir='ltr'><strong>qui</strong></span> <span class='ocrx_word' id='word_1_178' title='bbox 371 2706 475 2791; x_wconf 84' lang='lat' dir='ltr'><strong>legem</strong></span> <span class='ocrx_word' id='word_1_179' title='bbox 507 2705 626 2787; x_wconf 94' lang='lat' dir='ltr'><strong>populo</strong></span> <span class='ocrx_word' id='word_1_180' title='bbox 661 2708 825 2788; x_wconf 86' lang='lat' dir='ltr'><strong>acceperat</strong></span> <span class='ocrx_word' id='word_1_181' title='bbox 852 2706 882 2769; x_wconf 92' lang='lat' dir='ltr'><strong>in</strong></span> <span class='ocrx_word' id='word_1_182' title='bbox 911 2710 1019 2771; x_wconf 89' lang='lat' dir='ltr'><strong>monte</strong></span> <span class='ocrx_word' id='word_1_183' title='bbox 1049 2706 1134 2783; x_wconf 84' lang='lat' dir='ltr'><strong>Sina,</strong></span> <span class='ocrx_word' id='word_1_184' title='bbox 1163 2706 1218 2770; x_wconf 88' lang='lat' dir='ltr'><strong>sed</strong></span> <span class='ocrx_word' id='word_1_185' title='bbox 1246 2708 1350 2785; x_wconf 92' lang='lat' dir='ltr'><strong>Iesus,</strong></span> <span class='ocrx_word' id='word_1_186' title='bbox 1378 2709 1430 2771; x_wconf 90' lang='lat' dir='ltr'><strong>oui</strong></span> 
     </span>
     <span class='ocr_line' id='line_1_23' title="bbox 286 2812 1430 2893; baseline 0.001 -17"><span class='ocrx_word' id='word_1_187' title='bbox 286 2813 382 2876; x_wconf 87' lang='lat' dir='ltr'><strong>etiarn</strong></span> <span class='ocrx_word' id='word_1_188' title='bbox 405 2831 518 2876; x_wconf 90' lang='lat' dir='ltr'><strong>nornen</strong></span> <span class='ocrx_word' id='word_1_189' title='bbox 541 2812 609 2874; x_wconf 89' lang='lat' dir='ltr'><strong>Deo</strong></span> <span class='ocrx_word' id='word_1_190' title='bbox 632 2812 846 2893; x_wconf 89' lang='lat' dir='ltr'><strong>praecipiente</strong></span> <span class='ocrx_word' id='word_1_191' title='bbox 871 2816 1030 2877; x_wconf 91' lang='lat' dir='ltr'><strong>mutatum</strong></span> <span class='ocrx_word' id='word_1_192' title='bbox 1050 2813 1154 2877; x_wconf 89' lang='lat' dir='ltr'><strong>fuerat</strong></span> <span class='ocrx_word' id='word_1_193' title='bbox 1172 2817 1209 2877; x_wconf 90' lang='lat' dir='ltr'><strong>ut</strong></span> <span class='ocrx_word' id='word_1_194' title='bbox 1227 2813 1318 2878; x_wconf 87' lang='lat' dir='ltr'><strong>lesus</strong></span> <span class='ocrx_word' id='word_1_195' title='bbox 1338 2833 1430 2879; x_wconf 88' lang='lat' dir='ltr'><strong>uoca-</strong></span> 
     </span>
     <span class='ocr_line' id='line_1_24' title="bbox 284 2918 1430 3003; baseline 0.003 -20"><span class='ocrx_word' id='word_1_196' title='bbox 284 2922 381 2996; x_wconf 87' lang='lat' dir='ltr'><strong>retur,</strong></span> <span class='ocrx_word' id='word_1_197' title='bbox 413 2918 568 3001; x_wconf 91' lang='lat' dir='ltr'><strong>populum</strong></span> <span class='ocrx_word' id='word_1_198' title='bbox 600 2918 632 2980; x_wconf 90' lang='lat' dir='ltr'><strong>in</strong></span> <span class='ocrx_word' id='word_1_199' title='bbox 664 2922 780 2981; x_wconf 88' lang='lat' dir='ltr'><strong>terram</strong></span> <span class='ocrx_word' id='word_1_200' title='bbox 808 2918 1029 3001; x_wconf 89' lang='lat' dir='ltr'><strong>promissionis</strong></span> <span class='ocrx_word' id='word_1_201' title='bbox 1057 2919 1190 2985; x_wconf 81' lang='lat' dir='ltr'><strong>induxit.</strong></span> <span class='ocrx_word' id='word_1_202' title='bbox 1220 2920 1430 3003; x_wconf 88' lang='lat' dir='ltr'><strong>Temporibus</strong></span> 
     </span>
     <span class='ocr_line' id='line_1_25' title="bbox 286 3025 1431 3109; baseline 0.001 -19"><span class='ocrx_word' id='word_1_203' title='bbox 286 3028 392 3090; x_wconf 91' lang='lat' dir='ltr'><strong>autem</strong></span> <span class='ocrx_word' id='word_1_204' title='bbox 416 3025 569 3102; x_wconf 82' lang='lat' dir='ltr'><strong>iudicum,</strong></span> <span class='ocrx_word' id='word_1_205' title='bbox 594 3025 679 3089; x_wconf 89' lang='lat' dir='ltr'><strong>sicut</strong></span> <span class='ocrx_word' id='word_1_206' title='bbox 702 3044 735 3089; x_wconf 92' lang='lat' dir='ltr'><strong>se</strong></span> <span class='ocrx_word' id='word_1_207' title='bbox 755 3025 914 3090; x_wconf 87' lang='lat' dir='ltr'><strong>habebant</strong></span> <span class='ocrx_word' id='word_1_208' title='bbox 933 3030 965 3090; x_wconf 91' lang='lat' dir='ltr'><strong>et</strong></span> <span class='ocrx_word' id='word_1_209' title='bbox 982 3030 1114 3109; x_wconf 88' lang='lat' dir='ltr'><strong>peccata</strong></span> <span class='ocrx_word' id='word_1_210' title='bbox 1130 3027 1241 3109; x_wconf 93' lang='lat' dir='ltr'><strong>populi</strong></span> <span class='ocrx_word' id='word_1_211' title='bbox 1261 3030 1293 3091; x_wconf 92' lang='lat' dir='ltr'><strong>et</strong></span> <span class='ocrx_word' id='word_1_212' title='bbox 1310 3028 1431 3093; x_wconf 87' lang='lat' dir='ltr'><strong>miseri-</strong></span> 
     </span>
     <span class='ocr_line' id='line_1_26' title="bbox 286 3132 1471 3215; baseline 0 -20"><span class='ocrx_word' id='word_1_213' title='bbox 286 3132 392 3195; x_wconf 87' lang='lat' dir='ltr'><strong>cordia</strong></span> <span class='ocrx_word' id='word_1_214' title='bbox 414 3132 483 3206; x_wconf 93' lang='lat' dir='ltr'><strong>Dei,</strong></span> <span class='ocrx_word' id='word_1_215' title='bbox 508 3132 743 3196; x_wconf 86' lang='lat' dir='ltr'><strong>altemauerunt</strong></span> <span class='ocrx_word' id='word_1_216' title='bbox 764 3152 915 3215; x_wconf 89' lang='lat' dir='ltr'><strong>prospera</strong></span> <span class='ocrx_word' id='word_1_217' title='bbox 938 3136 969 3197; x_wconf 92' lang='lat' dir='ltr'><strong>et</strong></span> <span class='ocrx_word' id='word_1_218' title='bbox 992 3133 1126 3197; x_wconf 89' lang='lat' dir='ltr'><strong>aduersa</strong></span> <span class='ocrx_word' id='word_1_219' title='bbox 1148 3132 1314 3200; x_wconf 89' lang='lat' dir='ltr'><strong>bellorum.</strong></span> <span class='ocrx_word' id='word_1_220' title='bbox 1448 3144 1471 3185; x_wconf 80' lang='lat'><strong>2⁵</strong></span> 
     </span>
     <span class='ocr_line' id='line_1_27' title="bbox 330 3238 1431 3323; baseline 0.003 -22"><span class='ocrx_word' id='word_1_221' title='bbox 330 3238 407 3302; x_wconf 93' lang='lat' dir='ltr'><strong>Inde</strong></span> <span class='ocrx_word' id='word_1_222' title='bbox 442 3243 575 3303; x_wconf 91' lang='lat' dir='ltr'><strong>uentum</strong></span> <span class='ocrx_word' id='word_1_223' title='bbox 614 3242 665 3303; x_wconf 88' lang='lat' dir='ltr'><strong>ast</strong></span> <span class='ocrx_word' id='word_1_224' title='bbox 699 3239 739 3302; x_wconf 89' lang='lat' dir='ltr'><strong>ad</strong></span> <span class='ocrx_word' id='word_1_225' title='bbox 780 3258 891 3323; x_wconf 85' lang='lat' dir='ltr'><strong>regum</strong></span> <span class='ocrx_word' id='word_1_226' title='bbox 934 3243 1089 3321; x_wconf 84' lang='lat' dir='ltr'><strong>ternpore,</strong></span> <span class='ocrx_word' id='word_1_227' title='bbox 1133 3258 1265 3321; x_wconf 88' lang='lat' dir='ltr'><strong>quorum</strong></span> <span class='ocrx_word' id='word_1_228' title='bbox 1309 3240 1431 3322; x_wconf 85' lang='lat' dir='ltr'><strong>primus</strong></span> 
     </span>
     <span class='ocr_line' id='line_1_28' title="bbox 285 3344 1431 3429; baseline 0.002 -20"><span class='ocrx_word' id='word_1_229' title='bbox 285 3346 431 3428; x_wconf 83' lang='lat' dir='ltr'><strong>regnauit</strong></span> <span class='ocrx_word' id='word_1_230' title='bbox 453 3344 543 3420; x_wconf 87' lang='lat' dir='ltr'><strong>Saul;</strong></span> <span class='ocrx_word' id='word_1_231' title='bbox 569 3346 619 3409; x_wconf 87' lang='lat' dir='ltr'><strong>cui</strong></span> <span class='ocrx_word' id='word_1_232' title='bbox 642 3346 809 3427; x_wconf 89' lang='lat' dir='ltr'><strong>reprobato</strong></span> <span class='ocrx_word' id='word_1_233' title='bbox 830 3350 862 3409; x_wconf 92' lang='lat' dir='ltr'><strong>et</strong></span> <span class='ocrx_word' id='word_1_234' title='bbox 880 3346 995 3410; x_wconf 87' lang='lat' dir='ltr'><strong>bellica</strong></span> <span class='ocrx_word' id='word_1_235' title='bbox 1014 3346 1101 3410; x_wconf 90' lang='lat' dir='ltr'><strong>clade</strong></span> <span class='ocrx_word' id='word_1_236' title='bbox 1120 3349 1277 3428; x_wconf 86' lang='lat' dir='ltr'><strong>prostrato</strong></span> <span class='ocrx_word' id='word_1_237' title='bbox 1298 3348 1431 3429; x_wconf 91' lang='lat' dir='ltr'><strong>eiusque</strong></span> 
     </span>
     <span class='ocr_line' id='line_1_29' title="bbox 286 3452 1430 3536; baseline -0.001 -20"><span class='ocrx_word' id='word_1_238' title='bbox 286 3452 384 3533; x_wconf 89' lang='lat' dir='ltr'><strong>stirpe</strong></span> <span class='ocrx_word' id='word_1_239' title='bbox 415 3452 542 3526; x_wconf 86' lang='lat' dir='ltr'><strong>reiecta,</strong></span> <span class='ocrx_word' id='word_1_240' title='bbox 574 3471 613 3515; x_wconf 89' lang='lat' dir='ltr'><strong>ne</strong></span> <span class='ocrx_word' id='word_1_241' title='bbox 645 3452 716 3515; x_wconf 90' lang='lat' dir='ltr'><strong>inde</strong></span> <span class='ocrx_word' id='word_1_242' title='bbox 748 3471 838 3536; x_wconf 84' lang='lat' dir='ltr'><strong>reges</strong></span> <span class='ocrx_word' id='word_1_243' title='bbox 872 3456 1042 3529; x_wconf 83' lang='lat' dir='ltr'><strong>orerentur,</strong></span> <span class='ocrx_word' id='word_1_244' title='bbox 1076 3452 1179 3517; x_wconf 92' lang='lat' dir='ltr'><strong>Dauid</strong></span> <span class='ocrx_word' id='word_1_245' title='bbox 1212 3454 1370 3518; x_wconf 86' lang='lat' dir='ltr'><strong>successit</strong></span> <span class='ocrx_word' id='word_1_246' title='bbox 1398 3452 1430 3516; x_wconf 93' lang='lat' dir='ltr'><strong>in</strong></span> 
     </span>
    </p>
   </div>
   <div class='ocr_carea' id='block_1_5' title="bbox 376 3675 1041 3739">
    <p class='ocr_par' dir='ltr' id='par_1_6' title="bbox 376 3675 1041 3739">
     <span class='ocr_line' id='line_1_30' title="bbox 376 3675 1041 3739; baseline 0.002 -10"><span class='ocrx_word' id='word_1_247' title='bbox 376 3679 392 3729; x_wconf 84' lang='lat'><strong>5</strong></span> <span class='ocrx_word' id='word_1_248' title='bbox 410 3676 456 3731; x_wconf 87' lang='lat' dir='ltr'><strong>Le.</strong></span> <span class='ocrx_word' id='word_1_249' title='bbox 477 3676 519 3738; x_wconf 80' lang='lat'><strong>11,</strong></span> <span class='ocrx_word' id='word_1_250' title='bbox 539 3677 574 3731; x_wconf 80' lang='lat'><strong>20</strong></span> <span class='ocrx_word' id='word_1_251' title='bbox 628 3675 746 3729; x_wconf 81' lang='lat' dir='ltr'><strong>&#39;lExod</strong></span> <span class='ocrx_word' id='word_1_252' title='bbox 766 3677 809 3739; x_wconf 84' lang='lat'><strong>31,</strong></span> <span class='ocrx_word' id='word_1_253' title='bbox 831 3676 864 3729; x_wconf 84' lang='lat'><strong>18</strong></span> <span class='ocrx_word' id='word_1_254' title='bbox 919 3676 1006 3729; x_wconf 71' lang='lat'>910³.</span> <span class='ocrx_word' id='word_1_255' title='bbox 1027 3677 1041 3730; x_wconf 96' lang='lat'>1</span> 
     </span>
    </p>
   </div>
   <div class='ocr_carea' id='block_1_6' title="bbox 286 3799 1432 4183">
    <p class='ocr_par' dir='ltr' id='par_1_7' title="bbox 286 3799 1432 4183">
     <span class='ocr_line' id='line_1_31' title="bbox 322 3799 1430 3913; baseline 0.001 -15"><span class='ocrx_word' id='word_1_256' title='bbox 322 3846 401 3899; x_wconf 79' lang='lat' dir='ltr'><strong>cest</strong></span> <span class='ocrx_word' id='word_1_257' title='bbox 420 3860 469 3897; x_wconf 90' lang='lat' dir='ltr'><strong>om.</strong></span> <span class='ocrx_word' id='word_1_258' title='bbox 494 3844 519 3896; x_wconf 89' lang='lat' dir='ltr'><strong><em>V</em></strong></span> <span class='ocrx_word' id='word_1_259' title='bbox 608 3844 699 3896; x_wconf 88' lang='lat' dir='ltr'><strong>uenire</strong></span> <span class='ocrx_word' id='word_1_260' title='bbox 723 3842 750 3895; x_wconf 89' lang='lat' dir='ltr'><em>V</em></span> <span class='ocrx_word' id='word_1_261' title='bbox 837 3799 1105 3913; x_wconf 60' lang='lat' dir='ltr'><strong>sd,i&#39;d&#39;,p¹raefigurati</strong></span> <span class='ocrx_word' id='word_1_262' title='bbox 1130 3844 1156 3897; x_wconf 90' lang='lat' dir='ltr'><em>V</em></span> <span class='ocrx_word' id='word_1_263' title='bbox 1243 3846 1375 3901; x_wconf 84' lang='lat' dir='ltr'><strong>&#39;ltebule</strong></span> <span class='ocrx_word' id='word_1_264' title='bbox 1398 3846 1430 3899; x_wconf 92' lang='lat' dir='ltr'><strong>V¹</strong></span> 
     </span>
     <span class='ocr_line' id='line_1_32' title="bbox 286 3932 1430 4002; baseline 0.001 -16"><span class='ocrx_word' id='word_1_265' title='bbox 286 3934 444 3987; x_wconf 87' lang='lat' dir='ltr'><strong>8leruntur</strong></span> <span class='ocrx_word' id='word_1_266' title='bbox 460 3932 488 4002; x_wconf 79' lang='lat'><strong>9¹</strong></span> <span class='ocrx_word' id='word_1_267' title='bbox 568 3933 601 3986; x_wconf 90' lang='lat'><strong>10</strong></span> <span class='ocrx_word' id='word_1_268' title='bbox 620 3932 726 3985; x_wconf 81' lang='lat' dir='ltr'><strong>induxit</strong></span> <span class='ocrx_word' id='word_1_269' title='bbox 744 3932 963 4001; x_wconf 87' lang='lat' dir='ltr'><strong>promissionise</strong></span> <span class='ocrx_word' id='word_1_270' title='bbox 1042 3935 1072 3986; x_wconf 96' lang='lat' dir='ltr'><strong>ll</strong></span> <span class='ocrx_word' id='word_1_271' title='bbox 1094 3935 1167 3987; x_wconf 89' lang='lat' dir='ltr'><strong>uella</strong></span> <span class='ocrx_word' id='word_1_272' title='bbox 1190 3934 1216 3988; x_wconf 88' lang='lat' dir='ltr'><em>V</em></span> <span class='ocrx_word' id='word_1_273' title='bbox 1286 3936 1320 3989; x_wconf 88' lang='lat'><strong>13</strong></span> <span class='ocrx_word' id='word_1_274' title='bbox 1341 3952 1430 3990; x_wconf 75' lang='lat' dir='ltr'><strong>curram</strong></span> 
     </span>
     <span class='ocr_line' id='line_1_33' title="bbox 286 4021 1432 4094; baseline 0.002 -19"><span class='ocrx_word' id='word_1_275' title='bbox 286 4026 430 4092; x_wconf 82' lang='lat' dir='ltr'><strong>peccatae</strong></span> <span class='ocrx_word' id='word_1_276' title='bbox 521 4023 553 4074; x_wconf 88' lang='lat'><strong>15</strong></span> <span class='ocrx_word' id='word_1_277' title='bbox 573 4021 756 4089; x_wconf 81' lang='lat' dir='ltr'><strong>inciperente</strong></span> <span class='ocrx_word' id='word_1_278' title='bbox 838 4022 871 4074; x_wconf 88' lang='grc'><strong>16</strong></span> <span class='ocrx_word' id='word_1_279' title='bbox 891 4022 1077 4089; x_wconf 88' lang='lat' dir='ltr'><strong>promissionis</strong></span> <span class='ocrx_word' id='word_1_280' title='bbox 1102 4024 1127 4075; x_wconf 97' lang='lat' dir='ltr'><em>V</em></span> <span class='ocrx_word' id='word_1_281' title='bbox 1204 4025 1235 4077; x_wconf 77' lang='lat'><strong>1?</strong></span> <span class='ocrx_word' id='word_1_282' title='bbox 1255 4027 1284 4076; x_wconf 90' lang='lat' dir='ltr'><strong>et</strong></span> <span class='ocrx_word' id='word_1_283' title='bbox 1302 4024 1384 4094; x_wconf 81' lang='lat' dir='ltr'><strong>terra]</strong></span> <span class='ocrx_word' id='word_1_284' title='bbox 1405 4028 1432 4078; x_wconf 89' lang='lat' dir='ltr'><strong>et</strong></span> 
     </span>
     <span class='ocr_line' id='line_1_34' title="bbox 287 4110 1432 4183; baseline 0.002 -19"><span class='ocrx_word' id='word_1_285' title='bbox 287 4114 409 4165; x_wconf 82' lang='lat' dir='ltr'><strong>ceterae</strong></span> <span class='ocrx_word' id='word_1_286' title='bbox 482 4111 514 4163; x_wconf 89' lang='lat'><strong>19</strong></span> <span class='ocrx_word' id='word_1_287' title='bbox 533 4110 603 4177; x_wconf 86' lang='lat' dir='ltr'><strong>legis</strong></span> <span class='ocrx_word' id='word_1_288' title='bbox 623 4111 723 4163; x_wconf 87' lang='lat' dir='ltr'><strong>ueteris</strong></span> <span class='ocrx_word' id='word_1_289' title='bbox 741 4110 930 4163; x_wconf 86' lang='lat' dir='ltr'><strong>obseruatione</strong></span> <span class='ocrx_word' id='word_1_290' title='bbox 950 4128 963 4163; x_wconf 87' lang='lat' dir='ltr'><strong>e</strong></span> <span class='ocrx_word' id='word_1_291' title='bbox 1058 4112 1109 4165; x_wconf 85' lang='lat' dir='ltr'><strong>tide</strong></span> <span class='ocrx_word' id='word_1_292' title='bbox 1129 4128 1142 4165; x_wconf 86' lang='lat' dir='ltr'><strong>e</strong></span> <span class='ocrx_word' id='word_1_293' title='bbox 1213 4112 1246 4165; x_wconf 87' lang='grc'><strong>21</strong></span> <span class='ocrx_word' id='word_1_294' title='bbox 1267 4114 1357 4183; x_wconf 88' lang='lat' dir='ltr'><strong>lesus]</strong></span> <span class='ocrx_word' id='word_1_295' title='bbox 1377 4114 1432 4167; x_wconf 84' lang='lat' dir='ltr'><strong>ise</strong></span> 
     </span>
    </p>
   </div>
   <div class='ocr_carea' id='block_1_7' title="bbox 287 4199 1430 4357">
    <p class='ocr_par' dir='ltr' id='par_1_8' title="bbox 287 4199 1430 4357">
     <span class='ocr_line' id='line_1_35' title="bbox 287 4199 1430 4269; baseline 0 -16"><span class='ocrx_word' id='word_1_296' title='bbox 287 4201 322 4253; x_wconf 84' lang='lat'><strong>24</strong></span> <span class='ocrx_word' id='word_1_297' title='bbox 340 4199 434 4269; x_wconf 92' lang='lat' dir='ltr'><strong>populi</strong></span> <span class='ocrx_word' id='word_1_298' title='bbox 454 4202 565 4267; x_wconf 86' lang='lat' dir='ltr'><strong>peccata</strong></span> <span class='ocrx_word' id='word_1_299' title='bbox 580 4216 598 4268; x_wconf 77' lang='lat' dir='ltr'><strong>p</strong></span> <span class='ocrx_word' id='word_1_300' title='bbox 634 4200 667 4251; x_wconf 82' lang='lat'><strong>27</strong></span> <span class='ocrx_word' id='word_1_301' title='bbox 688 4199 730 4251; x_wconf 90' lang='lat' dir='ltr'><strong>eui</strong></span> <span class='ocrx_word' id='word_1_302' title='bbox 750 4199 966 4268; x_wconf 74' lang='lat' dir='ltr'><strong>Vaepppcf</strong></span> <span class='ocrx_word' id='word_1_303' title='bbox 981 4200 1095 4267; x_wconf 84' lang='lat' dir='ltr'><strong>Domb.‚·</strong></span> <span class='ocrx_word' id='word_1_304' title='bbox 1114 4218 1166 4269; x_wconf 91' lang='lat' dir='ltr'><strong>quo</strong></span> <span class='ocrx_word' id='word_1_305' title='bbox 1188 4202 1228 4255; x_wconf 86' lang='lat' dir='ltr'><strong>bo</strong></span> <span class='ocrx_word' id='word_1_306' title='bbox 1264 4200 1299 4254; x_wconf 81' lang='lat'><strong>28</strong></span> <span class='ocrx_word' id='word_1_307' title='bbox 1315 4201 1430 4256; x_wconf 78' lang='lat' dir='ltr'><strong>eiectat</strong></span> 
     </span>
     <span class='ocr_line' id='line_1_36' title="bbox 287 4287 833 4357; baseline 0 -16"><span class='ocrx_word' id='word_1_308' title='bbox 287 4292 427 4342; x_wconf 88' lang='lat' dir='ltr'><strong>orerentur</strong></span> <span class='ocrx_word' id='word_1_309' title='bbox 451 4287 476 4340; x_wconf 92' lang='lat' dir='ltr'><em>V</em></span> <span class='ocrx_word' id='word_1_310' title='bbox 482 4288 510 4355; x_wconf 77' lang='lat'><strong>9¹</strong></span> <span class='ocrx_word' id='word_1_311' title='bbox 517 4306 528 4353; x_wconf 90' lang='lat'><em>;</em></span> <span class='ocrx_word' id='word_1_312' title='bbox 547 4288 679 4340; x_wconf 85' lang='lat' dir='ltr'><strong>orirentur</strong></span> <span class='ocrx_word' id='word_1_313' title='bbox 700 4287 833 4357; x_wconf 79' lang='lat' dir='ltr'><strong>ab9²po</strong></span> 
     </span>
    </p>
   </div>
   <div class='ocr_carea' id='block_1_8' title="bbox 0 0 1609 4948">
    <p class='ocr_par' dir='ltr' id='par_1_9' title="bbox 0 0 1609 4948">
     <span class='ocr_line' id='line_1_37' title="bbox 0 0 1609 4948; baseline 0 0"><span class='ocrx_word' id='word_1_314' title='bbox 0 0 1609 4948; x_wconf 95' lang='lat' dir='ltr'><strong> </strong></span> 
     </span>
    </p>
   </div>
  </div>
 </body>
</html>
