3192 4959
284 448 348 512 180
629 444 656 497 S.
684 441 843 497 Aurelii
869 440 1084 511 Augustini

283 640 370 703 filius
397 640 487 703 Isaac
517 638 555 702 de
585 637 679 702 Sarra
706 638 945 720 promitteretur
971 636 1127 711 Abrahae,
1152 634 1296 700 diuinum
1320 634 1432 699 datum

284 750 335 811 est
362 746 458 809 etiam
486 744 551 809 tale
578 762 779 826 responsum,
807 746 845 807 ut
868 743 1037 808 diceretur:
1068 741 1266 807 Abraham
1290 742 1370 805 erit
1393 741 1433 805 in

283 871 462 937 magnam
500 854 660 936 gentem
697 854 736 914 et
771 849 949 926 multam,
989 852 1029 914 et
1063 849 1362 915 benedicentur
1391 848 1432 912 in

283 978 326 1023 eo
365 977 500 1023 omnes
539 960 683 1041 gentes
718 955 862 1022 terrae.
900 957 942 1020 nt
973 956 1025 1021 hic
1059 956 1121 1020 duo
1155 955 1211 1020 illa
1241 955 1433 1021 breuissime

282 1065 531 1148 plenissimeque
558 1064 716 1147 promissa
747 1067 833 1141 sunt,
857 1081 933 1146 gens
965 1062 1065 1127 Israel
1097 1062 1273 1127 secundum
1306 1080 1432 1127 carnem
1466 1082 1478 1124 s

284 1175 316 1236 et
340 1191 448 1236 omnes
474 1175 584 1255 gentes
609 1169 784 1235 secundum
807 1168 914 1235 fidem.

727 1361 864 1427 CAPUT
889 1361 988 1425 XXX.

284 1505 338 1569 De
361 1504 464 1569 Loth
488 1523 507 1567 a
526 1501 715 1567 Sodomis
734 1502 913 1567 liberato
934 1501 1062 1582 adque
1083 1501 1237 1565 eisdem
1256 1502 1435 1581 caelesti

283 1612 377 1695 igne
407 1609 635 1675 consumtis
665 1612 704 1673 et
732 1608 777 1671 de
809 1608 1059 1685 Abimeleoh,
1094 1609 1212 1673 cuius
1247 1610 1435 1690 concupi-

369 1716 530 1782 scentia
554 1715 746 1780 castitati
769 1713 914 1780 Sarrae
937 1734 1081 1780 nocere
1105 1734 1177 1779 non
1203 1716 1349 1799 potuit.
1455 1739 1480 1777 rc

327 1860 407 1923 Post
422 1861 500 1923 hanc
519 1857 759 1940 promissionem
777 1857 911 1923 liberato
928 1858 965 1923 de
982 1856 1128 1923 Sodomis
1142 1858 1225 1923 Loth
1241 1862 1273 1923 et
1286 1858 1436 1924 ueniente

283 1966 376 2049 igneo
404 1965 504 2029 imbre
533 1964 571 2028 de
601 1964 686 2028 caelo
710 1967 779 2028 tota
801 1963 858 2027 illa
879 1964 966 2049 regio
991 1964 1094 2047 inpiae
1124 1965 1264 2030 ciuitatis
1292 1966 1323 2029 in
1352 1965 1436 2029 eine-

284 2092 352 2137 rem
380 2091 473 2136 uersa
501 2075 560 2149 est,
588 2072 644 2135 uhi
672 2074 783 2153 stupra
809 2070 841 2134 in
870 2072 1030 2137 masculos
1058 2072 1091 2135 in
1120 2075 1240 2137 tantam
1265 2075 1436 2137 consuetu-

284 2178 387 2242 dinem
417 2177 652 2256 connumerant,
688 2180 837 2259 quantam
865 2178 953 2261 leges
983 2178 1087 2242 solent
1115 2179 1247 2243 aliorum
1276 2178 1436 2243 factorum

284 2284 433 2369 praehere
465 2284 637 2348 licentiam.
671 2283 790 2347 Verum
824 2287 856 2347 et
888 2284 948 2347 hoc
976 2303 1084 2349 eorum
1114 2285 1308 2367 supplicium
1333 2286 1436 2367 speci·
1457 2304 1482 2345 ss

284 2411 355 2455 men
379 2391 481 2455 futuri
503 2390 614 2455 iudicii
637 2390 738 2454 diuini
760 2390 832 2454 fuit
861 2390 942 2453 Nam
967 2410 1028 2473 quo
1052 2391 1190 2473 pertinet
1217 2391 1302 2473 quod
1329 2390 1437 2473 prohi-

285 2499 345 2563 biti
378 2502 453 2563 sunt
491 2497 545 2579 qui
581 2497 797 2561 liberabantur
829 2496 867 2559 ab
901 2498 1023 2581 angelis
1055 2502 1139 2563 retro
1172 2498 1339 2581 respicere,
1372 2496 1438 2561 nisi

287 2604 362 2689 quia
392 2624 453 2668 non
483 2608 533 2668 est
561 2603 665 2667 animo
693 2603 890 2667 redeundum
918 2604 957 2668 ad
984 2608 1125 2669 ueterem
1149 2605 1260 2679 uitam,
1295 2624 1357 2687 qua
1380 2624 1440 2688 per

287 2711 422 2795 gratiam
455 2714 659 2793 regeneratus
697 2709 831 2789 eruitur,
870 2710 898 2773 si
930 2710 1081 2775 ultimum
1115 2712 1246 2776 euadere
1278 2712 1438 2775 iudicium

288 2818 487 2901 cogitamus?
516 2816 659 2897 Denique
687 2836 765 2880 uror
790 2816 884 2895 Loth,
912 2818 969 2881 ubi
995 2818 1144 2899 respexit,
1174 2819 1326 2882 remansit
1349 2820 1381 2882 et
1404 2818 1440 2882 in
1460 2838 1487 2878 eo

289 2924 387 2988 salem
412 2941 566 2987 conuersa
587 2921 769 2986 hominihus
793 2921 941 2987 fidelihus
966 2923 1123 3005 quoddam
1148 2924 1309 3007 praestitit
1331 2924 1442 2989 condi-

288 3032 442 3106 mentum,
467 3047 528 3109 quo
554 3027 679 3110 sapiant
702 3028 833 3109 aliquid,
862 3028 945 3093 unde
968 3029 1050 3094 illud
1073 3033 1225 3095 caueatur
1248 3032 1442 3113 exemplum.

333 3134 409 3198 Inde
432 3153 542 3199 rursus
565 3133 722 3198 Abraham
752 3134 830 3198 iecit
852 3134 884 3198 in
910 3134 1036 3199 Geraris
1062 3139 1139 3217 aput
1163 3156 1270 3220 regem
1295 3137 1443 3203 ciuitatis

287 3240 376 3305 iliius
404 3240 599 3319 Abimelech,
629 3240 713 3323 qnod
740 3240 773 3304 in
796 3240 942 3325 Aegypto
968 3241 1005 3305 de
1030 3242 1165 3325 coniuge
1188 3242 1316 3319 iecerat,
1345 3243 1444 3326 eique

289 3346 408 3410 intacta
441 3347 587 3410 similitor
619 3346 742 3410 reddita
775 3350 834 3413 est.
867 3347 930 3412 Uhi
964 3366 1037 3412 sane
1070 3348 1227 3413 Abraham
1256 3348 1446 3432 obiurganti
1464 3370 1492 3412 ss

289 3451 368 3535 regi,
405 3472 486 3533 quur
521 3453 678 3516 tacuisset
714 3472 843 3517 uxorem
881 3472 1081 3536 sororemque
1118 3454 1259 3533 dixisset,
1297 3456 1445 3539 aperiens

292 3558 367 3640 quid
391 3557 534 3621 timuerit
557 3558 652 3621 etiam
671 3559 731 3623 hoe
752 3559 891 3623 addidit:
916 3560 1074 3625 Etenim
1099 3581 1193 3626 nere
1220 3580 1333 3627 soror
1355 3581 1447 3626 mea

292 3669 355 3728 est
389 3664 434 3728 de
466 3670 591 3747 patre,
625 3666 695 3729 sed
727 3686 801 3730 non
835 3666 879 3729 de
913 3671 1048 3745 matre,
1082 3668 1157 3749 quia
1189 3668 1226 3732 de
1259 3673 1346 3749 patre
1381 3686 1446 3733 suo

382 3872 398 3924 2
419 3870 486 3924 Gen.
508 3871 549 3933 18,
570 3871 603 3924 18
660 3873 692 3925 12
712 3871 779 3925 Gen.
802 3874 844 3938 19,
863 3874 897 3926 24
917 3890 956 3941 sq,
1013 3876 1045 3927 27
1066 3874 1134 3929 Gen.
1154 3875 1197 3939 20,
1219 3876 1251 3928 12

328 4012 521 4081 dirigentem
540 4028 700 4080 magnamo
764 4012 996 4067 3benedioantur
1015 4015 1039 4066 e¹
1107 4015 1234 4083 9ignem
1252 4014 1302 4085 ἶφι
1378 4032 1447 4070 con-

294 4102 389 4169 septis.
411 4104 444 4152 31
463 4101 624 4167 capitulum.
643 4102 685 4154 De
704 4102 856 4155 ahimelech
876 4106 939 4155 cett.
956 4120 977 4171 p
1043 4104 1075 4155 12
1095 4104 1143 4157 illa
1162 4107 1254 4157 totae
1323 4104 1358 4157 14
1378 4120 1448 4158 con-

295 4224 438 4278 ualuerunt
460 4224 495 4277 V¹
566 4226 598 4278 15
618 4242 746 4295 praeuere
770 4226 797 4278 V
867 4228 899 4281 17
919 4226 1107 4281 liberabuntur
1129 4227 1164 4281 V¹
1234 4228 1267 4282 19
1281 4202 1450 4299 'regenerati

295 4348 437 4412 assuimur,
456 4350 487 4402 in
505 4366 590 4419 rnarp.
609 4354 785 4419 regeneratus
805 4351 911 4405 exuitur
929 4370 955 4419 ε,-
1028 4354 1148 4406 assuitur
1170 4352 1197 4407 V
