3192 4959
358 418 407 473 De
436 420 611 473 ciuitate
639 419 701 475 dei
723 420 789 474 lib.
813 420 898 474 XVII.
928 437 1002 491 cap.
1033 422 1074 476 16.
1227 424 1292 486 249

140 615 276 679 amanda
299 614 401 697 adque
425 615 575 690 miranda,
601 618 717 697 quanto
746 615 852 679 minus
876 634 1024 697 corporea
1047 616 1293 698 pulchritudine,

141 722 213 805 quis
248 722 376 805 gladius
412 721 490 797 eius,
526 740 606 803 quae
639 721 787 805 sagittae,
821 724 853 786 et
885 724 990 787 cetera
1016 722 1080 787 isto
1108 723 1202 788 modo
1231 742 1293 787 non

138 829 279 912 proprie,
303 829 360 893 sed
383 829 504 912 tropice
527 828 632 912 posita
650 829 715 893 iam
734 829 883 893 subditus
904 829 943 907 ei,
963 830 1017 911 qui
1037 834 1149 914 regnat
1166 834 1294 914 propter

139 935 311 1000 ueritatem
336 940 368 999 et
390 935 668 1000 mansuetudinem
692 941 724 999 ot
746 935 915 1013 iustitiam,
939 936 1081 1019 inquirat
1103 956 1139 1001 ex
1164 938 1239 1003 otio.

109 1067 120 1103 s
181 1042 308 1107 Deinde
346 1043 501 1125 adspiciat
533 1043 602 1106 eius
635 1042 803 1106 ecelesiam
836 1046 924 1107 tanto
957 1044 1026 1107 uiro
1061 1062 1119 1108 suo
1153 1042 1292 1127 spiritali

139 1150 278 1213 conubio
312 1152 345 1214 et
377 1149 485 1213 diuino
515 1169 621 1214 amore
649 1148 861 1227 coniunctam,
891 1149 929 1213 de
957 1170 1019 1232 qua
1047 1150 1163 1215 dieitur
1184 1152 1215 1214 in
1241 1152 1290 1215 his

139 1276 221 1337 quae
247 1260 434 1339 sequuntur.
457 1255 624 1320 Adstitit
643 1255 772 1338 regina
790 1275 810 1318 a
829 1256 970 1320 dextris
990 1256 1068 1321 tuis
1088 1257 1123 1321 in
1143 1258 1292 1323 uestitu

139 1362 335 1441 deaurato,
360 1362 649 1427 circumamicta
670 1362 868 1429 uarietate.
893 1363 1001 1440 Audi,
1026 1364 1180 1439 filiast
1203 1365 1290 1429 uide

139 1477 174 1533 et
198 1470 346 1533 inolina
370 1488 494 1533 aurem
519 1474 630 1546 tuam,
660 1473 697 1533 et
720 1469 953 1535 obliuiscere
981 1471 1162 1552 populum
1187 1475 1291 1535 tuum

97 1600 122 1639 ro
138 1581 175 1640 et
194 1575 347 1640 domum
369 1577 491 1660 patris
509 1576 584 1651 tui;
606 1576 781 1658 quoniam
802 1577 1029 1659 concupiuit
1046 1596 1108 1640 rex
1127 1577 1292 1659 speeiem

137 1686 253 1760 tuam,
293 1682 382 1764 quia
415 1683 497 1765 ipse
530 1685 589 1745 est
620 1683 720 1746 Deus
754 1685 852 1747 tuus.
886 1683 931 1747 Et
964 1682 1173 1747 adorabunt
1205 1702 1286 1747 eum

136 1789 248 1853 filiae
268 1788 356 1872 Tyri
373 1790 410 1852 iu
431 1789 666 1864 muneribus3
685 1789 834 1854 uultum
860 1792 964 1853 tuum
985 1789 1290 1873 deprecabuntur
1312 1802 1317 1811 ·

137 1896 286 1961 diuites
315 1896 449 1980 plebis.
480 1895 606 1960 Omnis
637 1896 760 1981 gloria
787 1898 870 1961 eius
898 1897 1006 1961 filiae
1035 1897 1135 1981 regis
1160 1898 1291 1961 intriu-

137 2023 264 2079 seeus,
305 2003 342 2067 in
383 2002 551 2067 fimbriis
595 2005 720 2069 aureis
762 2004 1049 2069 circumamicta
1090 2004 1289 2068 uarietate.

93 2110 373 2174 rsAdserentur
409 2110 489 2194 regi
526 2110 697 2195 uirgines
735 2114 822 2193 post
860 2129 947 2187 eam,
980 2111 1170 2194 proximae
1208 2112 1290 2175 eius

137 2218 364 2282 adterentur
400 2216 483 2281 tibi.
516 2216 746 2281 Adlerentur
778 2236 859 2282 oum
896 2218 1048 2282 laetitia
1082 2221 1119 2282 et
1150 2218 1291 2283 exulta-

136 2326 259 2397 tione;
297 2324 536 2389 adducentur
572 2325 606 2387 in
644 2325 827 2407 templum
860 2326 973 2408 regis.
1009 2324 1079 2389 Pro
1114 2325 1289 2407 patribus

135 2432 217 2494 tuis
257 2430 339 2494 nati
376 2438 467 2495 sunt
501 2431 574 2495 tibi
611 2432 704 2507 filii;
741 2432 957 2497 constitues
996 2452 1057 2497 eos
1096 2433 1292 2515 prinsipes

135 2558 254 2621 super
284 2557 424 2602 omnem
453 2544 604 2603 terram.
630 2539 815 2604 Memores
845 2542 954 2603 erunt
982 2539 1143 2604 nominis
1174 2535 1234 2603 tui
1255 2539 1291 2601 in

92 2647 240 2712 numni
276 2645 521 2728 generatione
554 2650 591 2709 et
625 2646 884 2728 generatione.
924 2646 1129 2727 Propterea
1161 2644 1292 2727 populi

136 2752 434 2817 confitebuntur
465 2751 537 2816 tibi
569 2752 605 2815 iu
640 2755 833 2816 aeternum
867 2757 903 2817 et
931 2752 967 2816 in
999 2753 1193 2817 saeculum
1217 2770 1294 2815 sae·

135 2860 223 2925 culi.
262 2856 334 2921 Non
372 2858 482 2941 opinor
513 2877 703 2939 quemquam
735 2859 781 2922 ita
815 2859 967 2942 desipere,
1005 2862 1042 2923 ut
1069 2859 1120 2923 hic
1153 2857 1292 2940 aliquam

133 2966 362 3031 mulierculam
407 2963 580 3046 praedicari
627 2965 733 3029 eredat
779 2966 882 3048 adque
929 2966 1081 3041 deseribi3
1126 2966 1292 3047 coniugem

132 3072 295 3137 uidelicet
321 3070 420 3149 illius,
454 3071 505 3135 oui
534 3071 655 3135 dietum
686 3075 749 3136 est:
778 3072 893 3137 Sedes
918 3078 993 3149 tua,
1019 3073 1129 3151 Deus,
1153 3072 1189 3135 in
1215 3090 1290 3136 sae-

89 3181 226 3243 ascula
261 3178 514 3253 saeculorum
550 3178 656 3260 uirga
692 3178 916 3243 directionis
950 3179 1062 3263 uirga
1089 3179 1194 3261 regni
1224 3178 1291 3244 tui.

132 3284 325 3350 Dilexisti
344 3284 537 3348 iustitiam
557 3288 593 3347 et
612 3284 695 3349 odio
716 3285 890 3349 habuisti
904 3285 1161 3366 iniquitatem3
1181 3304 1292 3368 prop-

132 3398 242 3457 terea
284 3391 389 3455 unxit
429 3395 466 3455 te
505 3392 617 3468 Deus,
654 3392 754 3455 Deus
792 3394 881 3456 tuus
920 3392 1002 3455 oleo
1038 3390 1291 3455 exultationis

130 3519 225 3583 prae
255 3497 510 3580 participibus
538 3499 633 3573 tuis;
663 3498 825 3564 Christum
858 3499 967 3581 utique
992 3516 1065 3581 prae
1091 3496 1291 3562 Christianis.

228 3674 245 3725 7
266 3672 304 3727 ib.
325 3672 359 3726 lo
378 3689 437 3742 sqq.

167 3797 349 3866 asagiatae
412 3798 519 3866 3trop.
539 3796 645 3850 diotae
708 3795 894 3865 'ladstetitp
970 3796 1025 3848 tuis
1045 3798 1073 3848 et
1091 3796 1143 3864 rlq.
1163 3811 1215 3849 om.
1234 3812 1290 3863 sqq.

128 3904 224 3955 uaeque
243 3885 284 3939 ud
301 3884 436 3939 uarietate
456 3886 472 3937 b
528 3885 558 3937 ll
581 3884 647 3938 deus
667 3901 760 3955 eppa
772 3886 809 3951 ᾖ·
828 3884 951 3938 dominus
971 3902 1015 3953 ap
1034 3883 1146 3949 Domb.;
1167 3882 1291 3937 dominus

131 3975 203 4029 deus
225 3975 270 4027 bo
379 3975 412 4028 12
432 3978 460 4027 et
479 3974 551 4028 filiae
569 3976 623 4043 tyri
643 3978 671 4029 et
689 3976 741 4044 rlq.
761 3992 814 4030 om.
832 3988 888 4042 sqq.
907 3990 993 4041 usque
1011 3974 1050 4027 ad
1068 3973 1155 4041 plebis
1175 3974 1192 4025 l.
1213 3977 1256 4037 13,
1276 3974 1291 4026 b

132 4067 167 4119 14
187 4062 349 4132 fimbreisp
402 4062 515 4117 fimbriis
535 4069 564 4117 et
581 4064 634 4131 rlq.
654 4080 704 4117 om.
723 4080 779 4131 sqq.
798 4080 883 4130 usque
902 4062 941 4115 od
959 4062 1102 4125 uarietate,
1122 4059 1137 4112 b
1189 4063 1222 4114 15
1237 4062 1292 4113 uir·

131 4155 216 4223 gines
237 4155 268 4205 et
284 4152 337 4221 rlq.
357 4169 408 4205 om.
421 4168 477 4220 sqq.
491 4168 576 4220 usque
591 4153 630 4206 ad
642 4152 695 4204 tibi
735 4155 767 4206 lo
783 4152 940 4205 adserentur
953 4166 1004 4204 om.
1013 4167 1033 4217 p
1090 4165 1150 4202 eum
1165 4166 1251 4218 eppa
1258 4154 1292 4218 ᾗ·

130 4242 160 4295 in
181 4240 258 4293 abo
276 4238 375 4293 Domb.
471 4241 576 4292 16-22
595 4239 703 4293 laetitia
722 4243 750 4291 et
767 4238 820 4309 rlq.
840 4237 1016 4307 Propatribus
1035 4236 1090 4289 tuis
1110 4240 1138 4289 et
1155 4236 1208 4305 rlq.
1227 4236 1291 4289 Pro·

134 4334 240 4398 pterea
258 4328 353 4398 populi
372 4332 401 4382 et
419 4329 471 4398 rlq.
491 4329 554 4382 Non
574 4329 669 4397 opinor
688 4328 703 4381 b
