3192 4959
293 405 355 468 120
640 399 667 454 S.
696 397 853 455 Aurelii
879 399 1097 468 Augustini

290 613 347 660 neo
372 595 511 678 cogitare
535 593 622 660 aliud
644 595 770 660 tantum
799 613 868 660 esse
891 594 923 660 in
947 594 1164 677 superioribus
1187 595 1327 678 itemque
1350 595 1439 662 aliud

290 703 414 768 tantum
436 700 467 766 in
493 699 708 783 superioribus
733 701 941 783 superiorum,
970 720 1006 767 ao
1028 721 1085 783 per
1108 703 1168 768 boc
1192 706 1240 768 ter
1262 703 1359 768 ducta
1380 704 1439 770 illa

292 807 399 874 cubita
431 807 497 872 fieri
524 808 684 890 nongenta
711 826 808 890 super
835 809 962 872 eentum
991 809 1229 893 quinquaginta.
1263 809 1298 876 si
1329 815 1437 877 autom

292 915 470 998 cogitemus
503 914 588 997 quod
616 912 770 997 Origenes
799 933 860 982 nou
889 914 1083 999 ineleganter
1110 915 1275 996 adstruxit,
1303 916 1437 1000 Moysen

291 1021 415 1086 scilicet
443 1020 604 1086 bominem
631 1020 691 1086 Dei
720 1020 929 1096 eruditum,
954 1021 1039 1088 sicut
1062 1022 1217 1104 scriptum
1240 1027 1299 1097 est,
1328 1022 1438 1088 omni
1469 1043 1484 1081 s

291 1126 499 1209 sapientia
540 1126 844 1210 Aegyptiorum,
886 1127 941 1210 qui
983 1128 1209 1211 geometricam
1251 1128 1436 1208 dilexerunt,

291 1234 483 1318 geometriae
521 1233 629 1300 cubita
661 1233 839 1318 significare
871 1234 1026 1316 potuisse,
1063 1235 1119 1301 nbi
1149 1255 1250 1300 unum
1282 1241 1437 1319 quantum

290 1360 344 1408 sex
366 1343 475 1408 nostru
497 1340 603 1408 uslere
627 1339 823 1417 adsererent,
852 1342 925 1424 quis
948 1361 1009 1407 non
1032 1341 1142 1411 uideat
1159 1346 1312 1425 quantum
1331 1362 1437 1408 rerum

290 1467 400 1531 capere
437 1447 494 1514 illa
529 1448 636 1531 potuit
673 1447 883 1530 magnitudo?
920 1446 1002 1518 Nom
1038 1448 1120 1514 illud
1156 1448 1241 1532 quod
1272 1448 1438 1533 disputant

289 1558 395 1619 tantae
419 1553 646 1638 magnitudinis
672 1572 773 1618 arcam
799 1573 860 1618 non
884 1555 1028 1637 potuisse
1051 1555 1209 1638 conpingi,
1236 1556 1436 1638 ineptissime
1455 1578 1485 1618 re

290 1660 531 1739 calumniantur,
556 1679 628 1725 cum
658 1660 761 1726 sciant
787 1660 947 1727 inmensas
975 1661 1069 1726 urbes
1096 1662 1197 1728 fuisse
1224 1665 1435 1741 constructas,

289 1787 347 1834 nec
374 1767 549 1834 adtendunt
577 1771 704 1834 centum
733 1786 842 1844 annos,
872 1768 988 1850 quibus
1017 1787 1089 1836 arca
1115 1769 1173 1835 illa
1195 1773 1245 1836 eet
1267 1770 1434 1845 fabricata

288 1875 351 1940 nisi
377 1875 460 1940 forte
487 1874 568 1956 lapis
595 1873 693 1956 lapidi
717 1873 885 1940 adhaerere
906 1879 1013 1957 potest
1036 1876 1105 1942 solo
1128 1877 1214 1942 ealce
1237 1876 1435 1952 coniunctus,

289 1986 327 2048 ut
357 2000 467 2046 murus
499 1999 555 2062 per
587 1983 637 2046 tot
667 1979 758 2045 milia
789 1981 1032 2064 circumagatur,
1062 1986 1095 2048 et
1120 1983 1244 2066 lignum
1271 1985 1358 2067 ligno
1380 2001 1438 2065 per

289 2087 488 2169 suscudines,
512 2087 626 2170 epiros,
653 2087 774 2166 clauos,
798 2087 909 2171 gluten
933 2087 1098 2155 bituminis
1117 2108 1178 2154 non
1196 2092 1305 2172 potest
1323 2089 1437 2155 adhue
1455 2110 1482 2156 m

289 2215 367 2270 rere,
400 2199 437 2260 ut
469 2194 640 2260 fabricetur
672 2213 744 2261 arca
775 2213 837 2260 non
869 2195 988 2272 curuis,
1017 2195 1074 2261 sod
1099 2197 1196 2262 rectis
1223 2196 1317 2262 lineis
1340 2197 1436 2280 longe

289 2303 416 2384 lateque
443 2303 597 2386 porrecta,
626 2320 721 2383 quam
749 2301 858 2366 nullus
881 2301 913 2367 in
936 2321 1024 2366 maro
1046 2302 1155 2370 mittat
1178 2307 1310 2368 conatus
1333 2303 1436 2368 bomi-

290 2429 376 2487 num,
401 2408 458 2474 sed
479 2408 568 2474 leuet
590 2407 684 2484 unda,
709 2425 781 2472 cum
805 2409 938 2487 uenerit,
961 2408 1099 2477 naturali
1122 2409 1231 2476 ordine
1248 2409 1434 2493 ponderum,

289 2514 455 2598 magisque
479 2513 586 2578 diuina
603 2511 804 2596 prouidentia
822 2532 916 2595 quem
935 2513 1072 2578 bumana
1089 2514 1257 2597 prudentia
1275 2519 1435 2582 aamntem

215 2651 219 2658 ·
290 2621 455 2706 gubernet,
477 2638 515 2684 ne
538 2620 678 2684 incurrat
701 2619 894 2702 ubicumque
917 2620 1129 2704 naubagium.
1454 2645 1482 2688 ss

334 2726 426 2808 Quod
453 2729 561 2790 eutem
590 2725 869 2806 scrupulosissime
897 2727 1004 2807 quaeri
1032 2728 1115 2794 solet
1141 2727 1181 2793 de
1208 2728 1434 2795 minutissimis

289 2835 444 2912 bestiolis,
473 2851 534 2898 non
563 2835 667 2898 solum
697 2835 807 2914 quales
837 2838 913 2902 sunt
935 2853 1041 2900 mures
1064 2838 1098 2900 et
1120 2835 1294 2914 stelliones,
1321 2853 1435 2901 uerum

289 2943 385 3007 etism
420 2942 529 3023 quales
557 2940 713 3019 lucustae,
747 2939 898 3018 scarabei,
929 2935 1059 3008 muscae
1087 2941 1221 3025 denique
1245 2945 1278 3009 et
1298 2941 1434 3025 pulices,

288 3052 396 3114 utrum
424 3067 485 3114 non
513 3047 676 3128 amplioris
704 3047 827 3110 numeri
854 3047 886 3111 in
915 3066 987 3113 arcs
1014 3048 1071 3114 ille
1096 3049 1224 3127 luerim,
1253 3068 1349 3132 quam
1380 3049 1436 3132 qui

289 3157 339 3218 est
361 3153 521 3233 definitus,
546 3171 623 3217 cum.
641 3152 701 3216 boc
724 3152 894 3234 imperaret
912 3153 1011 3230 Deus,
1033 3154 1122 3237 prius
1141 3154 1329 3222 admonendi
1348 3156 1434 3232 sunt,
1453 3177 1481 3220 ss

290 3279 368 3344 quos
402 3261 479 3324 baec
513 3261 652 3336 mouent,
686 3258 732 3323 sic
764 3259 983 3342 accipiendum
1013 3279 1084 3326 esse
1111 3261 1196 3344 quod
1224 3261 1435 3328 dictumest:

290 3366 398 3447 Quae
425 3369 575 3450 repunt
603 3368 906 3448 superterram,
930 3371 968 3431 ut
994 3386 1122 3432 necesse
1150 3387 1212 3432 non
1239 3366 1335 3433 fuerit
1362 3385 1435 3434 con-

377 3631 394 3682 4
413 3629 513 3684 Hamil.
533 3631 557 3682 2.
577 3629 605 3682 in
625 3627 721 3683 Genes.
776 3631 872 3684 oret.
892 3631 917 3695 7,
936 3631 971 3684 22

326 3773 465 3836 ltantum
485 3770 595 3841 aliudp
650 3773 825 3842 3nungenta
848 3771 875 3825 V
948 3788 1029 3842 super
1046 3773 1156 3841 sospem
1174 3789 1222 3842 per
1239 3787 1302 3826 mse.
1320 3770 1433 3834 omno..-

288 3877 374 3920 om.o
463 3863 551 3914 4non
572 3860 749 3930 neglegenter
768 3877 786 3913 o
868 3861 994 3930 9potuit
1010 3861 1092 3917 illao
1179 3859 1377 3915 renitescant
1398 3857 1432 3911 1⁷¹

289 3951 323 4005 13
342 3965 421 4018 posse
444 3949 479 4002 V¹
535 3949 568 4002 14
586 3949 867 4018 lignum..,.clauos
885 3965 919 4004 m.
940 3949 1009 4004 2io
1025 3951 1118 4019 spatio
1135 3965 1228 4004 uacuo
1248 3967 1268 4004 o
1322 3950 1356 4004 15
1373 3965 1432 4002 sus·

289 4037 399 4094 oudines
422 4037 641 4106 VeprDomb.;
660 4037 777 4105 second,
791 4039 875 4106 prius
893 4055 910 4092 e
925 4040 958 4091 ios
973 4054 1040 4103 rea,
1058 4039 1090 4106 b;
1107 4038 1284 4094 subscudines
1301 4054 1317 4093 o
1377 4037 1432 4108 epi·

287 4145 332 4184 ros
350 4144 410 4185 awa
429 4143 457 4195 o;
477 4128 584 4197 epigros
602 4127 648 4180 uel
667 4127 774 4195 epinros
793 4128 864 4182 coni.
876 4127 1019 4182 Muretus
1077 4134 1106 4182 et
1124 4128 1247 4197 gluteno
1302 4128 1336 4182 16
1349 4126 1431 4182 fabri-

288 4220 427 4272 caretnro
499 4231 623 4271 curruca
688 4215 721 4270 18
740 4215 774 4269 sd
793 4215 873 4286 (abl)
892 4217 1010 4270 naturali
1033 4216 1060 4271 V
1123 4219 1158 4272 22
1177 4233 1280 4281 nomm,
1297 4219 1329 4270 in
1345 4231 1432 4284 more.

288 4304 400 4368 uermiu,
421 4321 434 4358 e
488 4304 697 4360 2310oustaeo
751 4305 786 4360 26
805 4309 898 4359 mouet
920 4305 947 4357 V
