3192 4959
406 445 456 498 De
484 445 659 498 ciuitate
688 443 749 498 dei
778 445 843 498 lib.
870 445 941 499 xvi.
971 461 1045 515 oap.
1074 447 1117 499 24.
1270 449 1332 512 169

186 635 426 720 plenitudinem,
459 635 607 718 quamuis
639 637 801 718 aliquanto
834 639 972 721 amplius
1005 639 1079 715 sint,
1110 641 1179 703 siue
1209 659 1245 703 er
1273 642 1333 704 hoo

185 755 326 824 tempore
360 745 580 824 conputantur,
617 761 678 824 quo
706 743 769 807 ista
792 744 1058 825 promittebantur
1080 746 1235 824 Abrahae,
1264 746 1333 810 siue

184 869 221 913 en
249 867 311 930 quo
336 853 430 914 natus
459 851 508 912 est
531 849 630 920 Isaeo.
655 851 784 932 propter
807 868 915 914 semen
938 850 1093 928 Abrahae,
1121 851 1161 916 de
1185 871 1247 935 quo
1269 853 1333 916 ista

184 955 418 1038 praedicuntur.
450 953 669 1037 Conputantur
700 955 794 1032 enim,
819 955 905 1020 siout
928 956 1075 1040 superius
1098 958 1162 1022 iam
1185 957 1332 1033 diximus,

152 1063 224 1126 sab
258 1080 339 1126 anno
369 1061 627 1146 septuagensimo
657 1063 689 1126 et
716 1062 826 1144 quinto
853 1063 1010 1141 Abrahae,
1043 1065 1167 1146 quando
1196 1064 1234 1127 ad
1259 1083 1333 1128 eum

183 1169 269 1232 faeta
293 1171 343 1234 est
365 1168 466 1250 prima
489 1167 668 1249 promissio,
693 1189 794 1252 usque
819 1169 858 1233 ad
877 1170 996 1235 exitum
1015 1171 1114 1236 Israel
1132 1191 1169 1235 ex
1187 1173 1332 1255 Aegypto

184 1275 411 1358 quadringenti
435 1279 466 1339 et
488 1274 619 1358 triginta
641 1275 726 1348 anni:
756 1295 891 1357 quorum
915 1277 1080 1359 apostolus
1104 1277 1150 1341 ita
1172 1277 1331 1342 meminit:

183 1383 264 1446 Hoo
294 1385 418 1446 autem
448 1380 542 1458 dieo,
570 1381 687 1462 inquit:
715 1385 992 1449 testamentum
1021 1385 1284 1449 confirmatum
1314 1403 1332 1446 a

183 1489 261 1552 Deo
286 1490 377 1570 post
405 1486 704 1571 quadringentos
734 1489 896 1572 triginta
919 1509 1032 1554 annos
1056 1491 1159 1554 faeta
1181 1491 1239 1554 ler
1261 1509 1331 1554 non

137 1623 165 1660 ιο
184 1595 358 1658 infirmat
391 1593 435 1657 ad
463 1594 717 1660 euacuaudam
749 1595 1049 1678 promissionem.
1077 1595 1145 1661 Iam
1174 1615 1248 1680 ergo
1276 1596 1332 1661 isti

183 1700 407 1785 quadringenti
431 1706 463 1765 et
485 1701 616 1785 triginta
639 1703 710 1766 anni
735 1702 957 1787 quadringenti
980 1707 1126 1787 poterant
1148 1704 1332 1785 nuncupari,

184 1809 260 1890 quia
293 1825 354 1870 non
387 1809 462 1871 sunt
493 1807 594 1872 multo
629 1807 780 1891 amplius:
820 1812 937 1891 quanto
969 1809 1073 1893 magis
1106 1828 1177 1873 oum
1211 1811 1333 1892 aliquot

182 1915 245 1978 iam
272 1933 308 1978 ex
331 1915 394 1979 isto
419 1933 548 1979 numero
572 1915 808 1996 praeterissent,
829 1917 954 1998 quando
974 1916 1029 1979 illa
1051 1917 1083 1980 in
1107 1917 1181 1980 uisu
1205 1915 1331 1980 demon-

184 2024 286 2086 strata
319 2027 351 2084 et
383 2021 469 2085 diota
501 2025 576 2086 sunt
607 2023 762 2098 Abrahae,
796 2023 849 2086 uel
882 2021 1006 2105 quando
1038 2023 1129 2087 Isaac
1161 2028 1253 2088 natus
1283 2028 1332 2086 est

137 2157 164 2195 rs
184 2127 365 2193 centonario
393 2127 475 2212 patri
504 2147 572 2207 sno,
602 2130 744 2212 aprima
771 2129 979 2211 promissione
1007 2133 1081 2212 post
1104 2128 1220 2212 uiginti
1244 2130 1331 2211 quio-

184 2253 246 2318 que
276 2253 383 2312 annos,
413 2253 484 2299 uum
513 2235 576 2300 iam
604 2254 641 2299 en
668 2235 740 2300 istis
769 2235 1008 2319 quadringentis
1031 2235 1163 2317 triginta
1186 2234 1330 2316 quadrin-

185 2343 274 2426 genti
297 2345 330 2405 et
353 2341 490 2423 quinque
515 2347 720 2420 remanerent,
745 2362 826 2424 quos
849 2343 936 2407 Deua
960 2342 1208 2426 quadringentos
1227 2341 1333 2406 uoluit

184 2447 355 2513 nominare.
384 2449 426 2512 ut
448 2451 561 2526 uetera,
591 2469 670 2532 quae
695 2453 872 2532 sequuntur
893 2451 924 2513 in
949 2449 1056 2515 uerbis
1078 2448 1330 2533 praenuntiantis

182 2555 255 2632 Dei,
280 2554 388 2620 nullus
413 2553 607 2620 dubitauerit
630 2555 670 2620 ad
692 2556 905 2622 Israelitioum
928 2557 1083 2638 populum
1107 2555 1270 2635 pertinere.

134 2691 165 2730 so
231 2659 323 2740 Quod
356 2681 432 2727 uero
466 2661 662 2746 adiungitur:
703 2662 790 2728 Cum
824 2666 948 2727 autem
980 2663 1052 2726 iam
1085 2662 1141 2727 sol
1174 2664 1254 2726 erat
1286 2660 1329 2724 ad

183 2785 372 2845 occasum,
396 2767 549 2833 flamma
572 2769 674 2833 faeta
698 2773 765 2846 est,
791 2773 828 2833 et
851 2788 936 2834 ecoe
955 2769 1083 2834 fornax
1102 2765 1330 2833 fumabunda

182 2877 220 2937 et
256 2873 451 2958 lampades
488 2876 600 2960 ignis,
639 2895 732 2958 quae
769 2875 1073 2958 pertransierunt
1108 2895 1173 2957 per
1209 2872 1331 2938 media

182 2979 312 3045 diuisa
344 2979 422 3058 illa,
457 2981 615 3066 signifieat
646 2981 709 3046 iam
742 2983 772 3046 in
802 2982 863 3046 fine
891 2982 1011 3047 saeculi
1039 3001 1095 3065 per
1118 2981 1225 3065 ignem
1248 2979 1329 3043 iudi-

180 3085 301 3151 candos
326 3107 397 3152 esse
421 3088 570 3152 carnales.
596 3087 686 3153 Siout
710 3090 794 3154 enim
814 3089 952 3154 addiotio
975 3088 1117 3154 ciuitatis
1135 3089 1205 3165 Dei,
1227 3086 1330 3171 qualis

131 3221 162 3262 as
181 3198 275 3258 autea
303 3213 476 3276 numquam
504 3195 575 3274 fuit,
605 3215 685 3278 quae
718 3197 777 3261 sub
810 3195 1007 3261 Antichristo
1039 3195 1146 3260 futura
1174 3197 1329 3278 speratur,

180 3299 383 3382 significatur
419 3301 585 3366 tenebroso
622 3301 735 3367 timore
766 3303 911 3367 Abrahae
945 3302 1027 3366 oiroa
1059 3301 1136 3366 solis
1170 3319 1328 3375 oceasum,

180 3405 212 3468 id
239 3411 289 3470 est
312 3407 542 3490 propinquante
565 3407 629 3472 iam
653 3408 713 3474 fine
737 3409 871 3474 saeculi:
896 3409 942 3474 sic
962 3408 1001 3472 ad
1021 3409 1098 3473 solis
1119 3426 1277 3484 occasum,
1297 3407 1327 3470 id

272 3665 370 3720 suan.
390 3667 415 3728 a,
437 3666 468 3718 ιτ
524 3667 644 3722 ausen.
666 3668 760 3734 15,17

218 3793 234 3845 9
254 3807 325 3860 quae
344 3797 408 3861 post
426 3789 479 3845 b²u
533 3793 648 3861 triginta
667 3792 699 3844 V¹
711 3810 772 3862 epp
792 3792 904 3856 Domb.,·
924 3797 953 3846 et
970 3792 1033 3860 trig.
1058 3790 1201 3860 V²abpu
1255 3791 1328 3846 facta

183 3881 315 3950 Vaeqp
335 3879 449 3946 Domb.,·
467 3879 540 3934 iacta
559 3887 601 3934 est
620 3880 688 3934 buo
745 3881 777 3936 10
797 3881 932 3934 infirmata
951 3880 986 3934 ad
1004 3898 1044 3949 ap
1101 3882 1131 3934 11
1153 3882 1216 3934 anni
1239 3881 1329 3948 γὺψ,-

176 3989 232 4026 om.
254 3985 372 4039 eappa
481 3973 657 4038 potuerante
784 3971 818 4023 12
841 3969 966 4038 amplius,
988 3969 1173 4037 mperampto
1194 3969 1291 4037 magis,
1310 3985 1329 4021 a

178 4061 215 4114 15
235 4063 313 4129 patre
328 4059 357 4112 b¹
430 4057 486 4126 aig.
506 4059 625 4128 quinque
644 4057 677 4111 V¹
690 4057 853 4128 eoppae
871 4058 927 4127 uig.
948 4061 975 4111 et
994 4057 1113 4126 quinque
1132 4055 1215 4125 V²ep
1229 4056 1326 4110 Domb.

179 4177 214 4230 16
234 4179 264 4228 et
283 4173 509 4243 quadringentie
563 4173 597 4226 23
616 4173 804 4243 significante
877 4173 911 4228 ad
929 4172 1039 4227 indiae
1089 4174 1123 4226 25
1143 4175 1205 4236 ante
1228 4178 1279 4241 xpo
1305 4173 1329 4222 i'

175 4266 214 4320 27
240 4264 367 4334 propinq.
394 4264 448 4315 iam
473 4263 526 4316 fine
555 4264 656 4317 saeculi
685 4279 719 4316 m.
741 4265 808 4316 lin
831 4279 888 4316 rao.
908 4279 941 4331 p,·
966 4262 1082 4331 propinq
1085 4300 1278 4316 ........
1298 4260 1325 4314 id

175 4358 221 4409 est
240 4369 292 4407 em.
312 4369 326 4406 e
