3192 4959
327 465 378 518 De
407 465 581 519 ciuitate
609 465 671 520 dci
698 465 763 520 lib.
790 467 875 520 XXII.
905 483 979 537 cup.
1006 471 1118 524 15-17.
1234 474 1297 538 625

593 660 730 727 CAPUT
754 662 856 726 XVII.

148 804 204 866 An
233 802 270 866 in
300 823 371 866 suo
400 821 496 867 seru
523 803 815 867 resuscitanda
844 804 973 887 adque
1002 825 1190 872 mansura
1214 807 1298 872 sint

503 928 673 992 corpora
697 911 949 975 feminarum.

192 1050 347 1115 Nonnulli
370 1054 499 1135 propter
516 1051 587 1126 hoc,
613 1050 698 1132 quod
722 1051 843 1116 dictum
870 1055 934 1116 est:
959 1051 1094 1118 Donec
1118 1072 1297 1120 occurru-

117 1176 235 1221 smus
261 1176 395 1223 omnes
418 1157 456 1220 in
481 1158 612 1222 uirum
636 1158 873 1239 perfectum,
892 1159 929 1222 iu
950 1178 1174 1224 mensuram
1195 1164 1298 1227 aeta-

148 1265 204 1329 tis
238 1253 514 1349 plenitudinis
549 1264 718 1339 Christi,
756 1269 803 1328 et:
836 1265 1069 1332 conformes
1103 1267 1297 1351 imaginis

148 1370 236 1436 filii
261 1372 343 1449 Dei,
367 1373 474 1437 necin
495 1391 571 1437 seru
589 1372 726 1437 femineo
746 1377 979 1438 resurrecturas
999 1373 1133 1439 feminas
1155 1374 1297 1452 credunt,

148 1479 206 1544 sed
234 1479 265 1543 in
295 1479 380 1543 uirili
403 1497 512 1542 omncs
541 1479 640 1555 aiunt,
669 1479 818 1561 quoniam
842 1479 930 1546 Deus
959 1481 1064 1545 solum
1094 1481 1198 1545 uirum
1223 1481 1300 1547 decit

148 1605 185 1650 cr
212 1586 301 1661 limo,
330 1585 479 1650 feminam
507 1605 543 1650 er
566 1586 647 1650 uiro.
672 1586 740 1652 Sed
762 1585 843 1650 mihi
867 1585 983 1651 melius
1008 1606 1117 1671 sapere
1141 1586 1297 1666 uidentur,

105 1709 130 1747 ιο
148 1692 203 1776 qui
231 1696 402 1772 utrumque
429 1710 540 1756 serum
566 1696 820 1758 resurrectnmm
848 1712 919 1758 esse
947 1713 1008 1757 non
1038 1693 1194 1762 dubitant.
1227 1693 1297 1760 Non

148 1799 233 1864 enim
259 1798 359 1862 libido
387 1797 432 1862 ihi
460 1799 529 1876 crit,
559 1818 639 1880 quac
663 1799 859 1864 confusionis
884 1803 934 1865 est
957 1818 1062 1864 causa.
1090 1800 1173 1865 Num
1197 1801 1298 1884 prius·

148 1925 243 1988 quam
272 1909 468 1987 peccassent,
500 1906 578 1970 nudi
606 1910 704 1982 erunt,
738 1909 771 1969 et
797 1925 859 1970 non
889 1907 1162 1972 confundebantur
1188 1906 1240 1972 uir
1267 1911 1299 1972 ct

146 2011 275 2076 femina.
305 2010 495 2094 Corporibus
520 2031 595 2096 ergo
619 2012 685 2076 illis
709 2012 791 2076 uitia
815 2012 1028 2090 detrahentur,
1057 2016 1170 2078 natura
1193 2031 1298 2078 serua-
1394 2026 1397 2032 '

146 2119 244 2182 bitur.
282 2117 351 2182 Non
385 2121 435 2182 est
465 2121 572 2182 autem
606 2119 723 2184 uitium
756 2138 849 2184 serus
880 2119 1048 2196 seminem,
1087 2119 1145 2184 sed
1176 2122 1297 2198 natura,

105 2245 129 2283 15
147 2245 229 2309 quac
261 2229 337 2290 tunc
370 2225 498 2308 quidem
527 2230 560 2289 et
588 2245 606 2289 a
635 2225 806 2291 concubitu
835 2229 867 2290 et
890 2246 909 2290 a
936 2231 1028 2310 partu
1058 2225 1196 2290 inmunis
1221 2225 1296 2304 crit;

147 2337 241 2396 crunt
267 2336 371 2396 tamen
398 2333 540 2396 membra
567 2333 704 2398 feminea
731 2352 792 2396 non
821 2332 1062 2398 adcommodata
1090 2333 1164 2397 usui
1187 2333 1298 2408 ueteri,

147 2441 205 2506 sed
224 2440 329 2504 decori
347 2458 441 2513 nouo,
461 2458 522 2520 quo
542 2457 603 2503 non
623 2438 792 2504 adliciatur
810 2439 1015 2520 adspicientis
1032 2439 1298 2523 concupiscentis,

148 2567 230 2631 quae
258 2548 346 2611 nulla
373 2547 442 2625 erit,
470 2546 527 2612 scd
554 2546 610 2609 Dei
633 2545 782 2611 laudetur
810 2545 965 2627 sapientia
993 2546 1095 2628 adque
1120 2546 1298 2619 clementia,

147 2655 202 2736 qui
237 2657 270 2717 et
297 2653 381 2736 quod
406 2672 468 2717 non
497 2658 564 2718 crat
590 2654 668 2718 fecit
697 2657 728 2717 et
755 2653 905 2717 liberauit
932 2673 951 2716 a
979 2653 1180 2735 corruptione
1213 2653 1299 2734 quod

103 2779 130 2819 so
146 2760 235 2825 fecit.
265 2761 310 2826 Ut
338 2760 475 2824 enimin
500 2759 625 2824 exordio
650 2759 773 2844 generis
803 2760 932 2824 humani
956 2759 994 2824 do
1021 2759 1120 2823 latore
1145 2758 1206 2823 uiri
1230 2759 1298 2822 dor·

146 2867 277 2932 mientis
307 2871 396 2931 costa
424 2867 565 2932 detracta
592 2867 711 2932 semina
740 2867 839 2946 fieret,
869 2865 1032 2932 Christum
1066 2869 1098 2930 ct
1131 2865 1298 2930 ecclesiam

146 2975 205 3039 tuli
233 2975 318 3038 facto
346 2974 410 3037 iam
437 2977 515 3038 tunc
543 2975 723 3057 prophetari
752 2974 928 3057 oportebat.
967 2973 1067 3059 Sopor
1095 2972 1211 3055 quippo
1243 2971 1298 3036 ille

147 3083 209 3146 uiri
241 3100 326 3146 mors
364 3085 431 3145 erat
463 3079 593 3158 Christi,
628 3082 719 3145 cuius
758 3081 909 3145 exanimis
941 3081 974 3144 in
1008 3097 1100 3145 cruce
1133 3078 1298 3162 pendentis

146 3190 233 3254 latus
255 3187 364 3253 lancos
390 3189 584 3271 perforatum
614 3192 664 3253 est
687 3189 789 3271 adque
813 3189 885 3253 inde
914 3189 1044 3272 sanguis
1070 3189 1103 3252 ct
1126 3205 1208 3268 aqua
1229 3205 1299 3268 pro·

102 3311 129 3348 2⁵
147 3296 255 3370 durit3
298 3315 378 3376 quae
415 3300 612 3360 sacramenta
649 3315 719 3360 osse
756 3296 916 3372 nouimus,
960 3296 1077 3378 quibus
1116 3291 1300 3356 aedificatur

148 3401 293 3466 ecclesia.
325 3401 408 3466 Num
440 3402 500 3466 hoc
529 3402 623 3466 etiam
652 3402 748 3466 uerbo
778 3401 935 3483 scripturn
963 3420 1024 3466 usa
1052 3403 1110 3478 est,
1148 3397 1204 3462 uhi
1237 3415 1297 3461 nou

147 3508 268 3593 legitur
299 3509 468 3573 ‘formauit'
501 3512 557 3573 aut
590 3507 708 3585 ‘finxit’,
743 3508 812 3572 sed:
851 3507 1112 3573 Aedificauit
1144 3524 1225 3570 enm
1258 3501 1297 3566 in

238 3761 344 3831 cliph.
363 3763 389 3823 4,
412 3763 443 3816 13
513 3761 625 3816 ollem.
644 3761 670 3825 8,
689 3762 725 3814 29
793 3761 829 3815 20
848 3759 914 3816 Gen.
935 3761 960 3826 2,
981 3763 1012 3814 21
1089 3763 1123 3815 24
1141 3762 1179 3816 Ιο.
1203 3763 1243 3827 19,
1263 3762 1298 3815 34

148 3851 182 3905 27
204 3849 371 3912 Gen.2,22

185 3977 201 4028 5
227 3979 259 4028 ut
283 3974 374 4028 edituo
400 3974 587 4042 occupatu
612 3974 641 4026 in
667 3972 801 4026 unitatem
826 3972 891 4026 fidei
915 3973 942 4024 in
966 3972 1053 4026 uirum
1077 3972 1145 4041 perf.
1166 3992 1179 4042 ρ
1198 3972 1297 4026 Domh.

149 4065 320 4132 ‘ilemincy
357 4063 390 4117 10
408 4062 554 4132 [utrumq;,
573 4062 592 4115 h
613 4079 692 4124 cras,
709 4079 728 4131 9
765 4063 798 4115 12
817 4062 883 4115 nudi
902 4061 992 4115 onoc¹
1032 4061 1064 4115 13
1085 4063 1161 4131 ergo]
1177 4065 1299 4130 autumo

151 4155 183 4206 15
198 4154 282 4222 prius
300 4155 330 4205 ct
346 4167 399 4208 our.
419 4169 438 4205 u
468 4231 473 4242 ι
522 4153 554 4204 16
574 4158 665 4205 tumen
684 4168 745 4205 uus.
764 4168 795 4217 o;
815 4150 886 4203 enim
904 4150 1003 4205 Domi).
1088 4151 1121 4204 19
1140 4148 1296 4205 liberabitc

149 4278 184 4331 22
203 4257 285 4338 iacto,
303 4277 336 4330 in
352 4293 439 4346 maro.
458 4255 583 4346 nactoe
646 4277 681 4329 24
698 4276 795 4328 lancea
813 4275 920 4329 latush
993 4275 1121 4344 produxit
1141 4274 1298 4343 adesum·

149 4367 227 4420 fluxit
246 4386 278 4430 a,-
296 4365 407 4419 defluxit
425 4383 439 4434 ρ
458 4365 557 4419 Domb.

177 4491 259 4531 XXXX
275 4491 332 4539 Aug.
348 4501 419 4540 opert
432 4490 506 4532 socho
520 4491 540 4530 V
551 4501 605 4540 porr
621 4491 652 4529 11.
1230 4469 1266 4522 40
