3192 4959
343 436 394 492 De
423 438 597 492 ciuitate
625 437 688 491 dei
714 438 777 493 lib.
804 438 907 495 XVIII.
936 457 1011 509 cap.
1040 441 1083 495 51.
1211 446 1276 509 353

126 653 187 697 non
220 636 327 697 tamen
360 632 486 711 desunt,
517 633 616 698 immo
648 634 744 697 multi
776 636 852 699 sunt
883 634 982 713 intus,
1016 636 1069 717 qui
1103 636 1196 701 corda
1226 637 1277 720 pie

128 741 310 806 uiuentium
343 740 409 804 suis
441 740 574 823 perditis
601 740 743 805 moribus
771 740 927 817 oruciant;
961 743 1109 824 quoniam
1136 763 1193 828 per
1224 764 1278 810 eos

127 847 370 931 blasphematur
394 847 608 912 Christianum
633 851 665 911 et
688 846 882 913 catholicum
905 868 1031 925 nomem
1057 850 1142 933 quod
1161 854 1279 934 quanto

129 958 179 1017 est
202 954 309 1017 camus
333 954 389 1035 eis,
418 953 472 1035 qui
497 953 611 1017 uolunt
632 954 685 1036 pie
708 953 818 1018 uiuere
841 954 874 1018 in
899 954 1035 1036 Christo,
1064 960 1151 1022 tanto
1175 958 1279 1042 magis

102 1060 249 1133 odolent,
282 1060 367 1142 quod
399 1079 454 1143 per
485 1059 586 1125 malos
619 1060 706 1125 intus
737 1062 861 1142 positos
890 1060 935 1137 fit,
964 1064 1002 1127 ut
1033 1062 1149 1141 minus,
1183 1083 1279 1147 quam

128 1166 255 1249 piorum
287 1169 411 1231 mentes
445 1166 634 1241 desiderant,
668 1167 830 1251 diIIgatur.
860 1168 928 1249 Ipsi
960 1187 1086 1250 quoque
1117 1170 1279 1246 haeretici,

130 1292 204 1337 oum
237 1274 420 1357 cogitantur
450 1274 565 1338 babere
597 1292 710 1339 nomen
744 1278 776 1339 et
809 1279 1006 1339 sacramenta
1038 1275 1217 1341 Christiana
1249 1282 1281 1341 et

130 1380 306 1461 scripturas
335 1385 367 1443 et
392 1378 632 1463 professionem,
660 1400 811 1465 magnum
841 1380 980 1446 dolorem
1009 1382 1131 1447 faciunt
1159 1384 1190 1447 in
1215 1401 1281 1447 cor-

131 1486 225 1550 dibus
249 1486 389 1569 piornm;
418 1488 494 1568 quia
517 1490 550 1552 et
572 1488 667 1551 multi
689 1488 835 1552 uolentes
864 1506 934 1552 esse
959 1486 1130 1554 Christiani
1153 1493 1282 1574 propter

93 1618 115 1655 ro
130 1612 239 1657 eorum
278 1592 490 1659 dissensiones
527 1595 684 1659 haesitare
726 1598 885 1677 coguntur
926 1598 958 1659 et
998 1595 1093 1659 multi
1133 1596 1281 1661 maledici

132 1699 225 1763 etiam
256 1700 288 1763 in
322 1700 371 1764 his
406 1700 574 1765 inueniunt
600 1701 764 1765 materiam
793 1700 1034 1783 blasphemandi
1065 1702 1280 1768 Christianum

132 1826 255 1883 nornen,
280 1808 356 1889 quia
378 1810 410 1872 et
432 1808 495 1889 ipsi
518 1826 645 1890 quoquo
670 1807 763 1873 modo
788 1806 961 1872 Christiani
989 1808 1197 1892 appellantur.
1221 1810 1282 1874 His

133 1912 233 1995 adque
257 1913 464 1978 huiusmodi
488 1915 594 1996 prauis
618 1914 760 1979 moribus
785 1920 818 1978 et
841 1914 998 1979 erroribus
1027 1916 1191 1980 bominum
1214 1936 1283 1998 per-

133 2020 330 2084 secutionem
352 2022 527 2103 patiuntur,
553 2022 607 2104 qui
631 2023 746 2086 uolunt
768 2020 799 2084 in
825 2020 950 2086 ChrIsto
970 2022 1021 2103 pie
1041 2022 1161 2100 uiuere,
1186 2023 1282 2087 etiam

93 2149 115 2187 o
132 2126 218 2191 nullo
255 2125 428 2193 infestante
465 2147 567 2211 neque
604 2132 737 2194 uexante
778 2147 893 2210 corpus
934 2126 1072 2193 illorum.
1114 2129 1284 2193 Pelluntur

134 2235 250 2317 quippe
274 2234 355 2299 hanc
373 2236 628 2318 persecutionem
647 2255 708 2300 non
726 2236 758 2299 In
779 2235 977 2318 corporibus,
998 2235 1052 2299 sed
1071 2236 1101 2298 in
1123 2235 1282 2301 cordibus.

134 2342 222 2406 Unde
256 2341 315 2405 illa
345 2361 405 2407 uox
438 2347 501 2407 est:
540 2342 750 2409 Secundum
787 2340 1074 2407 multitudinem
1112 2342 1282 2407 dolorum

133 2468 299 2513 meorum
331 2449 366 2512 in
400 2449 510 2516 eorde
542 2468 631 2515 meo.
664 2448 734 2514 Non
764 2449 849 2513 enirn
877 2448 935 2513 ait:
961 2449 1006 2511 ‘In
1036 2468 1164 2531 corpore
1193 2450 1284 2513 meo?

134 2554 194 2619 Sed
221 2574 334 2620 rursus
363 2556 511 2638 quoniam
539 2556 720 2641 cogitentur
746 2556 948 2620 inmutabilia
976 2555 1084 2619 diuina
1115 2556 1283 2638 promisse,

91 2684 116 2721 ro
135 2664 168 2725 et
184 2661 271 2744 quod
287 2661 331 2725 ait
350 2662 528 2743 apostolus:
548 2663 666 2727 Nouit
684 2662 866 2727 Dominus
887 2661 950 2744 qui
970 2664 1057 2725 sunt
1076 2660 1157 2725 eius
1176 2662 1283 2744 (quos

135 2769 236 2832 enlm
260 2768 474 2850 praesciuit
493 2776 530 2833 et
548 2768 855 2851 praedestinanit
873 2768 1084 2834 conformes
1103 2768 1283 2852 Imaginis

135 2875 213 2938 filii
241 2875 311 2952 sui,
341 2895 376 2938 er
405 2876 451 2939 eis
478 2877 580 2957 perire
608 2876 716 2939 nullus
745 2873 880 2959 potest):
909 2874 980 2940 ideo
1005 2874 1149 2958 sequitur
1172 2875 1203 2939 in
1227 2874 1283 2939 illo

134 2983 275 3065 psalmo:
319 2982 612 3048 Consolationes
654 2990 742 3046 tuae
779 2980 1084 3046 iucundauerunt
1125 2981 1285 3046 animam

135 3107 261 3153 meam.
292 3089 390 3154 Dolor
417 3093 525 3154 autern
553 3090 634 3173 ipse,
663 3090 718 3171 qui
746 3089 783 3153 fit
809 3089 841 3152 iu
871 3088 1283 3171 cordibuspi01·unr,quos

89 3216 114 3257 rr
132 3199 368 3278 persequuntur
399 3217 502 3261 mores
536 3196 787 3261 Christianorum
825 3197 981 3260 malornm
1014 3197 1082 3259 siue
1119 3196 1284 3267 falsorum,

133 3302 265 3385 prodest
296 3304 490 3381 dolentibus,
523 3304 672 3386 quoniam
700 3303 738 3368 de
767 3303 897 3367 caritate
926 3301 1099 3375 descendit,
1134 3322 1196 3385 qua
1230 3320 1285 3365 eos

132 3409 237 3491 perire
264 3412 376 3475 nolunt
403 3429 461 3475 nec
483 3409 624 3494 inpedire
654 3410 787 3474 aliorum
812 3410 957 3473 salutern.
984 3408 1129 3491 Denique
1153 3426 1285 3492 magnae

134 3516 368 3583 consolationes
386 3517 468 3581 fiunt
486 3517 582 3582 etiam
602 3516 639 3580 de
659 3516 907 3581 correctionibus
927 3533 1046 3592 eorum,
1067 3533 1146 3596 quae
1161 3514 1284 3596 piorum

134 3622 256 3687 animas
278 3627 368 3688 tante
389 3623 587 3688 iucunditate
609 3622 814 3705 perfundunt,
839 3620 965 3704 quantis
986 3619 1148 3685 doloribus
1169 3619 1286 3683 desua

88 3754 114 3791 so
133 3728 310 3812 perditi0ne
342 3731 574 3796 cruciauerunt.
612 3729 665 3795 Sic
696 3729 728 3794 in
760 3730 821 3794 hoo
853 3728 991 3805 saeculo,
1024 3727 1056 3791 in
1089 3726 1138 3789 his
1171 3725 1285 3789 diebus

228 3992 262 4047 20
280 3994 305 4046 2.
325 3991 393 4045 Tim.
413 3992 438 4054 2,
458 3991 492 4045 19
565 3990 641 4043 Rom.
661 3989 686 4053 8,
706 3990 740 4042 29

177 4169 197 4221 6
215 4168 399 4239 diliganturp
464 4170 479 4222 7
500 4169 657 4237 cogitante
745 4167 762 4220 8
780 4122 945 4235 pectoribus,
965 4166 995 4218 irs
1015 4180 1098 4232 ortorp.
1120 4120 1253 4226 cordibus,
1273 4176 1287 4213 c

135 4259 298 4313 9uoleutes
316 4260 408 4329 xpiani
426 4258 485 4311 fleri
499 4274 521 4325 p
615 4258 645 4310 ll
666 4255 851 4325 plasphemp
928 4254 962 4309 20
983 4252 1106 4306 dominus
1125 4268 1184 4319 orep.
1205 4251 1287 4303 lirae

135 4348 175 4403 26
200 4346 328 4402 discendit
345 4365 363 4417 p
416 4348 452 4402 28
471 4346 633 4416 correption.
650 4362 669 4414 y
723 4345 758 4398 30
777 4344 963 4398 cruciauerant
979 4358 1023 4411 pp

165 4472 249 4513 xxxx
262 4472 318 4521 sug.
333 4484 403 4522 open
417 4472 494 4514 saeuo
508 4472 527 4512 v
541 4480 596 4520 pm
610 4470 642 4510 11.
1215 4444 1249 4496 23
