3192 4959
362 456 412 508 De
441 455 617 508 ciuitate
646 454 706 508 dei
735 455 802 508 lib.
830 454 915 510 XXII.
944 472 1019 524 cap.
1045 456 1085 508 11.
1232 457 1296 519 617

146 651 313 733 obponunt
330 650 522 733 martyribus
539 649 667 724 nostris,
685 637 785 713 nonne
806 649 902 713 etiam
920 649 991 731 ipsa
1010 669 1065 731 pro
1084 650 1174 714 nobis
1195 649 1297 714 facere

146 761 179 820 ot
216 758 307 822 nobis
345 756 540 840 reperientur
577 758 701 821 omniuo
735 755 910 838 proficere?
948 755 1029 820 Nam
1066 755 1148 820 inter·
1184 773 1298 840 magna

144 863 299 927 miracula
332 863 463 928 deorum
491 882 623 927 suorum
650 863 792 947 profecto
822 881 970 946 magnum
1005 862 1084 927 illud
1120 867 1178 939 est,
1213 863 1298 945 qnod

144 967 245 1033 Varro
282 975 519 1046 commemorat,
554 969 716 1033 Vestalem
749 969 916 1052 uirginem,
956 987 1027 1033 cum
1066 968 1299 1051 periclitaretur

116 1075 228 1139 ⁵falsa
255 1076 436 1158 suspicione
465 1076 503 1139 de
532 1079 653 1156 stupro,
682 1076 822 1139 cribrum
848 1075 989 1157 inplesse
1017 1095 1099 1158 aqua
1130 1075 1298 1139 delibari

145 1185 178 1244 et
207 1182 247 1245 ad
270 1201 347 1247 suos
374 1182 497 1246 iudices
525 1183 614 1246 nulla
642 1182 711 1247 eius
738 1185 827 1265 parte
857 1182 998 1246 stillante
1029 1187 1184 1265 portasse.
1218 1181 1297 1261 Quis

145 1306 248 1370 aquae
271 1289 396 1371 pondus
420 1308 517 1372 snpra
540 1289 678 1353 cribrum
703 1289 830 1353 tenuit?
855 1287 934 1369 Quis
958 1291 1008 1354 tot
1026 1289 1169 1354 cauernis
1189 1293 1301 1371 paten-

143 1393 232 1458 tibus
256 1395 336 1459 nihil
359 1395 432 1460 inde
454 1396 487 1459 in
511 1399 628 1460 terram
651 1397 763 1460 eadere
786 1395 955 1478 permisit?
983 1395 1180 1478 Responsuri
1205 1399 1294 1459 sunt:

143 1500 282 1582 ‘Aliquis
311 1502 390 1566 deus
419 1505 476 1566 aut
502 1502 619 1584 aliquis
647 1502 803 1566 daemon)
833 1499 867 1566 Si
897 1502 986 1580 deus,
1015 1502 1170 1583 numquid
1198 1502 1299 1566 maior

101 1615 125 1652 1⁰
145 1611 197 1670 est
219 1607 297 1686 Deo,
322 1609 378 1690 qui
400 1609 478 1672 fecit
496 1608 581 1672 hunc
599 1608 778 1673 mundum?
799 1608 832 1674 Si
852 1609 994 1687 daemon,
1015 1608 1169 1691 numquid
1189 1611 1297 1691 poten-

143 1714 207 1778 tior
235 1716 286 1778 est
312 1714 436 1798 angelo,
460 1715 515 1797 qui
542 1715 610 1780 Deo
640 1715 749 1789 seruit,
782 1735 802 1778 a
829 1735 892 1796 quo
919 1716 1025 1780 factus
1056 1717 1105 1780 est
1134 1713 1297 1778 mundus?

144 1819 178 1884 Si
208 1839 283 1903 ergo
312 1820 391 1885 deus
420 1822 522 1886 minor
549 1822 603 1886 uel
632 1821 764 1906 augelus
792 1821 845 1885 uel
874 1821 1006 1886 daemon
1034 1821 1141 1904 potuit
1173 1820 1296 1905 pondus

144 1927 246 1991 umidi
274 1928 425 1992 elementi
454 1929 501 1993 sic
529 1929 732 2012 suspendere,
762 1931 800 1992 ut
823 1947 976 2011 aquarum
1005 1928 1152 1992 uideatur
1175 1931 1299 1993 mutata

143 2033 247 2097 fuisso
271 2040 396 2098 natura:
421 2035 507 2099 itane
531 2035 618 2099 Dens
643 2036 854 2118 omnipotens,
880 2035 934 2116 qni
958 2035 1064 2099 omnia
1086 2035 1156 2117 ipsa
1176 2034 1298 2098 creauit

99 2147 125 2186 ¹⁵
143 2139 311 2219 elementa,
344 2145 467 2205 terreno
497 2142 618 2224 corpori
647 2161 743 2226 grane
770 2141 896 2224 pondus
926 2143 1046 2205 auferre
1079 2160 1140 2205 uon
1168 2140 1296 2223 poterit,

142 2253 181 2311 ut
213 2248 245 2311 in
278 2248 390 2312 eodem
422 2249 578 2313 elemento
611 2249 735 2313 habitet
767 2249 967 2312 uiuificatum
1007 2267 1131 2330 corpus,
1164 2248 1194 2311 in
1234 2267 1295 2328 quo

141 2353 284 2417 uoluerit
307 2353 475 2418 nidificans
496 2356 650 2437 spiritus?

189 2461 312 2525 Deinde
340 2480 413 2525 oum
441 2481 513 2525 aera
540 2462 682 2526 medium
710 2466 829 2544 ponant
856 2463 938 2526 iuter
963 2462 1070 2546 ignem
1099 2461 1235 2544 desuper
1265 2464 1297 2524 et

143 2585 261 2648 aquam
290 2569 409 2646 subter,
439 2568 590 2649 quidest
618 2569 702 2650 quod
726 2588 798 2632 enm
822 2569 905 2632 inter
932 2587 1046 2650 aquam
1071 2571 1104 2632 et
1126 2587 1240 2650 aquam
1265 2569 1296 2630 et

97 2683 125 2723 ²⁰
142 2672 228 2736 inter
254 2691 369 2755 aquarn
397 2683 430 2737 et
456 2677 573 2738 terram
601 2693 695 2759 saepo
722 2674 928 2739 innenimus?
961 2674 1045 2755 Quid
1073 2675 1155 2738 enim
1184 2674 1297 2739 uolunt

142 2797 217 2842 esse
239 2798 377 2860 aquosas
400 2781 511 2858 nubes,
536 2782 618 2845 inter
636 2801 714 2863 quas
738 2785 771 2845 et
788 2781 889 2846 maria
907 2801 959 2845 aer
976 2781 1100 2845 medius
1120 2779 1295 2862 reperitur?

143 2883 301 2965 Quonam,
326 2906 454 2969 quaeso,
479 2888 708 2953 elementorum
732 2888 870 2970 pondero
894 2888 996 2971 adque
1020 2887 1128 2952 ordine
1148 2886 1295 2962 efficitur,

143 2995 181 3056 ut
208 2996 365 3058 torrentes
393 2994 621 3060 uiolentissimi
652 2996 754 3077 adque
785 2995 1003 3071 undosissimi,
1037 2998 1205 3075 antequam
1235 2991 1294 3055 snb

143 3117 216 3162 aere
238 3099 271 3163 in
295 3101 386 3165 terris
412 3105 547 3177 comant,
573 3121 668 3185 super
691 3102 816 3166 cerain
841 3101 979 3166 nubibus
1003 3099 1182 3184 pendeant?
1206 3097 1296 3177 Quur

96 3218 124 3257 ²⁵
144 3205 280 3288 denique
304 3213 429 3272 aerest
452 3209 576 3272 medius
604 3209 687 3272 inter
710 3228 837 3274 summa
861 3208 938 3273 caeli
968 3210 998 3272 et
1022 3206 1107 3271 nuda
1129 3199 1295 3284 terrarum,

142 3330 272 3393 quaqua
299 3331 429 3376 uersum
458 3312 542 3378 orbis
570 3314 758 3390 extenditur,
787 3314 816 3378 si
843 3313 934 3378 locus
963 3313 1032 3378 eius
1060 3312 1143 3376 iuter
1172 3313 1296 3376 caelum

142 3423 177 3480 et
200 3437 311 3501 aquas,
331 3421 417 3485 sicut
438 3439 593 3502 aquarum
610 3421 693 3484 inter
709 3421 817 3503 ipsum
838 3423 870 3485 et
888 3425 988 3485 terras
1009 3424 1059 3484 est
1078 3419 1295 3485 constitutus?

187 3523 354 3588 Postremo
379 3525 406 3588 si
429 3525 476 3590 ita
498 3530 548 3589 est
571 3525 797 3590 elementorum
823 3525 898 3591 ordo
918 3526 1106 3608 dispositus,
1130 3529 1168 3589 ut
1186 3544 1296 3589 secun-

143 3629 220 3694 dum
249 3630 413 3695 Platonem
444 3631 569 3696 duobus
596 3632 721 3708 mediis,
750 3632 857 3696 idest
885 3652 954 3697 aere
985 3638 1016 3696 et
1039 3650 1130 3714 aqna,
1160 3631 1221 3695 duo
1247 3650 1295 3695 er·

93 3755 121 3793 eo
141 3741 255 3816 trema,
284 3737 317 3801 id
341 3740 392 3802 est
417 3738 501 3822 iguis
531 3744 564 3802 et
591 3743 684 3816 terra,
713 3740 887 3822 iungantur
910 3739 1052 3821 caelique
1077 3738 1218 3802 obtineat
1240 3737 1294 3801 ille

178 4001 195 4052 5
215 3997 249 4052 de
268 4004 362 4069 stupro
381 3999 452 4054 falsa
469 4001 623 4070 suspicione
642 4001 741 4057 Domb.
830 4003 846 4054 6
866 4003 942 4070 parte
963 3999 1085 4053 stillante
1107 3999 1294 4070 abeypora

142 4087 316 4157 perstillaute
335 4092 413 4158 parte
433 4107 446 4159 ρ
465 4089 565 4144 Domb.
663 4090 697 4144 10
715 4090 787 4144 buno
807 4106 917 4143 masura
934 4106 952 4158 p
1044 4090 1077 4142 14
1096 4089 1156 4157 ipsa
1176 4105 1294 4158 aoypp

141 4177 257 4245 Domb.;
275 4177 334 4247 ipse
355 4178 424 4232 bno
498 4180 529 4232 15
550 4179 628 4247 graui
645 4196 663 4247 p
744 4183 838 4248 potest
857 4195 891 4232 eo:
908 4178 1010 4246 poterit
1030 4193 1099 4231 corr.
1120 4177 1149 4242 b,·
1168 4178 1261 4247 potuit
1278 4195 1296 4246 9

143 4268 178 4320 16
196 4276 228 4321 nt
246 4283 298 4321 om.
317 4283 334 4334 p
400 4269 434 4320 22
454 4275 498 4336 qm
518 4271 563 4333 (=
584 4268 721 4336 quoniam)
741 4285 758 4335 p
845 4266 1202 4335 atque....uiolentissi1ni
1221 4283 1256 4322 aa.
1276 4273 1295 4320 2

141 4357 174 4407 in
191 4369 312 4424 morae
367 4355 401 4408 26
421 4371 565 4424 quaquep
620 4355 655 4409 30
675 4354 851 4423 obtineantp
