3192 4959
321 445 388 508 554
677 442 703 495 S.
732 442 889 496 Aurelii
916 441 1132 512 Augustini

325 638 379 701 sio
408 640 529 701 tamen
559 639 668 720 quasi
691 657 755 720 por
777 639 913 721 ignem.
946 639 1066 702 Dicunt
1089 657 1164 721 orgo
1189 639 1364 703 cuiuslibet
1386 639 1464 704 uitae

324 743 515 809 catholicum
537 744 751 809 Christianum
772 744 936 809 Christum
956 744 1072 808 habere
1094 745 1127 808 in
1151 743 1369 822 fundamento,
1389 745 1464 826 quod

323 849 565 914 tundamentum
597 851 686 915 nulla
718 852 859 915 haeresis
892 851 987 915 habet
1020 871 1038 916 a
1070 852 1209 934 corporis
1243 852 1312 916 eius
1350 853 1463 916 unitata

322 958 478 1038 praecium
513 959 545 1021 et
575 957 647 1022 ideo
680 964 809 1041 propter
840 959 900 1022 hoo
928 957 1181 1032 fundamentum,
1211 959 1338 1022 etiamsi
1370 959 1463 1022 malae

322 1062 409 1126 uitae
432 1064 529 1127 fuerit
548 1064 725 1129 catholicus
747 1065 956 1141 Christianus,
977 1064 1067 1128 uelut
1086 1065 1141 1145 qui
1160 1065 1463 1147 superaedificauerit
1485 1079 1494 1117 ⁵

322 1167 419 1252 ligna,
447 1169 566 1247 fenum,
596 1171 759 1252 stipulam,
787 1175 905 1253 putant
932 1191 1004 1236 oum
1034 1171 1160 1236 saluum
1183 1171 1251 1235 fieri
1275 1191 1332 1254 per
1353 1171 1461 1255 ignem,

322 1276 355 1340 id
387 1281 437 1341 est
468 1279 542 1360 post
569 1297 687 1359 poenas
714 1278 797 1362 ignis
826 1278 914 1343 illius
942 1278 1078 1354 liberari,
1107 1298 1168 1360 quo
1196 1279 1271 1362 igno
1298 1279 1332 1342 in
1356 1279 1461 1342 ultimo

321 1382 440 1448 iudicio
464 1383 635 1465 punientur
656 1384 743 1448 mali.

765 1577 902 1644 CAPUT
925 1577 1025 1643 XXII.

322 1720 374 1784 De
406 1721 476 1798 his,
506 1720 568 1802 qui
600 1724 737 1804 putant
769 1740 810 1784 ea
842 1721 1007 1797 crimina,
1038 1740 1131 1802 quae
1160 1721 1258 1784 inter
1291 1719 1491 1802 elemospu

322 1845 452 1890 narum
477 1845 589 1909 opera
613 1828 914 1906 committuntur,
940 1827 983 1892 ad
1007 1827 1259 1893 damnationis
1283 1827 1456 1891 iudicium

776 1953 845 1999 non
871 1953 1010 1998 uocari.

366 2073 513 2155 Comperi
545 2074 639 2139 etiam
672 2075 827 2157 quosdam
859 2077 970 2157 putare
1003 2095 1056 2140 eos
1089 2075 1310 2140 tantummodo
1342 2091 1455 2138 arsuros

318 2180 407 2243 illius
431 2180 616 2243 aeternitate
640 2179 801 2262 supplicii,
821 2180 875 2261 qui
900 2199 954 2261 pro
978 2181 1118 2264 peccatis
1143 2181 1210 2245 suis
1234 2181 1338 2245 iacere
1357 2181 1455 2264 dignas

322 2286 519 2368 elemosynas
543 2285 727 2371 neglegunt,
751 2287 840 2350 iuxta
864 2287 945 2350 illud
970 2288 1105 2369 apostoli
1129 2287 1250 2351 Iacobi:
1279 2287 1454 2352 Iudicium
1471 2303 1490 2342 u

321 2396 446 2456 autem
479 2393 559 2456 siue
591 2393 857 2458 misericordia
888 2393 959 2470 illi,
994 2394 1058 2474 qui
1095 2413 1164 2458 non
1197 2393 1293 2457 fecit
1324 2391 1454 2456 miseri-

321 2501 495 2564 cordiam.
521 2499 582 2579 Qui
607 2520 680 2583 ergo
704 2501 790 2577 fecit,
815 2501 973 2583 inquiunt,
997 2501 1145 2583 quamuis
1169 2519 1273 2564 mores
1296 2500 1327 2564 in
1350 2497 1453 2563 molius

319 2627 380 2670 non
413 2607 596 2686 mutauerit‚
626 2607 682 2672 sed
714 2608 795 2672 iuter
827 2608 913 2691 ipsas
948 2627 1022 2672 suas
1056 2609 1254 2688 elemosynas
1282 2605 1394 2670 nefarie
1423 2619 1453 2665 ac

320 2713 466 2795 nequiter·
493 2714 617 2790 uixerit,
641 2712 795 2776 indicium
824 2714 871 2776 illi
900 2733 973 2780 cunr
1001 2713 1217 2778 misericordia
1239 2713 1380 2776 futurum
1401 2714 1452 2777 est,

320 2825 357 2884 ut
385 2823 441 2884 aut
467 2820 556 2883 nulla
578 2820 783 2906 'damnatione
814 2821 971 2903 plectatur
998 2823 1055 2884 aut
1081 2823 1155 2902 post
1182 2819 1314 2902 aliquod
1341 2823 1487 2898 tempusa

320 2927 388 2989 siue
412 2945 545 3008 paruum
571 2927 639 2989 siuo
662 2927 819 3007 prolixum
844 2927 883 2990 ab
907 2927 962 2991 illa
986 2926 1186 2991 damnatione
1205 2925 1365 2990 liberetur.
1386 2922 1450 2987 Ideo

319 3032 457 3096 indicem
481 3033 586 3114 ipsum
610 3032 758 3096 uiuorum
782 3033 885 3114 adque
909 3037 1105 3098 mortuorum
1126 3033 1269 3098 uoluisse
1288 3031 1450 3096 existimaui

320 3139 407 3200 aliud
431 3158 677 3203 commemorare
701 3158 735 3203 se
759 3158 830 3203 essa
855 3139 1014 3204 dicturum
1039 3141 1108 3204 siue
1132 3138 1262 3216 dextris,
1283 3139 1393 3222 quibus
1410 3140 1450 3199 est

319 3244 419 3308 uitam
444 3245 575 3310 daturus
600 3251 770 3322 aeternam,
790 3246 860 3311 siue
884 3247 1032 3326 sinistris
1053 3265 1132 3329 quos
1157 3251 1284 3312 aeterno
1308 3242 1449 3328 supplicio

320 3352 535 3429 damnaturus,
560 3352 622 3417 nisi
650 3352 847 3435 elemosynas
876 3354 945 3418 siue
969 3355 1068 3418 factas
1094 3353 1164 3417 sino
1187 3373 1248 3418 11011
1271 3353 1377 3418 factas.
1409 3346 1448 3412 Ad
1463 3369 1485 3408 a

318 3459 378 3522 hoc
400 3458 556 3539 pertinere
581 3458 670 3522 aiunt
688 3457 769 3522 etin
789 3459 929 3525 oratione
948 3460 1115 3525 Dominica
1133 3459 1337 3524 cottidianam
1356 3461 1449 3542 postu-

318 3565 483 3629 lationem:
520 3564 682 3629 Dimitte
719 3565 828 3630 nobis
862 3566 990 3630 debita
1023 3569 1161 3644 nostra,
1197 3566 1300 3630 sicut
1331 3569 1366 3628 et
1393 3576 1447 3624 nos

409 3740 441 3792 15
459 3739 514 3792 Iac.
534 3740 558 3803 2,
579 3739 612 3792 13
668 3739 701 3792 23
720 3738 769 3791 Mt.
790 3740 833 3796 25.
853 3739 888 3793 34
907 3757 966 3810 sqq.
1021 3741 1055 3792 21
1075 3739 1114 3793 11).
1134 3741 1159 3803 6,
1181 3741 1213 3793 12

353 3864 369 3914 2
389 3861 468 3915 abere
485 3880 503 3931 q
550 3864 579 3916 11
602 3863 806 3932 001111111111119,Ι
825 3865 1005 3917 committitur
1022 3866 1048 3932 s‚·
1068 3865 1280 3932 continentnrp
1324 3864 1356 3916 14
1372 3859 1445 3913 ruere

317 3967 367 4005 001.
387 3952 429 4019 tq
472 3953 504 4004 15
524 3951 691 4019 elemosynas
712 3967 844 4021 neppam
863 3953 1016 4006 elimosinas
1035 3955 1051 4006 b
1057 3971 1093 4021 p;
1111 3953 1298 4021 eleemosynas
1315 3967 1331 4005 0
1373 3950 1400 4001 16
1412 3945 1444 3998 lu·

317 4041 355 4093 cit
378 4039 473 4118 qp}u;
497 4040 635 4093 feceritt
743 4040 810 4094 fecit
836 4059 994 4112 uepppoq
1018 4041 1180 4096 feceritbo
1273 4031 1442 4100 1111101110ί

317 4165 350 4216 22
369 4131 429 4234 ipsq
450 4182 463 4218 c
532 4166 566 4218 23
587 4165 682 4217 destris
699 4183 717 4234 q
784 4167 819 4219 ¹24
840 4166 946 4235 quodq
1013 4167 1047 4221 25
1068 4165 1245 4220 damnaturus
1264 4169 1305 4218 est
1323 4164 1352 4229 d,·
1368 4163 1404 4215 est
1419 4158 1442 4208 io

317 4271 434 4322 rampe
506 4253 696 4323 lielirnosin.p
737 4255 770 4308 26
791 4256 1038 4326 aiuntsqpertinere,
1057 4255 1088 4308 a'u
1106 4255 1312 4324 mammutium,
1325 4270 1346 4321 p
1394 4263 1442 4302 ora·

316 4342 419 4395 tionem
439 4341 636 4410 dominicarup
708 4341 811 4395 domini
830 4343 846 4396 b
