3192 4959
302 489 353 541 Dc
383 489 557 541 ciuitate
586 488 646 541 dai
675 487 739 543 lib.
768 487 853 541 XVII.
883 505 959 558 cap.
990 489 1031 543 11.
1064 490 1105 541 12.
1211 492 1272 553 241

134 682 254 747 habeo
279 682 449 764 ponendi
476 684 645 745 animam
669 702 794 746 meam
819 685 857 746 et
880 686 1128 767 potestatem
1149 683 1276 747 habeo

133 790 279 853 iterum
303 789 492 853 sumendi
516 808 608 853 eam.

586 980 723 1047 CAPUT
746 982 819 1046 XII.

130 1124 182 1187 Ad
216 1143 387 1206 quorum
419 1142 633 1205 personam
665 1123 874 1207 pertinere
907 1122 1190 1207 intellegenda
1222 1124 1278 1187 sit

107 1230 347 1315 silagitatio
371 1231 678 1311 promissorum,
703 1230 748 1295 de
772 1229 922 1312 quibus
946 1230 984 1292 in
1008 1229 1161 1312 psalmo
1182 1230 1277 1294 dioi-

131 1346 208 1403 tur:
243 1337 320 1401 Ubi
354 1343 449 1401 sunt
480 1337 790 1402 misericordiae
824 1340 927 1415 tuae,
967 1336 1143 1411 Domine,
1178 1336 1275 1400 anti-

536 1463 637 1525 quae
662 1448 700 1508 et
723 1447 870 1508 cetera.

173 1584 235 1648 Sed
267 1589 372 1648 cetera
398 1585 514 1667 psalmi
541 1584 648 1661 huius,
682 1604 761 1667 quae
789 1584 835 1648 ita
863 1603 897 1648 se
925 1584 1057 1647 habent:
1091 1584 1162 1649 Ubi
1192 1588 1280 1647 sunt

132 1691 399 1755 miserationes
440 1693 529 1755 tuae
566 1691 756 1773 antiquae,
796 1691 965 1765 Domine,
1009 1710 1099 1773 quas
1137 1691 1278 1753 iurasti

94 1826 116 1861 ro
134 1796 251 1861 Dauid
284 1796 320 1861 in
349 1797 514 1861 ueritate
543 1802 628 1862 tua?
658 1798 858 1875 Memento,
888 1797 1056 1873 Domine,
1083 1796 1279 1878 obprobrii

133 1923 326 1968 seruorum
360 1910 521 1979 tuorum,
559 1905 656 1986 quod
689 1903 860 1968 continui
893 1904 928 1967 in
964 1905 1046 1968 sinu
1079 1922 1157 1967 meo
1190 1902 1279 1967 mul-

133 2015 249 2075 tarum
294 2012 478 2095 gentium3
522 2011 619 2093 quod
662 2012 985 2095 exprobrauerunt
1026 2010 1174 2074 inimici
1211 2010 1278 2089 tui,

134 2116 304 2190 Domine;
322 2118 419 2198 quod
437 2118 768 2201 exprobraueruut,
789 2118 1120 2183 commutationem
1137 2116 1279 2182 Christi

133 2224 198 2300 tui,
230 2228 340 2288 utrum
374 2242 409 2287 er
441 2244 576 2305 persona
605 2224 691 2288 dicta
723 2226 788 2289 sint
814 2225 943 2290 illorum
970 2224 1196 2300 Israelitarum,
1226 2223 1280 2304 qui

90 2360 113 2396 n
132 2329 354 2393 desiderabant
394 2331 482 2395 reddi
524 2331 586 2396 sibi
626 2331 880 2414 promissionem,
918 2350 998 2413 quae
1035 2332 1119 2395 facta
1155 2334 1204 2393 est
1240 2330 1280 2393 ad

132 2435 246 2512 Dauid,
276 2454 314 2499 an
342 2437 451 2518 potius
480 2436 742 2515 Christianorum,
772 2441 827 2521 qui
854 2457 915 2501 non
941 2438 1116 2502 secundum
1144 2455 1279 2512 carnem,
1339 2496 1347 2514 ‚

132 2542 188 2605 sed
216 2543 391 2607 secundum
420 2526 566 2626 spiritum
596 2551 671 2609 sunt
694 2546 868 2621 Israelitae,
897 2546 1009 2610 merito
1035 2544 1142 2626 quaeri
1164 2546 1279 2625 potest.

132 2647 225 2711 Dicta
249 2652 325 2712 sunt
348 2650 463 2733 quippe
490 2651 553 2714 ista
576 2652 628 2715 uel
652 2652 769 2733 scripta
793 2656 945 2733 tempore,
975 2671 1035 2733 quo
1061 2650 1122 2714 fuit
1144 2648 1278 2725 hethan,

131 2754 168 2817 de
207 2756 299 2820 cuius
337 2758 463 2821 nomine
497 2759 629 2822 titulum
672 2760 732 2821 iste
768 2760 912 2840 psalmus
950 2758 1086 2840 accepit;
1129 2759 1162 2820 et
1195 2755 1280 2819 idem

89 2869 260 2944 retempus
291 2864 380 2947 regni
411 2864 517 2927 Dauid
549 2865 623 2941 fuit3
658 2884 694 2929 ac
726 2884 782 2947 per
814 2866 874 2929 hoc
906 2885 966 2929 non
1000 2865 1169 2928 diceretur:
1206 2862 1280 2927 Ubi

132 2972 224 3031 sunt
241 2970 509 3035 miserationes
529 2974 615 3035 tuae
635 2972 822 3053 antiquae,
842 2972 1008 3047 Domine,
1030 2989 1122 3052 quas
1141 2968 1280 3033 iurasti

131 3072 255 3137 Dauid
287 3076 324 3139 in
359 3077 523 3141 ueritate
556 3080 641 3142 tua?
674 3079 734 3142 nisi
764 3098 871 3143 eorum
899 3097 1064 3159 personam
1093 3078 1124 3140 in
1154 3094 1187 3140 se
1210 3094 1280 3156 pro-

130 3181 233 3261 pheta
262 3183 513 3266 transfiguraret,
547 3185 601 3265 qui
633 3186 727 3268 longe
758 3191 872 3266 postea
902 3184 1001 3248 futuri
1034 3188 1132 3260 erant,
1164 3182 1280 3263 quibus

130 3286 193 3352 hoc
217 3293 343 3371 tempus
368 3293 455 3355 esset
477 3291 653 3372 antiquum,
678 3293 802 3373 quando
827 3292 893 3375 regi
916 3291 1021 3355 Dauid
1043 3292 1107 3355 ista
1124 3289 1281 3373 promissa

88 3421 113 3463 aa
131 3398 217 3460 sunt.
240 3396 352 3462 Potest
370 3402 476 3462 autem
496 3398 639 3482 intellegi
658 3400 776 3463 multas
797 3402 917 3482 gentes,
938 3398 1061 3481 quando
1083 3397 1279 3462 Christianos

128 3504 411 3585 persequebantur,
453 3506 657 3587 exprobrasse
694 3505 760 3568 illis
796 3506 977 3587 passionem
1017 3505 1146 3579 Christi,
1184 3522 1279 3585 quam

132 3608 289 3691 scriptura
312 3612 595 3676 commutationem
619 3616 723 3677 uocat.
749 3612 898 3693 quoniam
922 3612 1084 3676 moriendo
1103 3608 1280 3673 inmortalis

132 3717 186 3783 est
208 3714 319 3781 factus.
343 3716 456 3781 Potest
479 3720 510 3781 et
533 3717 739 3782 commutatio
765 3716 883 3781 Christi
908 3717 1082 3781 secundum
1101 3716 1160 3780 hoc
1180 3714 1280 3795 accipi

132 3821 319 3905 exprobrata
355 3821 520 3902 Israelitis,
557 3824 639 3905 quia,
678 3842 748 3887 curn
787 3842 895 3887 eorum
933 3826 1110 3906 speraretur
1142 3822 1280 3897 futurus,

225 4085 302 4139 aes.
322 4086 366 4151 aa,
386 4086 421 4140 ao
439 4102 479 4155 sq.

143 4210 405 4265 ·6misericordiaa
423 4213 553 4281 syppa-
571 4212 757 4265 miserationes
776 4210 875 4264 Domb.
927 4212 961 4263 14
979 4209 1020 4262 tui
1040 4224 1124 4261 ome
1172 4185 1204 4260 l'l
1224 4206 1277 4275 spi·

132 4302 232 4370 ritum]
249 4302 380 4357 christum
395 4318 414 4370 p
460 4303 494 4355 18
512 4302 567 4355 ieta
585 4302 719 4371 quippeq
774 4301 865 4354 etham
881 4317 956 4371 ppo
1000 4300 1034 4353 21.
1053 4294 1283 4352 misericordiaee

135 4394 173 4445 22
194 4393 323 4463 propheta
339 4408 397 4462 po3
413 4391 560 4462 prophetia
577 4392 635 4445 rell.
654 4390 754 4445 Domb.
810 4392 843 4444 25
863 4388 1022 4460 persequebss
1041 4388 1139 4443 Christ.
1159 4404 1175 4440 v

164 4518 247 4559 xxxx
261 4520 320 4569 nug.
335 4528 406 4567 open
419 4515 496 4557 suerro
511 4515 531 4557 v
544 4526 596 4566 pm
610 4516 641 4555 rr.
1212 4492 1244 4544 16
