3192 4959
336 455 386 508 De
415 455 587 510 ciuitate
617 455 677 509 dei
706 456 771 509 lib.
793 455 864 511 xvl.
893 473 968 527 cap.
991 456 1106 512 22-24.

143 649 253 714 merari
281 669 342 715 nou
371 649 489 730 ualent,
518 650 593 734 quia
620 670 676 715 uec
706 670 816 716 omues
840 671 893 716 aas
917 651 1019 716 uideri
1041 671 1135 734 posse
1161 652 1286 716 ereden-

142 757 214 822 dum
245 761 302 822 est.
327 755 409 822 Nam
434 760 550 840 quanto
575 756 709 840 quisque
733 759 860 822 acutius
884 758 1036 836 intuetur,
1065 763 1154 823 tanto
1178 760 1286 842 plures

142 865 236 930 uidet.
275 863 366 930 Unde
402 867 433 928 et
465 865 614 928 acerrime
648 866 850 930 cernentibus
883 865 1006 948 aliquos
1040 867 1182 931 occultas
1216 885 1286 930 esse

141 971 251 1036 merito
280 970 488 1048 existimatur,
517 969 657 1053 exceptis
681 971 727 1035 eis
756 971 924 1048 sideribus,
953 991 1033 1054 quae
1057 971 1089 1036 in
1112 972 1175 1036 alia
1196 975 1286 1054 parte

116 1077 222 1142 sorbis
247 1097 266 1142 a
289 1078 380 1142 nobis
404 1077 620 1142 remotissima
642 1078 715 1142 oriri
744 1082 776 1143 et
810 1078 951 1144 occidere
978 1078 1193 1162 perhibentur.
1226 1079 1286 1142 Po-

142 1189 257 1249 stremo
286 1185 479 1267 quicumque
507 1184 692 1249 uniuersum
717 1185 883 1250 stellarum
906 1205 1072 1250 numerum
1096 1186 1286 1269 conprehen-

142 1290 222 1357 disse
256 1294 289 1356 et
321 1291 546 1374 conscripsisse
578 1291 746 1370 iactantur,
784 1293 870 1359 sicut
900 1293 1018 1358 Aratus
1051 1294 1104 1358 uel
1135 1293 1284 1358 Eudorus

140 1399 188 1462 uel
222 1399 249 1464 si
285 1398 339 1482 qui
372 1398 426 1462 alii
459 1401 543 1476 sunt,
578 1419 631 1465 eos
664 1401 738 1464 libri
769 1401 867 1464 huius
898 1400 1072 1466 contemnit
1099 1401 1284 1466 auctoritas.

140 1503 195 1569 Hic
234 1523 311 1570 sane
347 1503 403 1568 illa
439 1505 596 1570 sententia
631 1506 769 1588 ponitur,
809 1506 901 1570 cuius
938 1507 1104 1589 apostolus
1140 1507 1286 1571 meminit

105 1633 125 1672 ro
141 1617 266 1694 propter
293 1611 353 1676 Dei
381 1611 517 1695 gratiam
545 1612 841 1677 commendandam:
870 1613 1058 1679 Credidit
1084 1614 1283 1678 Abraham

140 1717 228 1794 Deo,
259 1720 299 1782 et
326 1717 568 1802 deputatum
592 1723 655 1783 est
676 1719 745 1783 illi
770 1719 817 1783 sd
840 1719 1064 1794 iustitiam
1089 1741 1127 1784 ne
1151 1721 1284 1785 circum·

141 1823 212 1889 cisio
253 1823 441 1908 gloriaretur
477 1827 652 1908 gentesque
688 1826 927 1893 incircumcisas
962 1827 1002 1892 ad
1038 1826 1133 1892 fidem
1166 1827 1284 1893 Christi

140 1931 234 1994 nollet
273 1930 409 1996 admitti.
446 1931 516 1995 Hoc
553 1929 635 1995 enim
669 1931 793 2014 quando
826 1933 946 1998 factum
980 1938 1039 2012 est,
1076 1939 1113 1998 ut
1145 1933 1285 1998 credenti

140 2035 281 2101 Abrahae
315 2037 519 2120 deputaretur
550 2037 628 2102 fides
662 2037 701 2102 ad
728 2038 896 2114 iustitiam,
929 2039 1068 2104 noudum
1095 2039 1199 2105 fuerat
1226 2040 1283 2104 oir-

104 2167 125 2205 s
141 2160 310 2208 cnmc1sus.

561 2336 697 2402 CAPUT
722 2338 854 2404 XXIIII.

140 2477 186 2542 De
223 2477 513 2561 significatione
552 2479 748 2557 sacrificii,
787 2480 883 2562 quod
921 2481 1106 2544 Abraham
1139 2481 1280 2546 offerre

138 2589 359 2668 praeceptus
389 2589 456 2662 est,
486 2605 567 2650 curn
591 2586 843 2669 poposcisset,
874 2591 914 2651 ut
938 2587 980 2652 de
1005 2587 1063 2652 his
1088 2607 1182 2669 quae
1206 2606 1280 2652 cre-

518 2692 665 2756 diderat
688 2692 898 2758 doceretur.

102 2849 124 2890 so
179 2833 213 2897 In
243 2833 354 2899 eodem
384 2833 457 2899 uisu
486 2853 558 2898 cum
587 2835 770 2918 loqueretur
793 2834 822 2899 ei
846 2836 944 2914 Deus,
969 2835 1065 2902 etiam
1089 2838 1148 2902 hoe
1172 2837 1218 2901 ait
1241 2836 1279 2901 ad

137 2939 239 3005 illum:
260 2941 335 3025 Ego
357 2941 468 3018 Deus,
489 2940 550 3024 qui
571 2941 737 3006 eduxite
758 2941 972 3026 deregioue
993 2942 1279 3020 Chaldaeorum,

139 3051 175 3112 ut
202 3047 283 3114 dem
312 3047 385 3112 tibi
413 3051 550 3112 terram
578 3048 680 3124 hano,
710 3051 752 3113 ut
779 3047 887 3113 heres
917 3050 970 3114 sis
1001 3049 1093 3116 eius.
1117 3049 1181 3116 Ubi
1205 3070 1277 3116 eum

136 3153 361 3237 interrogasset
383 3153 541 3218 Abrabam
566 3153 739 3218 secundnm
764 3154 839 3237 quid
864 3156 970 3231 sciret,
995 3154 1079 3236 quod
1098 3155 1189 3220 heres
1210 3157 1278 3220 eius

136 3263 201 3339 erit,
235 3260 315 3324 dixit
342 3259 391 3324 illi
419 3259 520 3324 Deus:
553 3259 690 3343 Accipe
718 3260 810 3325 mihi
838 3262 1035 3326 iuuentam
1063 3263 1213 3327 trimam
1242 3268 1279 3326 et

98 3381 279 3449 ”capram
316 3366 464 3431 trimam
502 3371 538 3431 et
575 3367 730 3431 arietem
764 3368 919 3432 trimum
952 3372 988 3433 et
1020 3372 1209 3434 turturem
1241 3374 1278 3434 et

136 3474 354 3539 columbam.
383 3473 542 3556 Accepit
570 3477 694 3538 autern
722 3473 784 3538 illi
811 3473 905 3538 haee
934 3475 1057 3540 omnia
1079 3479 1116 3540 et
1139 3475 1279 3540 diuisit

135 3580 199 3644 illa
222 3581 345 3645 media
370 3583 407 3644 et
430 3579 562 3662 posuit
586 3598 626 3643 ea
650 3583 779 3644 contra
803 3580 940 3644 faciem
965 3583 1123 3646 alterum
1150 3582 1276 3658 alteri;

222 3788 257 3844 ιο
277 3787 341 3842 cen.
363 3789 441 3851 rso
496 3771 586 3842 arro.
607 3789 621 3840 r
642 3805 699 3858 sqq.

167 3916 370 3984 dquantnmp
452 3911 631 3966 3uidentV
732 3915 864 3984 occultas]
886 3915 939 3968 ‘bic
957 3915 1058 3968 desinit
1077 3916 1181 3969 lamina
1200 3916 1231 3968 in
1251 3919 1275 3966 α’

133 4001 229 4060 Dornb.
301 3987 366 4058 tin
385 3988 559 4071 aliaquaee
631 4003 694 4056 iet
713 4019 814 4057 consor.
833 4002 934 4057 om.V
1005 4003 1103 4072 thile,
1122 4020 1140 4056 n
1159 4003 1275 4065 erased)

134 4093 280 4162 opponitur
304 4090 404 4161 Vb²p‚·
428 4091 575 4160 apponitur
597 4090 635 4155 b¹‚
660 4091 780 4158 fortasse
805 4098 888 4158 rectc,·
912 4091 1022 4161 ponitur
1047 4092 1106 4144 rell.
1133 4107 1150 4146 v
1174 4091 1274 4145 Domh.

135 4183 164 4236 13
183 4181 303 4236 ammitti
325 4181 374 4252 Vp
412 4179 445 4234 18
464 4177 621 4247 crederetp
661 4181 694 4234 21
715 4185 743 4233 te
764 4179 876 4233 eduxit
929 4183 957 4232 te
976 4195 1063 4248 orn.9
1099 4181 1133 4233 22
1153 4179 1276 4232 darsmc

133 4273 165 4324 24
178 4270 348 4326 iuuencolsrn
360 4287 374 4339 p
433 4269 584 4324 iuuencam.
598 4269 781 4338 superscripto
796 4270 912 4331 trimam,
923 4268 954 4335 b,·
967 4268 1109 4322 iuueneam
1124 4269 1236 4338 primam
1252 4265 1278 4317 Γ

134 4361 165 4414 ‘25
184 4360 332 4414 arietume
385 4358 419 4413 26
438 4355 485 4411 ille
505 4356 548 4410 ab
621 4357 687 4412 haec
706 4358 786 4412 illee
842 4359 876 4411 27
897 4357 939 4426 ea]
958 4357 1039 4410 illae
