3192 4959
253 427 305 480 De
333 428 507 481 ciuitate
536 427 597 482 dei
624 428 690 485 lib.
714 429 815 483 XVIII.
838 429 951 483 XVIIII.
977 445 1052 499 esp.
1080 431 1124 484 54.
1150 431 1174 485 1.
1230 431 1294 496 363

143 622 326 704 exponenda
341 627 425 701 sunt,
446 627 600 706 quantum
619 625 723 707 operte
742 624 838 688 huius
858 624 1047 689 terminandi
1065 623 1145 690 ratio
1164 625 1295 708 patitur,

142 733 332 813 argumenta
354 731 547 809 mortalium,
572 731 688 814 quibus
712 732 860 814 sibiipsi
884 731 1113 796 beatitudinem
1136 732 1239 796 fauere
1263 733 1294 796 in

141 835 239 900 buius
264 836 350 901 uitae
372 836 558 901 infelicitate
581 837 687 902 moliti
710 841 795 916 sunt,
824 841 862 902 ut
884 838 922 902 ab
948 857 1056 902 eorum
1084 838 1178 902 rebus
1202 838 1294 902 uanis

141 962 214 1026 spes
240 947 352 1008 nostra
374 941 450 1024 qnid
475 943 607 1019 differat,
632 961 726 1026 quam
750 943 840 1007 Dens
863 943 954 1008 nobis
979 944 1075 1022 dedit,
1096 947 1128 1008 et
1145 963 1195 1010 res
1215 945 1294 1027 ipsa,

111 1050 201 1114 ehoe
230 1053 283 1114 est
310 1069 386 1114 nera
412 1049 587 1128 beatitudo,
616 1068 712 1132 quarn
741 1049 838 1128 dabit,
867 1069 928 1116 non
952 1054 1077 1116 tantum
1107 1051 1295 1116 auctoritate

142 1156 263 1231 diuina,
297 1155 354 1221 sed
381 1155 523 1220 adhibita
551 1157 647 1220 etism
675 1157 807 1234 ratione,
842 1157 968 1239 qualem
995 1159 1124 1240 propter
1151 1156 1296 1221 infideles

138 1281 317 1346 possumus
350 1261 507 1339 adhibere,
540 1263 704 1328 clarescat.
738 1262 785 1327 De
818 1263 935 1326 finibus
970 1263 1054 1328 enim
1081 1262 1233 1327 bonorum
1263 1266 1296 1327 et

138 1370 301 1434 maiorum
320 1370 422 1433 multa
439 1372 471 1434 et
489 1369 711 1453 multiplieiter
728 1369 810 1434 iuter
829 1389 863 1434 se
881 1368 1064 1453 philosophi
1078 1368 1293 1451 disputarunt3

140 1497 237 1558 quam
259 1477 477 1558 quaestionem
496 1476 633 1540 maxima
654 1477 829 1542 intentione
849 1479 1013 1542 uersantes
1032 1475 1173 1540 inuenire
1192 1476 1295 1540 eonati

98 1604 123 1640 ro
141 1587 227 1660 sunt,
255 1582 332 1665 quid
356 1582 475 1646 efficiat
496 1583 658 1647 homiuem
681 1583 820 1649 beatum.
845 1583 930 1648 Illud
955 1583 1039 1647 euim
1062 1585 1112 1647 est
1129 1581 1202 1646 finis
1221 1581 1296 1647 boni

138 1690 254 1766 nostri,
287 1694 416 1772 propter
450 1691 535 1774 qnod
572 1691 748 1774 adpetenda
785 1695 861 1756 sunt
893 1695 1006 1767 cetere,
1042 1691 1149 1774 ipsum
1187 1697 1295 1754 autem

138 1801 274 1880 propter
301 1816 335 1860 se
360 1797 482 1880 ipsum;
512 1801 544 1860 et
571 1797 652 1862 illud
679 1798 751 1862 finis
779 1798 866 1876 maii,
895 1801 1023 1880 propter
1051 1797 1135 1880 quod
1165 1797 1296 1861 uitanda

138 1908 218 1970 sunt
242 1906 358 1978 uetera,
381 1903 489 1985 ipsum
512 1907 620 1969 autem
644 1909 772 1988 propter
796 1923 830 1968 se
854 1904 971 1986 ipsum.
995 1903 1105 1968 Finem
1125 1903 1200 1968 boui
1219 1922 1294 1988 ergo

137 2029 225 2074 nune
250 2009 400 2087 dicimus,
423 2028 485 2074 non
510 2028 572 2093 quo
597 2013 812 2083 consumatur,
837 2013 874 2074 ut
896 2029 957 2076 non
982 2010 1035 2088 sit,
1059 2010 1114 2074 sed
1139 2029 1200 2091 quo
1225 2028 1295 2090 per-

95 2134 119 2172 rs
137 2116 279 2194 finiatur,
303 2117 341 2180 ut
362 2117 492 2198 plenum
517 2117 574 2193 sit;
605 2119 638 2181 et
660 2116 754 2181 duem
778 2117 864 2193 mali,
893 2136 954 2182 non
980 2136 1041 2200 quo
1066 2135 1136 2181 esse
1160 2115 1294 2196 desinat,

138 2224 197 2287 sed
222 2242 287 2305 quo
313 2242 413 2304 usque
436 2222 578 2288 nocendo
602 2223 764 2306 perducet.
787 2223 883 2288 Fines
907 2224 1014 2305 itaque
1037 2223 1092 2288 isti
1116 2225 1192 2286 sunt
1210 2241 1294 2286 sum-

136 2348 231 2393 mum
272 2328 392 2394 bonum
430 2331 461 2393 et
498 2349 660 2394 summum
696 2328 827 2395 malum.
865 2330 913 2394 De
951 2329 1067 2412 quibus
1094 2328 1293 2394 inueniendis

136 2436 244 2519 adque
277 2436 311 2500 in
337 2435 397 2500 hae
424 2436 492 2500 uita
519 2437 749 2501 summobono
779 2436 994 2520 adipiscendo,
1028 2435 1157 2500 nitendo
1186 2439 1293 2500 autem

135 2562 269 2607 summo
298 2543 393 2620 malo,
421 2543 572 2624 multum,
600 2543 685 2608 siout
713 2543 786 2621 dixi,
810 2542 1043 2619 laborsuerunt,
1072 2543 1126 2625 qui
1150 2541 1292 2606 studium

90 2649 318 2732 insapientiae
340 2649 373 2713 in
396 2649 517 2713 saeculi
539 2650 636 2714 huius
658 2651 802 2714 uouit-ate
830 2649 967 2732 professi
990 2653 1079 2726 suut;
1108 2667 1164 2713 nen
1188 2652 1293 2712 tamen

135 2775 204 2832 eos,
230 2755 381 2837 quamuis
405 2755 541 2820 diuersis
565 2760 703 2821 errantes
723 2756 837 2834 modis,
856 2760 986 2820 naturae
1004 2756 1097 2820 limes
1116 2755 1149 2818 in
1168 2757 1294 2818 tantum

133 2864 174 2926 ab
210 2862 327 2926 itinere
358 2863 504 2926 ueritatis
537 2861 665 2927 deniare
693 2864 848 2946 permisit,
881 2866 919 2927 ut
947 2882 1008 2927 non
1037 2862 1091 2926 alii
1118 2860 1150 2926 in
1179 2861 1292 2938 animo,

133 2969 191 3034 olii
227 2970 259 3032 in
294 2988 433 3051 corpore,
467 2968 521 3033 alii
554 2968 586 3032 in
621 2972 753 3051 utroque
786 2970 864 3034 fines
898 2971 1051 3034 bonorum
1082 2971 1234 3051 ponerent
1262 2971 1294 3031 et

133 3077 309 3141 malorum.
343 3075 389 3139 Iis
422 3094 485 3158 qua
515 3075 674 3158 tripertita
710 3077 802 3141 uelut
838 3076 1034 3160 generalium
1071 3073 1293 3139 distributione

88 3201 114 3238 25
133 3186 303 3247 sectarum
330 3181 459 3246 Marcus
488 3182 586 3247 Varro
614 3183 646 3246 in
670 3183 750 3247 libro
775 3181 814 3247 de
842 3181 1046 3265 philosophia
1068 3185 1134 3246 tam
1158 3179 1293 3244 multam

132 3289 328 3373 dogmatum
342 3288 532 3353 uarietatem
547 3289 714 3373 diligenter
733 3295 765 3354 et
783 3288 945 3353 subtiliter
964 3290 1124 3352 scrutatus
1145 3286 1293 3363 aduertIt,

131 3403 172 3460 ut
198 3395 240 3458 ad
264 3395 417 3459 duoentas
442 3395 603 3479 octoginta
624 3400 655 3459 et
674 3399 745 3462 ooto
770 3399 884 3475 sectas,
904 3415 963 3460 non
985 3414 1064 3477 quae
1088 3395 1150 3458 ianr
1176 3397 1293 3470 essent,

132 3503 194 3567 sed
224 3521 306 3584 quae
339 3521 410 3566 esse
438 3506 579 3586 possent,
613 3502 765 3567 adhibens
800 3502 954 3586 quasdam
982 3501 1174 3566 differentias
1206 3500 1292 3564 fenil-

131 3610 214 3674 lime
239 3607 429 3691 perueniret.

85 3735 112 3773 eo
182 3714 280 3794 Quod
311 3720 349 3778 ut
380 3714 520 3779 breuiter
553 3715 726 3792 ostendam,
758 3714 831 3779 inde
864 3718 990 3797 oportet
1020 3714 1179 3797 incipiam,
1209 3713 1294 3794 quod

130 3821 207 3904 ipse
246 3819 387 3884 aduertit
424 3824 456 3884 et
492 3820 602 3902 posuit
637 3821 669 3884 in
706 3821 786 3884 libro
820 3823 1005 3898 memorato,
1041 3821 1190 3902 quattuor
1222 3837 1293 3882 esse

132 3926 307 4010 quaedam,
341 3945 421 4008 quae
451 3926 597 3992 homines
630 3927 697 3991 sine
730 3927 895 4010 magistro,
933 3927 1000 3992 sine
1033 3926 1098 3990 ullo
1132 3925 1292 3988 doctrinae

173 4134 240 4190 2111
260 4133 359 4204 quibus
375 4151 397 4203 p
473 4134 589 4188 duania
607 4135 688 4188 rebus
701 4152 724 4204 p
807 4135 969 4190 Iolarisoat
986 4135 1014 4203 9¹
1096 4133 1128 4186 10
1148 4136 1190 4186 est
1209 4149 1292 4186 onae

135 4225 167 4278 11
192 4222 267 4292 qnod
286 4239 336 4275 one.
357 4221 381 4276 e¹
448 4224 481 4275 12
501 4223 695 4291 semetipsum
715 4224 759 4277 ab
825 4225 857 4278 13
879 4239 941 4292 ergo
961 4222 1026 4276 boni
1047 4237 1089 4275 uo
1157 4222 1191 4275 20
1211 4221 1291 4274 huius

131 4356 208 4393 saec.
228 4355 245 4391 o
300 4339 335 4391 27
355 4344 384 4394 et
401 4297 505 4391 LXIX·
529 4301 599 4391 VIII·
621 4356 639 4390 u
712 4341 741 4391 et
759 4342 822 4392 octo
842 4340 998 4408 bepppo,·
1018 4341 1046 4391 et
1065 4353 1114 4392 ont.
1136 4354 1178 4390 αυ
