3192 4959
347 446 413 511 340
692 443 717 497 S.
745 442 902 498 Aurelii
928 442 1147 515 Augustini

345 640 427 705 illud
440 639 472 703 in
489 640 704 717 adscensione,
723 640 784 705 hoe
803 640 834 705 in
855 640 922 705 eius
941 640 1170 707 resurreetione
1189 642 1350 725 reperies'
1362 642 1483 723 Propter

346 746 432 831 quod
453 749 589 829 utroque
612 766 742 811 numero
767 746 939 831 significari
962 748 1262 813 conuenientissime
1285 748 1399 831 potuit,
1418 767 1482 830 quo-

345 874 416 918 rum
448 873 548 919 unum
579 872 635 937 per
665 855 774 920 Ionam
807 854 1003 936 prophetem,
1038 855 1171 919 alterum
1204 872 1261 938 per
1293 854 1482 939 septuaginta

344 961 553 1045 interpretum
566 960 775 1044 prophetiam,
794 964 899 1025 tamen
919 980 1001 1026 unns
1022 962 1123 1043 adque
1141 961 1225 1025 idem
1246 959 1385 1043 Spiritus
1403 960 1480 1023 dixit.

344 1066 590 1152 longitudinem
618 1066 719 1150 fugio,
742 1070 780 1131 ut
807 1085 867 1131 non
897 1066 973 1131 haee
1001 1068 1185 1149 permulta
1213 1067 1433 1144 demonstrem,
1455 1067 1511 1131 ins

345 1172 462 1255 quibus
490 1173 529 1237 ab
552 1172 709 1238 Hebraioa
735 1172 871 1237 ueritate
898 1176 1051 1256 putantur
1078 1173 1283 1257 septuaginta
1304 1174 1480 1255 interpretes

344 1279 523 1362 discrepare
547 1283 579 1344 et
600 1280 681 1344 bene
704 1280 860 1345 intellecti
883 1278 1088 1344 inueniuntur
1111 1298 1181 1345 esso
1201 1280 1382 1345 concordes.
1401 1280 1480 1345 Unde

344 1385 440 1450 etiam
464 1405 523 1470 ego
546 1405 603 1470 pro
621 1406 692 1452 meo
711 1386 840 1451 modulo
860 1386 998 1471 uestigia
1017 1405 1151 1467 sequens
1171 1386 1397 1467 apostolorum,
1415 1385 1480 1466 quie

344 1496 376 1557 et
402 1491 466 1575 ipsi
492 1512 529 1559 ox
556 1493 734 1575 utriusque,
761 1493 794 1557 id
824 1496 874 1557 est
901 1512 937 1557 er
964 1492 1118 1557 Hebraeis
1147 1495 1180 1555 et
1207 1511 1243 1557 er
1272 1491 1478 1577 Septuaginta,

343 1598 526 1663 testimonia
548 1599 733 1682 prophetica
754 1603 940 1682 posuerunt,
964 1602 1099 1681 utraque
1123 1598 1314 1663 auctoritate
1337 1598 1479 1663 utendum
1493 1620 1510 1659 o

342 1704 464 1786 putaui,
489 1705 638 1786 quoniam
660 1708 794 1787 utraque
819 1724 880 1769 una
904 1705 1004 1788 adque
1024 1705 1131 1770 diuina
1155 1708 1213 1769 est.
1240 1704 1303 1771 Sed
1325 1706 1386 1771 iam
1408 1724 1478 1787 quae

342 1816 473 1887 restant,
496 1814 535 1877 ut
556 1831 740 1895 possumus,
765 1830 980 1893 exsequamur.

756 2001 894 2069 CAPUT
918 2002 1077 2067 XXXXV.

343 2140 454 2222 Quod
481 2148 574 2228 post
603 2143 947 2211 instaurationem
974 2145 1119 2227 templi
1147 2146 1291 2211 ludaei
1324 2147 1476 2230 prophe-

341 2253 404 2315 tas
431 2250 579 2315 hebere
607 2251 853 2316 destiterint
881 2254 919 2317 et
947 2252 1088 2317 exinde
1116 2271 1246 2336 usque
1276 2254 1321 2318 ad
1345 2252 1508 2318 notiui-re
1559 2236 1560 2267 ³

342 2361 466 2421 tatem
504 2356 661 2423 Christi
696 2358 906 2423 continuis
946 2358 1277 2424 aduersitatibns
1312 2361 1396 2425 sint
1448 2358 1474 2421 d-

344 2464 466 2540 flioti‚
498 2469 541 2529 ut
571 2465 815 2546 probaretur
847 2465 1024 2530 alterins
1053 2466 1195 2548 templi
1230 2466 1473 2531 aedificatio-

417 2591 501 2636 nem
526 2571 783 2654 propheticis
809 2572 981 2637 uoeihus
1008 2572 1138 2637 fuisse
1161 2574 1407 2655 promissam.

384 2714 502 2779 Postea
537 2732 630 2796 quam
663 2734 740 2797 gens
772 2714 891 2779 Iudaea
923 2715 1028 2797 eoepit
1063 2732 1124 2779 non
1157 2714 1272 2779 habere
1304 2715 1472 2799 prophotas.

340 2820 449 2903 procul
483 2820 578 2884 dubio
613 2820 749 2885 deterior
776 2822 860 2885 faeta
888 2826 947 2895 est,
977 2840 1012 2885 eo
1043 2820 1166 2885 seilicet
1184 2824 1337 2904 tempore,
1365 2840 1421 2905 qno
1444 2832 1507 2883 sea

340 2926 487 3011 sperabat
516 2927 692 2992 instaurato
724 2927 843 3009 templo
876 2930 950 3011 post
982 2928 1212 3010 captiuitatem,
1250 2948 1331 3011 quae
1364 2926 1418 2992 luit
1446 2926 1473 2989 in

340 3031 523 3113 Babylonia,
559 3031 699 3097 futuram
731 3052 802 3097 esse
838 3034 1011 3099 meliorem.
1048 3032 1099 3098 Sio
1133 3034 1248 3117 quippe
1281 3032 1473 3118 intellegebat
1557 3050 1558 3061 ¹

340 3138 477 3221 populus
503 3138 557 3203 ille
585 3139 730 3216 earnalis,
764 3140 848 3222 quod
876 3140 1132 3224 praenuntiatum
1161 3144 1210 3205 ost
1236 3159 1293 3221 per
1320 3142 1471 3225 Aggaeurn

339 3244 524 3327 prophetam
553 3245 724 3311 dicentem:
754 3246 897 3331 Magne
926 3246 1005 3312 erit
1033 3248 1166 3331 gloria
1195 3247 1335 3313 domus
1359 3246 1472 3312 istius

340 3350 601 3429 nouissimus,
634 3352 727 3433 plue
756 3371 870 3434 quarn
898 3354 1067 3437 primae:
1098 3353 1182 3436 quod
1215 3353 1253 3417 de
1282 3373 1364 3419 nouo
1386 3352 1507 3415 testa-³⁵
1556 3418 1557 3439 χ

339 3461 444 3522 mento
468 3457 587 3522 dietum
613 3479 682 3525 esse
701 3461 795 3542 poulo
816 3462 961 3544 superius
982 3462 1221 3537 demonstrauit,
1243 3462 1297 3526 ubi
1316 3462 1360 3527 ait
1376 3462 1472 3545 aperte

340 3562 500 3629 Christum
532 3565 734 3646 promittens:
773 3566 821 3630 Et
861 3568 1028 3632 monebo
1072 3587 1206 3633 omues
1249 3572 1397 3653 gentes,
1438 3573 1471 3627 et

338 3670 478 3734 ueniet
497 3670 758 3737 desideratus
780 3674 942 3738 eunetis
962 3675 1166 3757 gentibus.
1187 3671 1256 3753 Quo
1271 3674 1341 3739 loeo
1357 3676 1471 3753 septua-

426 3930 460 3983 24
479 3930 549 4000 rgg.
569 3932 594 3994 a,
614 3932 648 3985 10
702 3932 736 3985 er
756 3931 793 3986 ro.
814 3934 874 3996 aa

370 4070 497 4141 2potuit
508 4112 585 4127 .....
598 4072 713 4126 alterum
732 4090 813 4130 oreae
867 4074 953 4143 Sego
974 4076 1084 4129 etiamr
1156 4074 1306 4146 modoloy¹
1361 4076 1386 4129 ll
1404 4088 1468 4141 quoe
1554 4094 1555 4141 ἢ

335 4159 422 4212 inme
490 4160 522 4213 12
542 4178 684 4231 possumus
703 4163 1087 4231 epp;possimusoDomh.
1158 4166 1192 4219 14
1209 4164 1267 4221 iud.
1286 4164 1403 4235 prophet.
1420 4161 1469 4231 μή
1554 4166 1555 4171 ’

334 4248 430 4317 proph.
450 4249 504 4306 iud.
519 4266 593 4319 pqo
650 4252 681 4303 15
701 4251 839 4314 mindens,
858 4253 957 4307 omisso
978 4268 1039 4322 que,
1055 4255 1101 4323 pf
1147 4256 1180 4309 16
1200 4258 1300 4323 suntp
1349 4255 1378 4307 19
1397 4268 1467 4319 eoep.

333 4334 423 4389 iude
