3192 4959
365 455 416 508 De
445 456 619 509 ciuitate
649 455 711 510 dei
739 455 804 508 lib.
827 454 912 512 XXII.
941 473 1015 526 cap.
1041 457 1083 510 22.
1230 461 1293 522 639

145 651 229 716 filios
253 655 370 716 matres
393 650 571 714 incredibili
596 650 793 724 crudelitate,
819 671 913 733 quam
933 651 1042 714 rabida
1061 652 1180 716 esuries
1200 653 1294 716 facie·

145 758 209 827 bat.
238 759 464 822 absumerent?
491 757 566 838 Ipse
595 761 756 840 postremo
781 777 923 834 somnus,
953 759 1006 840 qui
1030 759 1154 840 proprie
1178 759 1293 842 quietis

144 882 258 928 nomen
288 863 422 946 accepit,
451 863 523 944 quis
551 863 658 927 uerbis
688 863 833 945 explicet.
868 882 962 945 saepe
991 866 1186 930 somniorum
1214 865 1293 931 uisis

144 990 240 1052 quarn
273 970 316 1034 sit
346 970 509 1053 inquietus
541 973 575 1034 et
602 989 696 1054 qnam
724 971 860 1054 magnis
888 970 965 1035 licet
993 971 1143 1036 falsarum
1176 991 1291 1050 rerum,

111 1077 329 1156 semoribus,
358 1096 437 1160 qnas
464 1077 511 1141 ita
538 1076 665 1141 exhibet
692 1080 724 1140 et
752 1077 890 1159 quodam
914 1077 1008 1142 modo
1037 1079 1192 1161 exprimit,
1216 1081 1294 1144 uta

142 1186 228 1250 neris
257 1204 309 1248 eas
338 1184 514 1250 discernere
541 1205 747 1268 nequeamus,
775 1186 913 1250 animam
942 1187 1088 1250 miseram
1117 1205 1293 1270 sensusque

142 1292 329 1375 perturbet?
358 1291 428 1372 Qua
455 1291 596 1356 falsitate
625 1293 768 1358 uisorum
792 1294 888 1358 etiam
913 1293 1083 1378 uigilantes
1106 1294 1137 1357 in
1163 1293 1294 1376 quibus·

142 1399 215 1462 dam
239 1397 359 1462 morbis
383 1401 415 1462 et
434 1399 564 1463 uenenis
583 1399 798 1463 miserabilius
818 1400 994 1483 agitantum
1020 1401 1166 1482 quamuis
1187 1400 1294 1464 multi-

140 1505 237 1568 moda
264 1504 419 1568 uarietate
449 1503 594 1568 fallaciae
622 1506 766 1570 homines
800 1505 896 1569 etiam
931 1525 1024 1570 sanos
1057 1506 1190 1589 maligni
1223 1507 1292 1570 dae-

99 1634 123 1672 ιο
142 1630 253 1675 moues
280 1629 516 1692 nonnumquam
546 1611 706 1693 decipiant
733 1612 853 1676 talibus
882 1612 974 1688 uisis,
1006 1615 1053 1686 ut,
1083 1612 1209 1677 etiamsi
1238 1631 1292 1678 eos

140 1737 198 1800 per
219 1717 297 1782 haec
320 1717 360 1780 ad
384 1735 443 1780 sua
466 1717 630 1781 traducere
653 1738 714 1783 non
733 1719 902 1801 potuerint,
926 1739 1041 1784 sensus
1060 1722 1164 1783 tamen
1184 1739 1292 1784 eorum

141 1823 210 1889 solo
234 1823 378 1907 adpetitu
402 1823 677 1908 qualitercumque
705 1825 942 1908 persuadendae
965 1826 1116 1890 falsitatis
1140 1826 1293 1891 inludant.

184 1929 234 1994 Ab
263 1931 360 1994 huius
388 1933 454 1994 tam
483 1931 616 1996 miserae
645 1933 736 2015 quasi
765 1933 956 2015 quibusdam
984 1933 1093 1998 inseris
1122 1933 1207 1997 uitae
1231 1952 1290 1999 non

141 2037 257 2101 liberat
287 2037 348 2100 nisi
381 2035 483 2120 gratia
517 2035 693 2103 Salinatoris
725 2037 855 2116 Christi,
883 2039 943 2104 Dei
972 2059 1007 2104 ac
1036 2039 1164 2104 Domini
1192 2040 1291 2104 nostri

96 2167 120 2206 re
139 2143 213 2227 (hoc
242 2143 325 2208 enim
348 2162 461 2208 nomen
492 2147 541 2208 est
563 2144 632 2226 ipse
655 2145 764 2219 Iesus;
789 2145 1014 2230 interpretatur·
1041 2146 1157 2229 quippe
1183 2145 1291 2212 Salus-

138 2249 213 2334 bor),
243 2250 378 2314 maxime
405 2269 443 2314 ne
467 2255 542 2332 post
569 2251 649 2316 hanc
672 2251 817 2318 miserior
846 2271 881 2318 ac
907 2253 1097 2334 sempiterna
1125 2253 1290 2335 suscipiat,

138 2377 200 2421 non
225 2355 304 2434 uita,
334 2356 391 2421 sed
415 2375 510 2421 mors.
534 2355 616 2421 Nam
640 2358 671 2422 in
696 2359 759 2422 ista
788 2359 935 2442 quamuis
961 2359 1025 2424 sint
1048 2379 1103 2443 per
1127 2365 1234 2425 sancta
1258 2363 1291 2424 et

138 2468 268 2530 sanctos
301 2463 500 2528 curationum
533 2483 648 2548 magna
676 2466 804 2544 solacia,
838 2470 943 2530 tamen
972 2466 1043 2531 ideo
1071 2485 1132 2531 non
1167 2485 1291 2548 semper

139 2571 236 2635 etiam
269 2571 341 2652 ipsa
371 2569 524 2635 beneficia
555 2571 740 2636 tribuuntur
772 2574 968 2656 petentibus,
1003 2594 1040 2637 ne
1070 2576 1197 2656 propter
1229 2573 1288 2638 hoo

94 2701 119 2737 κο
136 2677 252 2760 religio
277 2679 456 2759 quaeratur,
486 2696 566 2759 quae
589 2683 718 2762 propter
741 2679 835 2744 aliam
861 2680 962 2763 magis
987 2679 1097 2754 uitam,
1126 2679 1182 2743 ubi
1205 2683 1288 2746 mala

138 2802 201 2847 uon
235 2790 326 2848 erunt
354 2783 481 2847 omnino
509 2784 586 2860 ulla,
620 2786 797 2867 quaerenda
826 2792 890 2860 estr
927 2789 959 2850 et
986 2785 1025 2850 ad
1053 2785 1113 2850 hoc
1141 2787 1288 2852 meliores

137 2909 283 2972 quosque
302 2890 333 2954 in
353 2889 403 2956 his
423 2889 515 2956 malis
540 2891 673 2955 adiuuat
691 2893 804 2976 gratia,
828 2896 865 2957 ut
890 2895 1007 2974 quanto
1026 2893 1176 2968 fideliore,
1201 2898 1287 2958 tanto

135 2998 267 3062 fortiore
295 2995 388 3060 corde
414 2997 600 3061 tolerentur.
628 2998 678 3062 Ad
706 3018 799 3080 quarn
828 3018 895 3062 rem
924 2999 1019 3064 etiam
1052 2999 1288 3081 philosophiam

136 3103 289 3186 prodesse
326 3103 437 3166 dicunt
473 3103 558 3168 docti
595 3105 692 3170 huius
737 3107 867 3183 saeculi,
905 3126 1000 3189 quam
1034 3105 1064 3170 di
1097 3107 1287 3188 quibusdam

91 3227 117 3265 ee
136 3211 260 3294 paucis,
289 3210 334 3274 ait
360 3209 497 3287 Tullius,
526 3229 634 3276 ueram
663 3212 833 3289 dederuntr
862 3231 918 3276 nec
946 3213 1140 3292 hominibus
1173 3215 1287 3298 inquit.

136 3317 175 3381 ab
205 3316 256 3380 his
285 3321 340 3380 aut
368 3317 477 3381 datum
507 3322 556 3383 est
580 3318 697 3383 donum
726 3319 830 3385 maius
855 3323 911 3384 aut
937 3321 1044 3404 potuit
1071 3322 1173 3385 ullum
1203 3323 1285 3386 dari:

135 3443 240 3506 usqne
268 3423 345 3488 adeo
375 3427 407 3488 et
430 3424 502 3506 ipsi,
531 3429 640 3490 contra
670 3446 749 3509 quos
778 3428 914 3512 agimus,
944 3446 1069 3510 quoquo
1099 3428 1191 3492 modo
1216 3448 1287 3494 con-

135 3531 223 3612 pulsi
246 3529 375 3594 suntin
400 3530 544 3595 habenda
571 3551 632 3596 non
662 3552 872 3616 quacumque,
902 3533 957 3598 sed
986 3553 1060 3599 uera
1086 3535 1288 3618 philosophia

229 3737 265 3790 25
283 3735 342 3792 mn.
362 3736 395 3801 V,
414 3739 462 3801 21;
482 3738 565 3794 head.
585 3743 686 3808 poster.
708 3742 731 3810 1,
750 3743 767 3794 2

171 3905 276 3974 3expl.
297 3905 415 3959 uerbise
468 3908 545 3971 uisis,
564 3925 597 3961 ex
617 3910 657 3962 uis
677 3909 838 3979 sitcorr.,q
875 3867 1031 3979 berdbetp
1067 3876 1285 3982 ddiseeddercp

135 4021 506 4089 set‚..quamuisom.e¹
563 4024 596 4078 10
614 4029 645 4077 ut
664 4042 749 4078 ome
806 4027 838 4078 12
858 3992 915 4089 sold
927 4044 945 4095 q
996 4026 1028 4080 13
1047 4027 1162 4090 miseria,
1178 4029 1204 4080 ia
1218 4033 1285 4081 7112

134 4109 284 4175 inros.‚e
335 4110 368 4166 15
388 4114 431 4166 est
448 4129 583 4182 nomenp
636 4114 668 4166 16
687 4131 771 4184 neop
825 4114 1153 4193 haec‚echaccorr.„q
1205 4119 1235 4170 17
1257 4121 1285 4169 et

134 4252 215 4326 epp,-
233 4251 265 4288 ac
283 4251 299 4290 υ
316 4235 417 4290 Domb.
484 4319 490 4332 ἢ
507 4238 538 4291 21
560 4239 579 4302 ir
598 4244 628 4302 εῖτ
646 4239 755 4292 omnino
774 4205 876 4308 nulls,
895 4257 929 4292 m.
950 4243 969 4293 2
987 4255 1055 4294 corr.
1075 4257 1089 4292 e
1174 4241 1249 4293 nulla
1266 4260 1284 4311 9

133 4338 367 4429 crudeliorem
385 4339 478 4432 1111119.Ι
490 4361 620 4429 feliciore,
640 4379 653 4417 e
707 4365 742 4418 26
761 4364 795 4418 ab
815 4364 869 4434 his]
891 4320 969 4427 dabis
986 4382 1004 4434 9
