3192 4959
381 503 456 556 ·De
486 503 662 558 ciuitate
686 501 749 556 dei
771 503 837 557 lib.
862 503 933 557 XXI.
958 519 1032 572 cap.
1057 505 1082 557 8.
1252 509 1314 572 531

163 697 282 782 giuem‚
297 699 455 764 Homerus
471 699 634 782 Hesperon
650 699 798 782 appellat,
811 701 1056 782 pulcherrimam
1072 701 1189 778 dicens
1203 701 1317 768 Castor

163 806 278 870 scribit
291 811 415 871 tantum
429 811 611 890 portentum
631 807 802 882 exstitisse,
820 811 856 869 ut
869 812 1007 872 mutaret
1027 809 1175 886 colorem,
1195 811 1316 892 magni·

162 913 320 985 tudinem,
349 913 494 997 figuram,
519 933 662 988 cursum;
692 913 776 996 quod
800 913 919 976 factum
950 915 995 980 ita
1018 935 1120 995 nequa
1144 921 1236 980 antea
1258 937 1316 982 nec

161 1023 277 1103 postea
297 1020 349 1084 sit.
368 1021 439 1084 Hoc
455 1019 574 1084 sactum
591 1019 702 1104 Ogygo
716 1039 791 1102 rege
812 1019 958 1085 dicebant
971 1021 1125 1086 Adrastos
1145 1021 1316 1106 Cyzicenos

127 1133 196 1192 aet
223 1127 306 1191 Dion
333 1127 529 1209 Neapolites.
562 1126 780 1190 mathematici
813 1127 960 1191 nobiles.¹
998 1128 1067 1192 Hoc
1100 1132 1184 1194 certe
1217 1129 1314 1194 Varro

157 1238 273 1298 tantus
311 1235 422 1298 auctor
456 1235 639 1315 portentum
677 1253 739 1297 non
777 1233 962 1316 appellaret,
1000 1234 1060 1298 nisi
1099 1254 1168 1300 esse
1207 1240 1316 1300 contra

158 1345 309 1405 naturam
340 1339 512 1404 uideretur.
552 1338 665 1404 Omnia
698 1341 815 1422 quippe
848 1343 992 1421 portenta
1026 1345 1134 1406 contra
1170 1346 1313 1406 naturam

158 1447 300 1512 dicimus
325 1466 409 1518 essm
436 1447 573 1510 sednon
599 1451 683 1510 sunt.
709 1444 778 1526 Quo
803 1447 897 1511 modo
923 1450 972 1510 est
996 1448 1077 1511 anim
1099 1454 1207 1512 contra
1225 1453 1314 1512 uatu-

155 1574 240 1626 ram‚
270 1554 355 1636 quod
379 1553 439 1617 Dei
466 1553 504 1617 fit
526 1554 701 1619 uoluntate.
732 1573 805 1616 cum
829 1554 979 1617 uoluntas
1005 1554 1085 1616 tanti
1108 1553 1218 1637 utique
1243 1575 1314 1619 con·

106 1687 135 1726 10
156 1661 275 1726 ditonis
304 1659 448 1724 conditae
475 1659 521 1723 rei
550 1660 704 1742 cuiusque
731 1663 843 1723 natura
872 1659 935 1724 sit?
963 1659 1151 1724 Portentum
1179 1679 1254 1744 ergo
1278 1661 1314 1724 lit

154 1786 221 1832 non
251 1770 361 1832 contra
388 1769 543 1838 naturam,
573 1767 627 1830 sed
657 1772 766 1830 contra
793 1785 887 1847 quarn
913 1769 962 1830 est
989 1772 1064 1831 nota
1087 1773 1208 1831 natura.
1234 1767 1313 1847 Quis

153 1877 270 1937 autem
293 1876 511 1955 portentorum
534 1877 680 1936 numerat
702 1872 953 1950 multitudinem,
979 1892 1058 1955 quaa
1083 1873 1216 1938 historia
1241 1894 1313 1957 gen·

151 1980 242 2042 tium
281 1979 481 2043 continetur?
523 1977 585 2042 Sed
613 1997 696 2042 nunc
724 1979 755 2042 in
788 1978 848 2043 hoc
877 1998 939 2043 uuo
974 1979 1192 2051 adtendamus,
1228 1981 1312 2062 quod

151 2085 196 2149 ad
222 2103 302 2161 rem,
327 2083 366 2146 de
389 2103 452 2166 qua
475 2084 611 2168 agimus,
635 2083 781 2165 pertinet.
809 2081 893 2161 Quid
915 2084 961 2148 ita
985 2085 1176 2167 dispositum
1204 2092 1253 2150 est
1272 2087 1310 2151 ab

102 2197 292 2260 1sauct0re
315 2195 445 2256 naturae
468 2191 548 2255 caeli
573 2196 605 2254 et.
627 2197 738 2268 terrae,
764 2211 858 2274 quem
883 2192 921 2255 ad
946 2192 1074 2256 modum
1100 2211 1211 2258 cursus
1232 2195 1312 2258 ordi·

148 2300 347 2364 natissimus
380 2298 541 2362 siderum?
574 2296 658 2376 Quid
685 2303 751 2362 tam
779 2299 856 2362 ratis
884 2299 1010 2381 legibus
1045 2299 1175 2382 fixisque
1210 2299 1311 2365 firma-

147 2409 251 2471 tum?
276 2405 317 2467 ut
339 2397 455 2482 tamen,
481 2405 606 2487 quando
630 2404 685 2469 ille
709 2405 823 2481 uoluit,
849 2404 903 2485 qui
928 2425 1052 2469 summo
1076 2406 1160 2490 regit
1178 2406 1310 2489 imperio

148 2533 190 2578 ao
226 2514 388 2595 potestate
422 2512 505 2594 quod
539 2511 691 2576 condidit.
725 2512 820 2577 stella
847 2531 920 2594 prae
950 2512 1062 2575 ceteris
1091 2513 1310 2596 magnitudine

147 2640 190 2685 ac
227 2616 396 2700 splendore
428 2618 596 2682 notissima
634 2619 781 2695 colorem,
815 2617 1078 2703 magnitudinem,
1111 2618 1245 2700 liguram
1280 2624 1312 2684 et

98 2756 127 2795 ω
147 2725 259 2810 (quod
289 2726 338 2788 est
364 2723 556 2808 mirabilius)
585 2725 634 2788 sui
663 2744 776 2788 cursus
806 2725 945 2789 ordinem
969 2726 1136 2808 legemque
1160 2729 1309 2792 mutauit.

145 2833 316 2899 Turbanit
346 2831 488 2912 profecto
521 2835 607 2899 tunc.
642 2831 668 2895 si
698 2831 756 2894 ulli
783 2831 844 2894 iam
875 2831 1013 2906 luerunt,
1047 2851 1181 2896 canones
1211 2841 1310 2897 astro·

143 2945 316 3027 logorurn,
344 2957 425 3020 quos
454 2937 543 3002 uelut
570 2939 730 3002 inerrabili
758 2937 984 3020 conputatione
1009 2937 1046 3000 de
1070 2939 1249 3018 praeteritis
1273 2959 1308 3004 ac

144 3046 277 3113 futuris
310 3049 467 3108 astrorum
499 3045 640 3110 motihus
674 3045 870 3126 conscriptos
904 3045 1030 3120 hahent,
1064 3063 1143 3126 quos
1173 3061 1308 3109 canones

143 3151 320 3236 sequendo
348 3151 419 3214 ausi
447 3153 521 3214 sunt
549 3151 662 3218 dicere.
695 3151 766 3230 hoc,
801 3150 886 3232 quod
919 3149 957 3214 de
985 3150 1129 3214 Lucifero
1164 3151 1308 3234 contigit,

95 3294 122 3333 25
143 3281 207 3327 uec
240 3261 335 3321 antea
362 3276 420 3321 nec
448 3260 560 3338 postea
587 3258 769 3341 contigisse.
797 3257 864 3320 Nos
889 3263 995 3320 autem
1020 3257 1051 3320 in
1076 3257 1193 3322 diuinis
1217 3258 1307 3321 libris

141 3369 296 3453 legimus
325 3365 421 3427 etiam
450 3364 550 3426 solem
579 3364 684 3445 ipsum
714 3367 746 3427 et
769 3363 909 3442 stetisse,
944 3381 1016 3427 cum
1045 3363 1104 3428 hoc
1129 3383 1147 3426 a
1169 3364 1306 3428 Domino

245 3629 259 3680 1
283 3625 417 3694 Amphitr.
436 3623 459 3687 Ι,
480 3625 504 3689 1,
525 3623 576 3676 119
647 3622 680 3678 Il.
700 3623 787 3684 XXII,
807 3623 860 3677 318
914 3625 948 3678 26
968 3622 1022 3676 Ios.
1044 3623 1084 3684 10,
1105 3623 1138 3677 13

180 3775 196 3828 1
221 3767 415 3837 hesperonab
500 3765 708 3835 pulcherrimum
726 3764 755 3834 9¹
828 3765 845 3818 3
864 3779 1038 3832 neque-nec
1058 3763 1163 3832 heym
1181 3779 1305 3831 nequa—

137 3876 240 3932 neque
260 3873 279 3910 v
297 3855 396 3910 Domb.
486 3855 504 3908 4
523 3871 611 3923 ogyge
629 3870 706 3918 noes.‚·
725 3854 821 3922 Ogyge
839 3869 855 3906 u
928 3851 1050 3904 adrastus
1070 3853 1207 3919 cyzicenos
1227 3867 1306 3920 epp,-

137 3977 280 4034 adrastos
300 3971 405 4024 rizenos
425 3987 459 4030 a.·
477 3969 615 4024 adtractos
635 3935 741 4038 cyciuos
759 3970 793 4032 h,·
810 3967 943 4020 Adrastus
963 3965 1112 4035 Cyzicenus
1128 3983 1145 4020 e
1200 3969 1215 4020 5
1236 3968 1272 4036 et]
1289 3984 1306 4020 a

135 4087 172 4124 m,
195 4069 221 4121 2
242 4059 388 4115 iarael)
461 4059 539 4128 diop
612 4057 692 4112 diune
712 4056 883 4126 appolitesh
947 4055 1304 4124 9conditoris..cuiusqne

136 4156 238 4216 0m.b
316 4153 348 4205 13
366 4151 419 4204 hoc
437 4165 487 4203 orn.
502 4167 525 4218 p
599 4149 632 4201 14
651 4145 779 4216 quicquid
796 4163 815 4215 9
889 4147 920 4198 16
940 4145 1057 4198 siderum
1078 4145 1164 4198 mah
1246 4150 1304 4198 turn

134 4245 255 4306 satist
330 4239 486 4294 firmaturh
558 4238 692 4290 firmatum
713 4239 899 4304 esttameup
998 4235 1030 4286 18
1049 4233 1302 4302 magnitudine...

135 4340 269 4395 colorem
289 4346 375 4384 ome
439 4329 471 4380 19
491 4330 751 4394 acmso.,·atquev
815 4326 846 4377 21
868 4324 915 4376 illa
934 4323 957 4375 si
976 4323 1066 4390 iump
1127 4325 1160 4375 ‘22
1181 4322 1302 4390 uelutip

133 4419 331 4484 inenarrabili
351 4415 441 4486 he9²5
459 4415 609 4471 itinerabili
626 4415 654 4484 9¹
710 4416 743 4466 23
764 4413 835 4482 quod
856 4413 871 4466 h
927 4413 960 4466 26
981 4415 1009 4464 ct
1028 4428 1078 4465 orn.
1099 4411 1114 4464 b

1219 4513 1268 4568 34*
