3192 4959
300 454 350 506 De
378 451 551 506 ciuitate
579 451 640 505 dei
667 452 731 505 lib.
760 450 861 509 xv111.
886 469 961 522 cap.
984 454 1028 509 44.
1056 454 1101 507 45.
1199 454 1262 519 341

117 649 205 732 ginta
234 649 422 730 interpretes
455 648 553 712 aliem
585 666 715 713 sensum
748 649 862 733 magis·
882 649 1003 733 corpori
1032 668 1127 732 quarn
1156 648 1262 733 capiti,

116 755 175 819 hoc
202 758 254 819 est
278 754 382 839 magis
410 754 562 819 ecclesiae
586 774 681 837 quam
704 754 841 832 Christo,
871 754 1110 821 conuenientem
1129 754 1263 839 prophe-

115 862 178 925 tica
216 861 405 926 auctoritate
443 860 601 925 dixerunt:
639 860 813 926 Venient
855 880 954 944 quae
992 862 1124 927 electa
1168 870 1263 927 sunt

116 967 276 1033 Domini
301 968 344 1032 de
369 967 531 1033 cunctis
554 968 759 1050 gentibus,
782 968 816 1033 id
840 974 890 1033 est
911 967 1066 1046 homines,
1087 968 1124 1032 de
1145 970 1260 1051 quibus

89 1073 182 1157 oipse
200 1076 292 1139 Iesus
311 1074 342 1138 in
367 1073 550 1165 euangelio:
572 1073 706 1149 Multi,
726 1074 840 1157 inquit,
859 1074 1006 1151 uocati,
1026 1074 1144 1157 pauci
1164 1096 1259 1141 uero

116 1182 250 1247 electi.
278 1181 409 1245 Talibus
437 1180 521 1245 enim
549 1180 660 1246 electis
689 1182 832 1265 gentium
856 1180 970 1247 domus
994 1182 1178 1247 aedificatur·
1200 1182 1261 1247 Dei

115 1308 168 1371 per
202 1293 431 1353 testamentum
469 1308 588 1353 nouum
625 1288 786 1370 lapidibus
823 1288 919 1365 uiuis,
956 1289 1050 1372 longe
1082 1288 1259 1373 gloriosior,

117 1415 207 1477 qnam
231 1396 388 1477 templum
411 1394 494 1460 illud
517 1394 588 1473 fnit,
609 1394 692 1477 quod
716 1414 734 1459 a
756 1414 831 1479 rege
856 1393 1023 1461 Salomone
1042 1398 1258 1461 constructum

117 1505 163 1566 est
189 1504 320 1585 etpost
347 1502 566 1584 captiuitatem
598 1502 822 1567 instauratum.
851 1502 983 1585 Propter
1010 1503 1070 1567 hoc
1098 1520 1172 1585 ergo
1201 1520 1258 1569 uec

80 1610 282 1691 roprophetae
306 1628 342 1673 ex
364 1608 420 1673 illo
443 1612 586 1691 temporo
609 1608 722 1673 habuit
745 1609 800 1673 illa
823 1627 900 1692 geos
925 1612 957 1673 et
979 1608 1091 1673 multis
1114 1609 1258 1675 cladibus

115 1716 238 1781 adflicta
266 1718 316 1781 est
338 1717 377 1779 ab
400 1715 586 1800 alienigenis
609 1715 738 1799 regibus
765 1715 910 1798 ipsisque
933 1714 1094 1793 Romanis,
1118 1734 1156 1780 ne
1178 1716 1258 1781 hauc

115 1822 234 1907 aggaei
270 1821 468 1906 prophetiam
505 1821 537 1885 in
574 1822 630 1886 illa
665 1821 892 1887 instauratione
929 1822 1041 1904 templi
1079 1821 1258 1903 opinaretur

115 1929 275 2013 inpletam.

156 2036 224 2129 lion
251 2036 355 2101 multo
382 2041 457 2118 post
479 2036 561 2101 enim
590 2034 777 2101 adueniente
801 2034 974 2099 Alexandro
1003 2035 1175 2119 subiugata
1196 2042 1255 2115 est,

77 2162 100 2203 n
116 2142 233 2223 qnando
267 2144 328 2208 etsi
359 2143 446 2208 nulla
479 2146 529 2207 est
559 2143 643 2207 facta
674 2141 824 2217 eustatie,
858 2140 1007 2223 quoniam
1035 2160 1095 2207 nou
1124 2146 1199 2207 eunt
1226 2144 1257 2215 ei

115 2249 181 2313 ausi
209 2249 358 2314 resistere
386 2254 418 2313 et
443 2248 515 2313 ideo
545 2248 706 2332 placatum
732 2246 884 2311 facillime
913 2247 1032 2311 subditi
1058 2251 1254 2329 receperunt,

114 2374 171 2419 uon
203 2358 271 2421 erat
299 2359 403 2421 tamen
442 2355 543 2439 gloria
573 2358 663 2424 tanta
694 2354 808 2419 domus
840 2353 939 2431 illius,
977 2358 1093 2435 quanta
1125 2354 1187 2421 fuit
1221 2354 1254 2419 iu

114 2480 239 2527 snorum
260 2480 374 2545 regum
395 2462 495 2527 libera
512 2465 683 2545 potestate.
706 2460 838 2527 Hostias
858 2478 932 2524 saue
950 2459 1125 2525 Alexander
1143 2461 1255 2527 immo-

112 2568 189 2631 lauit
209 2568 243 2634 in
265 2568 325 2633 Dei
348 2568 478 2652 templo,
502 2588 564 2635 non
589 2568 628 2633 ad
651 2567 721 2632 eius
745 2568 870 2632 cultum
893 2584 969 2631 uara
987 2566 1105 2649 pietate
1125 2586 1254 2632 conuer-

73 2692 98 2733 ιθ
113 2693 175 2750 sus,
202 2675 260 2741 sed
282 2676 368 2758 inpia
394 2674 536 2741 uanitate
559 2694 632 2740 cum
656 2675 705 2739 dis
729 2693 802 2739 eum
826 2673 915 2739 salsis
940 2674 1107 2740 colendum
1126 2677 1253 2757 putans.

112 2780 229 2847 Deinde
260 2782 477 2859 Ptolomaeus,
503 2782 581 2865 Lagi
608 2781 706 2859 filius,
734 2781 820 2864 quod
848 2800 942 2864 supra
966 2781 1151 2859 memorari,
1180 2788 1254 2864 post

110 2888 274 2954 Alexandri
296 2892 431 2954 mortem
455 2887 599 2971 captiuos
622 2888 696 2953 inde
719 2888 750 2952 in
769 2889 949 2973 Aegyptum
974 2890 1148 2965 transtulit,
1174 2908 1252 2971 quos

112 2994 177 3059 eius
198 3014 365 3061 successor
387 2994 592 3059 Ptolomaeus
611 2993 840 3077 Philadelphus
862 2995 1163 3061 beneuolentissime
1180 2996 1252 3061 indo

111 3098 241 3177 dimisit;
272 3121 329 3184 per
359 3120 454 3182 quem
481 3101 602 3165 lactum
632 3105 691 3178 est,
721 3100 805 3183 quod
833 3101 927 3183 paulo
957 3105 1029 3167 aute
1052 3102 1186 3179 narraui,
1216 3108 1252 3168 ut

70 3224 95 3263 a
111 3208 308 3292 septuaginta
328 3208 537 3291 interpretum
561 3207 733 3289 scripturas
758 3208 956 3274 haberemus.
979 3208 1100 3273 Deinde
1124 3208 1251 3273 contriti

109 3314 310 3393 suathedis,
339 3333 420 3397 quae
447 3314 479 3380 in
507 3314 790 3380 Macchabaeorum
818 3313 908 3378 libris
937 3313 1140 3396 explicantur.
1173 3314 1252 3379 Post

109 3418 185 3485 haec
209 3421 293 3504 capti
321 3440 340 3484 a
366 3440 441 3505 rege
464 3420 669 3485 Alexandriae
696 3420 893 3499 Ptolomaeo,
918 3421 972 3501 qui
996 3424 1045 3483 est
1073 3420 1250 3503 appellatus

83 3524 298 3609 'Epiphanes3
326 3527 399 3592 inde
427 3527 465 3591 ab
489 3525 646 3592 Antiocho
674 3545 749 3609 rege
774 3524 882 3609 Syriae
911 3526 1021 3590 multis
1046 3529 1078 3592 et
1100 3526 1249 3610 grauissi-

108 3632 170 3697 mis
203 3635 294 3700 malis
332 3634 372 3698 ad
407 3632 493 3699 idola
527 3631 658 3698 colenda
696 3632 852 3716 conpulsi,
891 3632 1108 3715 templumque
1142 3634 1249 3715 ipsum

67 3758 92 3798 oo
106 3739 258 3821 repletum
281 3740 445 3824 sacrilegis
469 3738 749 3821 superstitionibus
772 3738 926 3822 gentium.
951 3736 1035 3820 quod
1058 3743 1163 3805 tamen
1187 3739 1249 3803 dux

195 3948 276 4002 sut.
295 3950 339 4010 22,
360 3951 393 4003 14

143 4046 312 4166 thebanum,
329 4098 363 4152 ia
380 4114 466 4169 marp.
485 4100 509 4149 >T
528 4084 577 4159 ih‘l,
593 4116 614 4167 p
693 4098 783 4152 6Dei
803 4096 942 4151 aedifico
1023 4098 1117 4165 9uec]
1140 4096 1211 4165 quod
1227 4114 1247 4165 p

108 4183 143 4237 10
163 4185 361 4255 nonhabuitp
468 4193 605 4254 eterrap
698 4187 731 4239 14
750 4186 822 4239 enim
841 4188 937 4255 poete
1030 4186 1061 4239 15
1081 4185 1247 4239 lactaestv

108 4273 142 4326 lu
162 4274 216 4327 auxi
235 4277 292 4330 aiv
346 4276 381 4331 23
400 4274 564 4345 philadelfus
583 4274 707 4329 beneuol.
727 4317 733 4329 .
754 4316 761 4329 .
779 4292 829 4343 per
846 4292 880 4327 m.
900 4278 915 4327 1
933 4274 963 4327 ia
982 4290 1068 4343 nrorp.
1085 4292 1103 4343 p
1171 4273 1245 4327 beni·

107 4360 164 4416 uel.
183 4363 324 4434 obeppa
378 4364 411 4418 28
432 4363 559 4417 anthioco
577 4382 602 4433 p.
623 4368 648 4417 et
666 4364 706 4418 etc
719 4380 750 4432 p.
771 4366 839 4429 342,
860 4367 879 4417 2
