3192 4959
317 442 381 504 662
662 440 688 493 S.
716 438 873 491 Aurelii
901 437 1118 506 Augustini

318 637 404 698 esset
436 633 531 698 etiam
564 632 722 697 interioris
755 632 894 698 hominio
925 631 1035 708 facies,
1058 651 1120 697 non
1145 631 1266 698 diceret
1288 633 1372 698 idom
1393 652 1456 715 apo·

318 741 437 805 stolus:
461 740 542 805 Nos
577 744 709 804 autem
742 740 929 804 rsuelata
959 740 1067 804 facie
1101 740 1275 824 gloriam
1309 740 1455 805 Domini

319 848 583 930 speculantes
612 846 648 910 in
678 846 844 912 candem
870 847 1089 930 imaginem
1117 846 1457 920 transformamur,

320 954 364 1018 de
397 954 531 1038 gloria
564 953 602 1016 in
637 952 821 1035 gloriam,
844 953 1274 1035 tamquamallomini
1298 952 1455 1037 spiritu;

319 1078 377 1124 uec
401 1060 494 1124 alitor
515 1061 733 1145 intellegimus
758 1063 791 1124 et
813 1060 899 1142 quod
917 1060 949 1124 in
968 1062 1093 1142 psalmo
1114 1061 1251 1126 canitur:
1276 1059 1456 1126 Accedite
1479 1081 1490 1119 r

320 1166 366 1230 ad
402 1187 486 1231 eum
525 1170 564 1232 et
600 1166 917 1243 inluminamini,
951 1170 990 1231 et
1025 1166 1157 1232 facies
1193 1171 1360 1232 uestrae
1393 1185 1456 1230 non

320 1273 573 1338 erubescent.
606 1273 685 1338 Fide
717 1273 834 1356 quippe
863 1272 1026 1338 acceditur
1047 1272 1088 1336 ad
1109 1273 1225 1350 Deum,
1248 1293 1344 1356 quam
1366 1271 1457 1338 cordis

321 1383 446 1444 constat
468 1399 551 1457 esse,
574 1400 632 1445 non
659 1381 810 1462 corporis.
834 1379 896 1445 Sed
921 1380 995 1462 quia
1013 1381 1157 1462 spiritale
1176 1400 1292 1464 corpus
1309 1382 1457 1446 noscimus

321 1491 456 1571 quantos
485 1488 616 1552 habebit
643 1507 791 1554 accessus
820 1487 873 1572 (de
900 1489 1075 1571 re'quippe
1101 1487 1264 1571 inexperta
1285 1489 1457 1572 loquimurl,

320 1594 377 1658 ubi
400 1594 517 1676 aliqua,
541 1613 621 1676 quae
645 1595 737 1660 aliter
758 1594 903 1678 intellegi
925 1599 1072 1676 nequeat,
1097 1593 1279 1659 diuinarum
1303 1597 1457 1678 scripturu-
1471 1611 1491 1651 u

321 1720 391 1765 rum
416 1720 476 1766 non
501 1702 638 1766 occurrit
662 1702 694 1765 at
717 1701 877 1765 succurrit
898 1702 1083 1781 auctoritas,
1106 1721 1239 1766 necesse
1267 1705 1318 1766 est
1340 1707 1376 1766 ut
1396 1719 1458 1765 con-

321 1809 426 1892 tingat
455 1807 487 1870 in
521 1807 611 1872 nobis
644 1807 728 1890 quod
760 1807 879 1891 legitur
909 1807 942 1871 in
972 1808 1052 1873 libro
1085 1807 1279 1891 Sapientiae:
1314 1807 1459 1892 Cogita·

324 1915 460 1980 tiones
479 1913 717 1978 mortalium
735 1914 905 1978 timidae
924 1918 963 1978 et
979 1914 1459 1997 incertaoprouidentiae

322 2023 495 2087 nostras.

366 2127 579 2193 Ratiocinatio
612 2127 728 2210 quippe
760 2127 816 2190 illa
847 2127 1121 2210 philosophorum,
1146 2147 1209 2209 qua
1236 2128 1399 2211 disputant
1421 2129 1493 2191 itau

324 2235 439 2299 mentis
468 2233 621 2315 adspectu
649 2233 875 2318 intellegibilia
901 2233 1004 2299 uideri
1032 2239 1065 2300 et
1091 2253 1188 2299 sensu
1210 2235 1350 2318 corporis
1373 2233 1459 2299 sensi·
1553 2322 1554 2325 Ἴ

323 2341 412 2418 bilia,
436 2341 469 2405 id
502 2343 552 2405 cst
584 2339 768 2421 corporalia,
794 2344 831 2403 ut
861 2359 918 2404 uec
950 2340 1174 2424 intellegibilia
1198 2361 1255 2424 per
1277 2361 1390 2424 corpus
1410 2358 1459 2404 uec
1553 2382 1554 2421 3

325 2447 499 2530 corporalia
525 2466 582 2530 par
609 2465 643 2510 so
670 2447 773 2528 ipsam
803 2465 893 2511 meus
917 2449 1025 2511 ualeat
1045 2448 1172 2524 intueri,
1197 2448 1226 2512 si
1247 2452 1358 2530 posset
1378 2446 1458 2510 nobis
1553 2432 1554 2443 ¹

325 2574 395 2619 esse
410 2554 597 2630 certissima,
617 2553 759 2636 proiecto
775 2556 897 2617 certum
912 2557 998 2617 esset
1014 2572 1071 2635 per
1088 2555 1199 2618 oculos
1217 2555 1356 2637 corporis
1373 2553 1457 2616 etiam

325 2660 478 2745 spiritalis
502 2659 590 2724 nullo
614 2658 708 2724 modo
732 2679 827 2740 posse
845 2659 947 2723 uideri
968 2658 1080 2723 Deum.
1103 2658 1166 2724 Sed
1188 2660 1286 2724 istam
1308 2660 1493 2724 ratiocinare
1552 2710 1553 2745 ,

324 2771 444 2835 tionem
478 2770 509 2830 et
541 2783 616 2829 uera
647 2765 729 2831 ratio
762 2772 794 2830 et
825 2766 1012 2848 prophetica
1041 2765 1158 2830 inridet
1180 2767 1360 2832 auctoritas.
1390 2765 1457 2844 Quis
1552 2750 1553 2829 l

326 2876 408 2940 enim
432 2873 478 2938 ita
501 2873 544 2936 sit
566 2890 697 2937 auersus
722 2891 740 2936 a
762 2891 848 2946 uero,
867 2875 905 2936 ut
923 2871 1027 2936 dicere
1045 2872 1162 2937 audeat
1179 2873 1283 2937 Deum
1302 2871 1457 2954 corporalia

324 2981 389 3046 ista
420 2980 563 3044 nescire?
596 2977 760 3061 Numquid
792 2997 867 3063 ergo
900 2997 1015 3060 corpus
1038 2978 1144 3057 habet,
1168 2998 1225 3061 per
1247 2980 1339 3045 ouius
1361 2979 1455 3043 oculos
1551 3026 1552 3055 3

327 3107 364 3152 ea
386 3086 490 3170 possit
512 3085 695 3150 addiscere?
720 3083 842 3148 Deinde
866 3085 951 3167 quod
975 3084 1013 3148 ds
1035 3085 1190 3168 propheta
1206 3085 1354 3150 Helisaeo
1375 3083 1454 3167 paulo
1551 3118 1552 3135 ,

326 3196 398 3258 ante
422 3192 568 3266 diximus,
593 3211 693 3256 nonne
723 3191 801 3256 satis
828 3190 949 3256 indicat
972 3191 1068 3255 etiam
1091 3191 1217 3274 spiritu,
1240 3209 1302 3256 nou
1329 3211 1383 3274 per
1402 3207 1454 3254 cor·
1468 3211 1491 3252 s
1551 3158 1552 3215 ¹

326 3319 398 3384 pus,
423 3297 596 3380 corporalia
618 3317 713 3382 posse
737 3299 844 3362 cerni?
869 3296 1000 3377 Quando
1025 3299 1107 3363 euim
1131 3317 1245 3362 seruus
1267 3299 1323 3363 ille
1346 3313 1456 3362 munera

328 3405 460 3488 accepit,
485 3423 504 3467 u
523 3404 595 3486 ique
619 3405 825 3486 corporaliter
847 3407 974 3488 gestum
998 3408 1061 3481 est3
1086 3405 1170 3487 quod
1192 3409 1301 3469 tamen
1323 3403 1456 3488 propheta
1550 3430 1551 3469 l

417 3667 433 3718 2
453 3667 478 3718 2.
498 3665 558 3720 (lor.
578 3665 604 3726 3,
626 3665 658 3719 18
714 3665 793 3721 ops.
814 3665 858 3727 33,
877 3665 893 3718 6
950 3665 983 3719 12
1002 3665 1067 3735 Sap.
1086 3667 1111 3728 9,
1133 3666 1166 3720 14

366 3787 1098 3857 111111ὅθιᾳιιοᾱαόηοῐουιυῦοηιῠ.
1149 3789 1458 3854 ‘lerubescantbmon
1549 3770 1550 3807 ³

328 3876 483 3940 fundentur,
503 3877 535 3929 in
553 3893 637 3946 ortorp.
657 3877 687 3930 al
706 3876 902 3946 erubescentp
984 3875 1002 3929 8
1020 3893 1079 3931 esse
1099 3877 1241 3932 constatd
1322 3880 1338 3934 9
1356 3878 1430 3932 habet
1445 3874 1458 3926 t
1549 3897 1550 3900 ¹

331 3963 363 4018 10
383 3964 436 4017 alia
456 3981 475 4017 a
550 3965 679 4035 nequent]
699 3981 787 4034 neque
807 3965 925 4035 atqueb
999 3967 1029 4020 11
1051 3967 1180 4037 attingat
1199 3984 1234 4020 m.
1254 3970 1274 4020 2
1291 3968 1323 4022 iro
1340 3966 1460 4036 thangrt

331 4069 409 4122 corr,
430 4054 445 4108 b
538 4055 569 4108 15
589 4055 668 4123 quic
759 4056 791 4110 17
813 4055 965 4124 corporalia
986 4071 1150 4126 percorpus
1168 4061 1267 4110 utnec
1285 4056 1459 4124 intellegper
1548 4038 1550 4046 ἱ

330 4185 427 4237 corpus
447 4185 465 4222 a
521 4169 553 4223 19
573 4169 693 4238 proiecto
713 4136 847 4224 sfeertum
862 4187 886 4240 p
943 4171 979 4225 20
997 4173 1122 4241 possitp
1198 4171 1265 4225 deus
1281 4188 1303 4241 p
1357 4172 1388 4224 21
1406 4183 1458 4238 pro

329 4258 448 4326 phetiae,
467 4273 499 4310 ae
517 4275 550 4313 m.
571 4261 642 4313 2eor
659 4276 676 4313 a
694 4260 810 4329 corr.,l›
885 4258 985 4330 quido
1039 4262 1075 4314 24
1092 4276 1142 4330 per
1158 4259 1320 4330 prophetam
1337 4259 1457 4314 omnent

330 4348 364 4398 25
383 4361 431 4414 per
449 4361 533 4400 cccc
587 4347 621 4401 26
642 4347 748 4416 quando
769 4365 832 4417 ergo
853 4349 868 4402 ir
