3192 4959
356 495 406 547 De
435 493 608 547 ciuitate
638 493 792 547 deiris
820 493 891 547 XXL
921 495 1069 563 cap.27.
1220 498 1284 560 075

136 691 306 773 Indignum
336 695 386 754 est
413 689 507 765 enirn,
536 693 573 753 ut
599 689 630 752 in
659 709 693 753 se
722 709 782 754 nou
812 689 919 768 saciat,
948 691 1003 772 qui
1031 691 1109 754 facit
1131 690 1162 754 in
1188 691 1288 772 prori-

136 818 235 873 nrum,
270 817 342 862 cum
376 797 483 861 audiat
517 797 674 860 dicentem
707 796 826 860 Deum:
864 796 1027 880 Diliges
1064 797 1287 880 proximum

136 912 250 968 tuum
278 908 481 986 tamquam
511 908 549 966 te
578 903 727 985 ipsum:
762 903 903 985 itemque
933 904 1057 967 audiat:
1092 904 1287 969 Miserere

137 1012 292 1075 animae
321 1015 415 1074 tuae
437 1011 606 1093 placens
630 1009 721 1075 Deo.
751 1010 840 1074 Hanc
865 1010 1088 1093 elemosynam,
1112 1012 1145 1075 id
1169 1016 1227 1088 est,
1252 1015 1289 1074 ut

105 1119 204 1182 sDeo
232 1118 367 1201 placeat,
396 1137 457 1180 non
487 1117 607 1180 faciens
636 1117 759 1179 animae
784 1135 861 1180 suae
892 1135 953 1198 quo
978 1118 1072 1181 modo
1097 1117 1208 1201 dignas
1232 1137 1287 1199 pro

136 1224 277 1306 peccatis
308 1224 375 1288 suis
404 1224 605 1305 elemosynas
633 1222 736 1286 facere
767 1223 919 1288 dicendus
948 1227 1020 1287 est?
1048 1224 1097 1288 Ad
1120 1225 1180 1288 hoc
1205 1224 1288 1288 enirn

137 1336 169 1395 et
192 1331 275 1394 illud
294 1331 449 1413 scriptum
469 1334 534 1394 est:
561 1327 635 1407 Qui
655 1330 737 1394 sibi
756 1331 964 1414 malignus
985 1335 1056 1407 est,
1077 1333 1142 1394 cui
1160 1332 1288 1395 bonus

136 1438 237 1502 erit?
257 1436 423 1501 Orationes
443 1437 559 1518 quippe
579 1435 733 1499 adiuuant
751 1438 967 1520 elemosynam
990 1442 1021 1502 et
1040 1439 1152 1519 utique
1166 1440 1289 1502 intuen-

136 1546 213 1609 dum
229 1544 378 1625 estquod
393 1544 548 1626 legimus:
570 1542 661 1620 Fili,
680 1544 877 1625 peccasti,
898 1563 942 1608 ne
963 1544 1120 1609 adicias
1143 1545 1288 1608 iterum

92 1655 177 1715 met
210 1652 254 1714 de
287 1650 532 1734 praeteritis
566 1649 795 1732 deprecare,
830 1655 873 1714 ut
905 1651 982 1714 tibi
1013 1651 1287 1716 dimittantur.

134 1760 271 1841 Propter
302 1759 362 1821 hoc
395 1777 468 1840 ergo
502 1757 702 1839 elemosynae
734 1755 896 1821 faciendae
933 1762 1017 1834 sunt,
1056 1761 1101 1833 ut,
1141 1777 1213 1822 cunr
1251 1758 1289 1824 de

134 1864 318 1948 praeteritis
350 1864 491 1947 peccatis
525 1863 740 1946 deprecamur,
774 1864 994 1938 exaudiamur;
1029 1883 1089 1929 non
1119 1869 1156 1928 ut
1182 1865 1213 1926 in
1242 1866 1288 1929 eis

135 1975 378 2056 perseuerantes
402 1971 563 2034 licentiam
586 1969 808 2034 malefaciendi
837 1989 893 2034 nos
919 1991 973 2054 per
996 1972 1193 2053 elemosynas
1218 1991 1289 2036 con·

135 2099 248 2163 parare
273 2078 448 2142 credamus.

92 2205 117 2245 rs
182 2185 260 2249 Ideo
293 2189 399 2248 antem
432 2183 588 2247 Dominus
618 2187 650 2246 et
678 2183 793 2248 dextris
824 2186 1021 2268 elemosynas
1051 2185 1089 2248 ab
1119 2185 1163 2248 eis
1188 2186 1289 2249 iactas

135 2297 168 2357 et
192 2291 333 2356 sinistris
355 2310 416 2354 non
440 2291 542 2354 factas
567 2309 601 2353 se
624 2290 845 2372 inputaturum
870 2311 939 2355 esse
963 2292 1127 2374 praedixit,
1156 2295 1193 2356 ut
1215 2291 1288 2356 hinc

134 2399 319 2464 ostenderet
357 2402 509 2479 quantum
543 2397 671 2460 ualeant
707 2398 907 2481 elemosynae
940 2398 979 2462 ad
1010 2399 1114 2480 priore
1146 2399 1287 2474 delenda,

132 2526 196 2571 non
231 2504 272 2569 ad
303 2515 455 2586 perpetua
487 2506 601 2587 inpune
635 2504 862 2569 committenda
890 2511 1027 2586 peccata.
1061 2505 1153 2570 Tales
1182 2509 1288 2570 autern

133 2615 336 2693 elemosynas
360 2631 421 2674 non
446 2610 570 2674 dicendi
596 2615 671 2676 sunt
692 2613 805 2688 facere,
835 2610 888 2694 qui
916 2612 1018 2676 uitam
1040 2613 1152 2678 nolunt
1175 2631 1193 2676 a
1216 2631 1288 2677 con·

88 2719 308 2785 nsuetudine
341 2718 497 2782 scelerum
529 2717 561 2781 in
594 2719 710 2782 melius
743 2721 947 2782 commutare.
986 2717 1069 2797 Quia
1101 2722 1132 2783 et
1164 2719 1195 2782 in
1228 2720 1288 2784 hoc
1379 2776 1381 2784 ,

133 2824 221 2908 quod
247 2824 308 2887 ait:
334 2821 497 2901 Quando
522 2822 590 2886 uni
614 2841 658 2886 ex
682 2822 861 2887 minimis
886 2824 985 2888 meis
1010 2843 1082 2888 uon
1106 2824 1287 2903 fecistis,

131 2931 235 2995 mihi
264 2948 338 2994 non
367 2929 545 3007 fecistis,
575 2930 716 2994 ostendit
744 2949 797 2994 eos
827 2949 886 2993 non
916 2931 1018 2995 facere
1043 2931 1139 2995 etiam
1164 2932 1287 3013 quando

131 3059 168 3103 se
193 3039 299 3101 facere
324 3036 515 3100 existimant.
541 3036 574 3101 Si
599 3037 681 3099 enirn
707 3036 886 3102 Christiano
907 3038 1059 3102 esurienti
1076 3057 1190 3122 panem
1209 3043 1287 3103 tarn-

132 3162 232 3226 quam
263 3141 441 3206 Christiano
470 3141 589 3217 darent,
618 3143 759 3224 profecto
789 3142 850 3206 sibi
878 3163 991 3225 panem
1019 3145 1172 3224 iustitiae,
1203 3146 1288 3228 quod

84 3250 204 3332 seipse
244 3247 391 3313 Christus
425 3252 484 3325 est,
522 3267 582 3312 non
620 3252 787 3331 negarent;
826 3251 973 3331 quoniam
1007 3251 1104 3333 Deus,
1141 3271 1201 3316 non
1236 3251 1286 3315 cui

130 3357 239 3432 detur,
273 3354 330 3418 sed
362 3374 424 3437 quo
458 3355 561 3419 anirno
596 3355 697 3428 detur,
731 3355 881 3419 adtendit.
920 3354 982 3435 Qui
1015 3377 1089 3442 ergo
1124 3358 1285 3424 Christum

130 3462 246 3545 diligit
268 3461 299 3523 in
324 3461 514 3538 Christiano,
542 3460 603 3523 hoc
627 3461 730 3524 animo
761 3461 790 3524 ei
814 3462 947 3545 porrigit
970 3463 1195 3548 elemosynam,
1226 3486 1287 3548 quo

129 3568 262 3658 accedit
280 3566 319 3630 ad
340 3566 512 3644 Christum,
533 3586 593 3631 non
609 3586 671 3647 quo
687 3567 759 3631 uult
773 3568 918 3632 recedere
931 3569 1096 3652 inpunitus
1116 3591 1133 3634 a
1149 3571 1286 3637 Christo.

129 3676 237 3739 Tanto
270 3673 354 3738 enim
381 3673 485 3757 magis
515 3674 650 3755 quisque
679 3673 798 3738 deserit
826 3674 998 3752 Christum,
1033 3681 1149 3759 quanto
1183 3679 1286 3763 magis

224 3916 1285 3982 2ffiffiffl3fflfflwffliffi½59fflsslfflm

127 4007 233 4069 ffiffi

165 4129 702 4196 mewmfflmmofflm
777 4129 1286 4200 ffifflw3mmme4me

128 4217 1286 4286 mmvmwemwmmwmmmwmwmm

130 4305 1288 4379 wmmffiwlQOmpHmfflmWMmMmme

127 4393 860 4467 ffiwmmpffiffiffifflpmmy
