3192 4959
289 423 331 485 60
638 417 665 473 S.
694 418 851 484 Aurelii
878 417 1095 487 Augustini

287 616 468 678 sanctorum
499 612 625 690 ciuiiaS,
654 612 801 694 quamuis
825 613 878 676 hic
900 612 1003 695 pariat
1025 614 1124 690 ciues,
1151 613 1184 677 in
1208 612 1325 694 quibus
1347 633 1435 695 pere-

288 719 439 803 grinatur,
463 718 562 783 donec
586 719 674 803 regui
694 719 762 783 eius
782 722 910 801 tempus
929 718 1088 793 adueniat,
1112 738 1185 783 cum
1205 722 1435 802 congregatura

287 830 337 890 ost
361 844 469 889 omnes
492 826 523 889 in
549 825 616 889 suis
642 826 826 906 corporibus
850 828 1063 908 resurgentes
1087 825 1211 908 quando
1236 826 1282 889 eis
1300 826 1434 907 promis·

287 952 357 996 sum
387 931 514 995 dabitur
535 951 678 1014 regnum,
708 931 760 995 ubi
791 951 864 996 cum
888 950 946 995 suo
970 932 1111 1015 principe
1134 950 1210 1015 roge
1233 933 1434 996 saeculorum

287 1038 354 1104 sine
377 1038 444 1103 uilo
468 1039 621 1121 temporis
645 1038 705 1101 fine
728 1038 915 1121 regnabunt.
1469 1062 1484 1099 e

759 1230 896 1297 CAPUT
920 1231 961 1295 Π.

425 1374 480 1438 De
504 1373 612 1437 filiis
637 1372 775 1437 carnis
800 1376 839 1437 et
861 1372 972 1437 filiis
996 1373 1300 1457 promissionis.

330 1514 450 1579 Umbra
478 1524 551 1579 saue
580 1514 734 1596 quaedam
763 1514 905 1578 ciuitatis
933 1514 1030 1578 huius
1060 1518 1093 1579 et
1118 1516 1225 1599 imago
1247 1516 1433 1598 prophetica

286 1622 314 1685 ei
343 1620 566 1704 significandae
594 1624 700 1703 potius
731 1640 825 1704 quam
847 1622 1093 1703 praesentandae
1117 1622 1252 1687 semiuit
1272 1621 1431 1700 interris,

286 1747 347 1809 quo
377 1746 446 1791 eam
474 1733 615 1811 temporo
644 1728 854 1792 demonstrari
883 1728 1058 1810 oportebat,
1087 1735 1119 1792 et
1145 1728 1232 1793 dicta
1259 1732 1308 1792 est
1335 1730 1435 1792 etiam·
1454 1750 1482 1789 ιο

283 1836 355 1917 ipsa
374 1835 488 1898 ciuitas
508 1838 617 1899 sancia
635 1835 747 1899 merito
768 1834 978 1918 significantis
997 1836 1154 1919 imaginis,
1174 1855 1235 1901 non
1254 1854 1430 1919 expressae,

285 1940 371 2004 siout
401 1940 510 2004 fuuua
543 1945 601 2017 esi,
634 1940 790 2005 ueritatis.
824 1941 871 2004 De
899 1942 959 2005 hac
985 1941 1122 2025 imagine
1151 1942 1308 2006 semiente
1337 1946 1369 2006 θῖ
1391 1942 1431 2007 de

283 2047 349 2123 illa,
380 2066 474 2129 quam
502 2047 671 2131 significat,
698 2048 800 2111 libera
823 2047 954 2112 ciuitate
978 2048 1025 2111 sic
1048 2049 1212 2131 apostolus
1236 2048 1274 2112 ad
1299 2047 1431 2114 Galatas

285 2154 441 2236 loquitur:
471 2152 610 2218 Dicite
633 2154 741 2231 mihi,
772 2154 887 2235 iuquit,
917 2154 989 2217 sub
1013 2154 1103 2237 lege
1126 2154 1316 2219 uolentes
1341 2174 1430 2219 esse

284 2261 417 2344 legem
458 2280 533 2325 non
575 2260 778 2325 audistis?
821 2260 1022 2344 Scriptum
1066 2265 1128 2325 est
1169 2261 1283 2337 enim,
1325 2262 1479 2344 quodue

283 2368 484 2432 Abraham
519 2368 618 2433 duos
651 2368 769 2433 filios
806 2369 960 2445 habuit,
993 2388 1110 2432 unum
1141 2368 1186 2432 de
1215 2368 1368 2433 ancilla
1391 2373 1431 2432 θῖ

285 2494 403 2538 unum
439 2474 483 2539 de
516 2475 658 2539 libera.
692 2474 767 2539 Sed
790 2474 864 2537 ille
893 2473 1064 2556 quidem,
1099 2476 1166 2557 qui
1195 2474 1240 2539 de
1263 2475 1428 2551 ancilla,

284 2582 504 2645 secundum
533 2600 690 2645 carnem
718 2584 838 2644 natus
863 2586 939 2654 θεῖς
969 2580 1037 2662 qui
1061 2587 1193 2645 autem
1217 2581 1262 2645 de
1288 2582 1429 2657 libera,

284 2708 353 2771 per
375 2688 750 2769 repromissionem
784 2707 883 2769 quae
907 2687 1060 2751 suntin
1086 2686 1298 2768 allegoria.
1321 2687 1429 2751 Haec

284 2795 387 2859 enim
417 2799 510 2858 suni
541 2795 614 2858 duo
640 2798 899 2871 testamenta,
928 2813 1045 2857 unum
1070 2794 1230 2877 quidem
1254 2812 1273 2857 a
1294 2799 1428 2858 moute
1448 2816 1479 2855 zo

285 2900 380 2966 Sina
402 2902 440 2965 iu
464 2900 712 2965 seruitutem
738 2920 946 2984 generans,
974 2900 1077 2981 quod
1103 2903 1166 2964 θθῖ
1187 2903 1307 2983 Agar3
1334 2901 1429 2965 Sina

284 3008 388 3073 enim
412 3027 521 3072 mons
546 3011 609 3072 esi
632 3007 671 3070 in
695 3008 854 3084 Arabia,
879 3025 980 3089 quae
1004 3006 1223 3071 coniuncta
1247 3010 1310 3071 esi
1333 3007 1428 3071 huic

283 3134 383 3197 quae
408 3134 510 3179 nunc
535 3119 597 3179 est
621 3114 896 3188 Hierusalem
922 3115 1056 3179 seruit
1080 3114 1182 3177 enim
1206 3134 1292 3177 cum
1316 3114 1427 3179 filiis

284 3221 382 3285 suis.
416 3220 523 3302 Quae
558 3225 688 3285 autem
720 3240 878 3286 sursum
909 3226 971 3285 est
997 3221 1267 3285 Hierusalem.
1295 3222 1428 3287 libera

283 3333 354 3399 esi,
393 3348 492 3411 quae
526 3330 588 3393 est
620 3332 747 3392 maier
779 3331 931 3393 nostra.
970 3324 1177 3409 Scriptum
1211 3330 1274 3392 θθῖ
1306 3329 1426 3391 enim:
1448 3349 1477 3391 as

281 3434 1426 3518 Laetaresierilis,quaenonparis,erumpeeterc1ama,

283 3558 382 3621 quae
406 3559 481 3604 non
505 3541 705 3622 parturis3
737 3540 925 3622 quoniam
952 3540 1074 3605 multi
1107 3539 1192 3603 filii
1227 3541 1425 3616 desertae,

282 3646 409 3730 magis
444 3666 556 3729 quam
590 3646 679 3712 cius
714 3666 813 3729 quae
846 3647 970 3711 habet
997 3647 1137 3711 uirum.
1171 3645 1251 3711 Nos
1281 3653 1426 3725 auteur,

370 3910 402 3962 14
423 3908 482 3965 Gal.
501 3910 527 3972 4,
546 3910 578 3963 21
600 3926 658 3977 sqq.

318 4050 350 4103 15
369 4048 496 4119 audistis]
515 4050 657 4119 logistica
714 4051 745 4103 18
766 4068 844 4105 carne
864 4052 899 4103 V¹
947 4055 978 4107 21
1000 4054 1066 4108 Sina
1084 4070 1164 4108 omr-
1213 4056 1426 4111 22estmonso

280 4156 349 4207 quae
369 4139 513 4192 coniuncta
533 4144 574 4192 est
598 4138 671 4207 ch
691 4139 803 4206 Ι)οθθῖ.,Ι
823 4142 871 4209 qui
890 4142 1049 4196 coniunctus
1068 4147 1110 4196 est
1128 4143 1198 4197 abo
1279 4144 1313 4197 25
1332 4150 1427 4198 nostra

284 4227 330 4281 Vc
335 4244 411 4297 ppo
420 4230 443 4290 f
459 4226 574 4293 Domb.;
592 4227 710 4280 omnium
731 4232 854 4281 nostrum
873 4248 931 4297 ao;
949 4232 1069 4285 omnium
1087 4232 1275 4284 nostrorunrb
1342 4233 1377 4287 26
1398 4238 1426 4286 et

280 4316 399 4369 exclama
423 4314 507 4384 Ve²p
518 4334 535 4365 α
547 4320 570 4377 ,⁵
586 4315 699 4382 Domb.;
718 4321 746 4369 θῖ
764 4318 850 4370 clama
870 4336 887 4370 α
898 4318 914 4371 b
925 4319 974 4373 e¹o
