3192 4959
301 376 365 438 568
655 375 682 427 S.
710 375 866 428 Aurelii
893 377 1111 444 Augustini

302 568 447 632 dumento
472 567 816 650 superaedificauerunt
840 569 1016 650 quamlibet
1037 571 1209 652 pessimam
1230 572 1342 646 uitam,
1362 573 1450 635 uelut

300 676 398 759 ligna,
422 675 541 752 fenum,
567 675 733 757 stipulam:
758 679 844 739 recta
867 676 977 758 itaque
1001 677 1090 752 lidae,
1114 697 1283 760 perquam
1305 677 1448 743 Christus

301 785 351 845 est
378 781 629 858 fundamentum,
664 784 812 864 quamuis
840 801 912 846 oum
942 782 1065 860 danmo,
1094 783 1244 865 quoniam
1272 785 1339 860 illa,
1374 803 1448 866 qnae

302 887 564 970 superaedificata
588 891 672 966 sunt,
702 893 880 967 exurentur,
910 893 1014 954 tamen
1043 891 1161 970 poterit
1185 910 1238 954 eos
1264 891 1448 973 quandoque

301 996 340 1059 ab
372 995 459 1059 iilius
488 994 571 1077 ignis
599 996 811 1077 perpetuitate
840 997 973 1060 saluere.
1007 995 1208 1078 Respondeat
1236 998 1283 1061 eis
1316 997 1478 1062 breuiters

302 1102 468 1182 apostolus
492 1102 641 1165 Iacobus:
672 1101 708 1166 Si
734 1103 819 1184 quis
844 1103 1007 1166 dicatae
1034 1103 1145 1166 fidem
1170 1102 1316 1174 habere,
1343 1121 1446 1186 opera

303 1211 430 1272 autam
469 1227 537 1271 non
577 1209 723 1283 habeat,
766 1209 945 1290 numquid
986 1209 1129 1292 poterit
1166 1210 1264 1274 fides
1305 1210 1445 1274 saluam

304 1317 406 1377 eum?
434 1315 476 1378 Et
499 1315 571 1396 quis
596 1318 655 1393 est,
682 1316 841 1398 inquiunt,
874 1315 911 1378 de
936 1335 997 1396 quo
1022 1315 1100 1379 dicit
1128 1317 1294 1398 apostolus
1319 1317 1444 1381 Paulus:

302 1421 388 1503 lpse
417 1425 541 1485 autem
570 1422 703 1486 saluus
732 1422 815 1499 erit,
844 1423 899 1486 sic
928 1425 1051 1486 tamen
1082 1423 1190 1504 quasi
1218 1423 1444 1506 perignem?

304 1526 407 1591 Simul
435 1527 506 1608 quis
535 1528 596 1590 iste
626 1528 679 1610 sit,
712 1528 925 1610 inquiramus;
956 1529 1038 1592 hunc
1066 1533 1172 1593 tamon
1201 1549 1261 1594 non
1291 1549 1361 1594 esse
1390 1549 1477 1593 cer-o

302 1633 463 1697 tissimum
490 1638 548 1710 est,
573 1654 611 1698 ne
636 1635 770 1699 duorum
794 1637 1011 1717 apostolorum
1036 1635 1211 1699 sententias
1237 1636 1403 1700 mittamus
1419 1635 1443 1700 in

302 1739 412 1816 rixam,
442 1742 470 1805 si
493 1746 576 1807 rarius
601 1742 692 1805 dicit:
718 1741 862 1806 ‘Etiamsi
886 1743 969 1806 mala
993 1761 1086 1824 opera
1110 1742 1181 1823 quis
1206 1740 1365 1818 habuerit,
1394 1741 1443 1805 sal-

303 1847 394 1910 uabit
426 1867 499 1911 eum
531 1868 588 1930 per
618 1849 724 1932 iguem
756 1849 860 1926 fidcs';
895 1850 976 1913 alius
1011 1853 1133 1912 autem:
1168 1847 1206 1913 Si
1240 1868 1353 1931 opera
1384 1867 1442 1912 nou

305 1954 452 2032 habeat,
476 1957 656 2037 numquid
679 1958 826 2039 poterit
849 1957 947 2021 fides
974 1957 1124 2021 salutare
1149 1959 1253 2020 cum?

348 2062 552 2125 Inueniemus
586 2081 659 2146 ergo
693 2063 765 2145 quis
797 2064 902 2146 possit
930 2063 1047 2128 saluan'
1079 2081 1135 2143 per
1162 2062 1280 2146 ignem,
1310 2062 1336 2125 si
1368 2061 1474 2142 priusu

304 2168 518 2232 inuenerimus
548 2168 624 2251 quid
652 2169 695 2233 sit
722 2170 837 2233 habere
865 2170 896 2232 in
925 2169 1131 2234 fundamento
1161 2169 1335 2233 Christum.
1364 2165 1442 2246 Quod

304 2278 341 2337 ut
366 2274 403 2338 de
427 2275 496 2356 ipsa
520 2276 729 2340 similitudine
754 2277 942 2359 quantocius
967 2277 1185 2340 aduertamus:
1215 2275 1294 2339 nibil
1318 2276 1349 2338 in
1372 2271 1442 2338 aedi-

304 2381 375 2446 ficio
407 2383 613 2464 praeponitur
643 2383 865 2457 fundamento3
900 2384 1045 2465 quisquis
1075 2384 1183 2464 itaque
1217 2382 1264 2445 sic
1297 2381 1389 2444 habet
1417 2379 1440 2440 iu

305 2489 398 2552 corde
423 2489 594 2567 Christum,
618 2496 655 2553 ut
678 2490 706 2553 ei
729 2494 854 2554 terrena
877 2494 909 2552 ct
932 2489 1118 2572 temporalia
1135 2507 1193 2552 nec
1213 2507 1249 2552 ea
1269 2507 1349 2569 quae
1366 2486 1441 2550 licita

306 2601 382 2658 sunt
405 2597 506 2678 adque
531 2615 681 2660 concessa
700 2601 880 2679 praeponat,
900 2596 1139 2660 hindamentum
1161 2595 1258 2658 hahet
1277 2595 1440 2659 Christum:
1455 2613 1475 2650 a

305 2703 334 2765 si
363 2705 470 2766 autem
497 2703 671 2786 praeponit,
705 2705 766 2766 etsi
794 2703 941 2767 uideatur
968 2703 1083 2766 hahere
1112 2701 1205 2765 fidam
1231 2701 1359 2774 christi,
1389 2717 1441 2762 non

305 2812 477 2872 esttamen
497 2810 528 2872 iu
550 2829 584 2874 eo
604 2810 846 2873 fundamentum
867 2808 1025 2884 Christus
1046 2809 1098 2872 cui
1113 2809 1188 2872 talia
1203 2808 1438 2890 praeponuntur:

306 2919 422 2996 quanto
455 2915 569 2998 magis,
604 2916 632 2979 si
660 2916 812 2979 salutaria
840 2918 1006 2998 praecepta
1039 2917 1241 2978 contemnens
1276 2913 1440 2978 committat

304 3021 437 3097 inlicita,
466 3040 525 3083 non
550 3021 772 3102 praeposuisse
797 3019 971 3096 Christum,
1000 3020 1057 3083 sed
1080 3019 1303 3102 postposuisse
1328 3019 1440 3082 conuiu-

305 3128 398 3203 citur‚
432 3146 525 3207 quern
557 3127 744 3210 posthabuit
770 3128 979 3210 imperantem
1007 3127 1076 3190 siue
1105 3126 1339 3202 concedentem,
1374 3125 1474 3187 duna

306 3236 414 3296 contra
443 3235 511 3296 eius
539 3234 693 3315 imperata
721 3235 789 3298 siue
819 3253 970 3298 concessa
994 3253 1084 3298 suam
1107 3251 1164 3314 per
1191 3232 1312 3316 flagitia
1334 3231 1441 3312 delegit

306 3339 429 3420 explere
456 3339 635 3405 libidinem!
666 3340 700 3404 Si
728 3341 800 3422 quis
824 3341 932 3422 itaque
957 3339 1156 3404 Christianus
1185 3338 1293 3422 diligit
1315 3335 1439 3402 morotu-

306 3464 375 3509 cem
399 3446 490 3526 eiquo
510 3446 680 3510 adhaerens
700 3466 795 3509 unum
818 3466 931 3530 corpus
952 3446 1097 3514 allicitur.
1117 3446 1231 3509 iamin
1251 3445 1438 3510 fundamento

306 3573 367 3616 non
395 3553 492 3617 habet
522 3553 695 3618 Christum.
726 3554 758 3619 Si
788 3555 860 3635 quis
884 3557 990 3617 auteur
1015 3553 1120 3637 diligit
1149 3572 1277 3616 uxorem
1302 3569 1394 3624 suam,
1416 3547 1438 3612 si

396 3781 486 3833 blac.
505 3782 530 3845 2,
552 3782 585 3832 14
640 3781 656 3833 9
677 3781 700 3836 l.
721 3779 780 3833 Cor.
801 3782 826 3842 3,
850 3783 881 3832 15
937 3781 970 3834 28
992 3781 1014 3834 l.
1035 3779 1095 3834 Cor.
1115 3779 1141 3841 6,
1163 3781 1194 3832 16

342 3904 551 3973 lquandoque‚
571 3922 622 3974 que
642 3921 693 3958 om.
714 3907 737 3958 c1
781 3905 932 3974 tabeatp
973 3903 1057 3975 Seth,
1078 3919 1089 3957 s
1110 3919 1225 3970 er·us.‚p
1268 3903 1300 3955 12
1317 3899 1438 4000 abueritg

309 4021 342 4072 13
361 4019 428 4072 fides
448 4037 496 4089 per
514 4021 641 4088 ignemo
734 4023 765 4074 17
787 4021 923 4073 utom.b
1007 4019 1171 4088 decm.bp
1254 4014 1420 4071 inediticatio

307 4109 503 4178 proponiturb
561 4111 593 4162 19
613 4114 644 4162 ut
663 4112 688 4163 ei
707 4127 760 4163 non
780 4109 923 4162 terrenab
996 4109 1159 4177 temporaria
1177 4125 1217 4175 cp
1259 4106 1299 4166 ,¹25
1312 4110 1366 4174 post
1379 4101 1436 4154 haec

307 4198 405 4250 habuit
425 4217 442 4248 α
532 4199 566 4252 26
585 4216 669 4267 susp
767 4216 816 4266 per
834 4199 940 4267 flagitia
959 4214 1039 4251 erosa
1059 4201 1167 4257 scruta
1272 4191 1435 4260 dilegitpp:

308 4287 401 4355 diligit
422 4305 435 4341 c
489 4289 522 4340 ‘28
543 4290 630 4355 eique.
651 4305 702 4355 que
722 4306 755 4340 ru.
777 4293 796 4340 2
814 4305 874 4354 arcp.
896 4289 991 4354 lbc.‚p
