3192 4959
426 447 475 501 Da
505 447 678 501 ciuitate
706 448 768 501 dei
796 448 861 501 lib.
889 448 979 504 XIIII.
1009 466 1084 518 cap.
1112 449 1138 501 4.
1167 453 1192 504 5.
1367 456 1387 518 9

239 664 258 707 a
285 646 373 725 parte
400 646 516 708 totum.
545 644 588 707 Et
615 643 652 706 ab
682 642 787 707 anima
814 662 949 727 namquo
978 648 1010 709 ct
1033 664 1051 707 a
1078 664 1179 723 came,
1209 664 1289 729 quac
1312 652 1389 711 suut

238 756 343 832 partes
379 750 528 826 hominis,
564 753 672 833 potest
707 752 813 814 totum
849 750 1031 835 significari,
1068 752 1154 834 quod
1190 755 1241 817 cst
1276 752 1386 827 hom0;

238 858 339 939 adque
371 857 416 921 ita
447 876 507 921 non
541 860 590 921 est
617 856 704 920 aliud
731 856 877 921 animalis
905 859 1011 933 bomo,
1044 858 1130 923 aliud
1159 858 1302 936 carnalis,
1331 859 1388 923 scd

236 964 321 1028 idom
347 964 454 1045 ipsum
478 966 527 1027 est
549 967 731 1045 utrumque,
759 963 793 1027 id
817 966 867 1028 est
889 964 1063 1028 secundum
1092 965 1251 1029 homiuem
1273 966 1386 1029 uiuons

204 1071 345 1147 ohom03
375 1072 459 1135 sicut
486 1089 545 1134 non
574 1070 662 1134 aliud
689 1089 782 1152 quam
812 1070 955 1135 hominos
979 1072 1208 1154 significantur,
1238 1070 1307 1134 siue
1329 1070 1387 1134 ubi

236 1179 369 1261 legitur:
394 1178 444 1241 Er
469 1177 663 1261 operibus
686 1178 794 1261 legis
820 1197 892 1243 non
916 1177 1232 1242 iustificabitur
1255 1178 1385 1243 omnis

238 1286 446 1361 caraune
483 1284 568 1366 quod
605 1284 759 1366 scriptum
797 1286 861 1347 cst:
900 1282 1173 1367 Septuaginta
1206 1285 1383 1367 quinque

238 1392 393 1457 animae
421 1391 723 1455 descenderunt
751 1409 838 1455 oum
861 1390 984 1455 Iacob
1014 1391 1052 1455 in
1077 1392 1315 1476 Aegyptum.
1344 1390 1386 1455 Et

237 1500 282 1564 ibi
311 1499 391 1563 enim
417 1517 618 1581 peromnem
649 1516 773 1562 caruem
797 1498 900 1562 omnis
924 1496 1029 1575 homo,
1058 1502 1091 1563 ct
1112 1499 1159 1562 ibi
1181 1519 1238 1582 per
1260 1504 1385 1582 septua-

193 1630 218 1667 ro
237 1606 325 1689 ginta
357 1606 494 1687 qumque
533 1605 653 1669 animas
692 1606 898 1689 septuaginta
936 1604 1075 1687 quinquo
1112 1604 1256 1671 homines
1293 1608 1386 1672 intel·

235 1715 394 1797 leguntur.
415 1712 457 1775 Et
476 1712 561 1793 quod
580 1712 700 1775 dictum
721 1715 783 1775 cst:
805 1709 884 1774 Non
908 1711 944 1775 in
968 1711 1179 1794 sapientiae
1203 1714 1384 1781 humanae

237 1818 360 1883 doctis
385 1817 524 1895 uerbiS,
547 1818 653 1901 potuit
673 1818 748 1881 dici:
773 1818 853 1881 ‘Non
873 1818 904 1880 in
925 1818 1097 1899 sapientiae
1117 1820 1275 1896 carnalio’3
1300 1821 1385 1886 sicut

237 1925 321 2005 quod
346 1924 464 1989 dictum
491 1928 553 1989 cat:
584 1924 794 1989 Secundum
823 1924 1008 1989 bominem
1038 1925 1254 2003 ambulatis,
1277 1928 1385 2009 potuit

237 2032 314 2095 dici:
346 2030 536 2097 ‘Secundum
570 2031 714 2095 carncm'.
748 2030 854 2114 Magis
882 2034 989 2095 autem
1017 2032 1077 2095 hoc
1104 2033 1251 2114 apparuit
1277 2034 1308 2097 in
1333 2034 1383 2098 bis

191 2162 216 2201 rc
237 2156 317 2220 quac
337 2138 513 2202 subiunxit:
539 2137 628 2203 Cum
654 2137 749 2201 onim
774 2138 859 2220 quis
884 2137 999 2203 dicat:
1028 2138 1105 2222 ilgo
1129 2139 1277 2219 quidem
1302 2159 1382 2204 sum

235 2243 357 2325 Pauli,
377 2244 476 2308 alius
502 2246 639 2308 autom:
663 2244 740 2329 Ego
759 2244 906 2327 Apollo,
931 2262 1048 2308 nonno
1072 2244 1241 2310 homines
1266 2246 1382 2311 cotis?

237 2348 330 2428 Quod
354 2350 490 2414 dicebat:
515 2350 706 2415 Animalca
731 2352 837 2427 ostia,
862 2355 908 2415 ct:
933 2350 1110 2415 Carnales
1134 2352 1239 2429 estis,
1260 2372 1382 2434 expres-

236 2458 305 2521 sius
334 2456 425 2520 dirit:
453 2457 630 2521 Homines
664 2458 770 2531 ostis,
806 2458 891 2539 quod
914 2461 977 2521 ost:
1006 2456 1198 2521 ‘Secundum
1221 2458 1382 2523 hominem

234 2562 360 2642 uiuitis,
386 2582 445 2626 non
475 2563 648 2649 secundum
677 2565 792 2642 Deum,
822 2564 995 2628 secundum
1028 2582 1122 2647 quem
1156 2564 1182 2629 si
1215 2565 1381 2643 nicetetia,

186 2668 428 2735 mmmmm

705 2757 842 2824 CAPUT
870 2758 908 2822 V.

233 2882 346 2962 Quod
379 2882 423 2947 do
457 2884 637 2967 corporis
670 2884 906 2965 animaeque
939 2886 1084 2947 natura
1114 2884 1382 2949 tolerabilior

231 2991 393 3073 quidem
413 2991 719 3056 Platonicorum
743 3010 857 3074 quam
877 2990 1206 3055 Manichaeorum
1225 2990 1282 3055 cit
1301 2991 1380 3073 opi·

231 3097 308 3172 nio,
347 3098 415 3161 sod
453 3102 491 3161 ct
527 3098 617 3181 ipsa
652 3096 915 3180 reprobanda,
958 3097 1142 3178 quoniam
1181 3096 1379 3161 uitiorum

182 3232 211 3271 aa
323 3204 496 3268 omnium
521 3223 663 3269 causas
688 3206 857 3268 naturae
881 3204 1015 3267 carnis
1039 3203 1287 3268 adscribunt.

275 3328 345 3393 Non
371 3330 470 3413 igilur
497 3348 577 3411 opus
605 3332 655 3393 eat
680 3329 713 3392 iu
740 3328 879 3411 peccatis
907 3328 1059 3409 uiuisque
1083 3327 1199 3392 uostris
1224 3327 1263 3391 ad
1287 3326 1378 3392 Oroa-

229 3434 309 3499 toris
330 3435 478 3499 iniurIam
502 3435 603 3499 carnis
627 3454 776 3499 accusare
798 3439 955 3512 naturam,
980 3434 1115 3517 quaein
1139 3452 1252 3517 gauere
1275 3433 1378 3516 adque

319 3609 336 3661 6
354 3608 431 3663 Rom.
450 3610 475 3671 3,
495 3608 530 3662 20
586 3610 601 3662 7
622 3608 687 3663 Gen.
707 3612 750 3674 46,
770 3609 804 3661 27
862 3610 895 3663 15
916 3609 939 3662 1.
960 3606 1020 3663 Cor.
1040 3608 1065 3673 3,
1084 3609 1102 3661 4

265 3732 281 3786 3
301 3733 401 3787 carnali
423 3733 458 3786 V1
514 3736 531 3789 6
549 3734 714 3789 iustificantur
737 3731 784 3786 Vc
841 3732 873 3786 12
893 3732 958 3801 dici]
978 3731 1120 3799 aequantia
1137 3747 1222 3799 amque
1242 3731 1282 3784 ad
1299 3731 1317 3784 l.
1337 3733 1376 3783 15

226 3822 268 3875 sic
285 3822 390 3890 atarbio
408 3828 473 3876 aunt
486 3824 518 3876 c'ra
532 3823 562 3876 b:
576 3823 637 3875 Non
652 3824 739 3891 magio
755 3824 847 3875 autem
861 3820 912 3873 boc
930 3821 1057 3891 apparuit
1074 3821 1102 3873 in
1121 3819 1164 3872 bis
1183 3836 1236 3889 que
1255 3820 1376 3873 oubiuxit

227 3908 257 3963 in
275 3911 412 3979 capientia
434 3912 557 3965 camolia.
577 3912 648 3966 sicut
671 3909 743 3979 quod
762 3909 865 3964 dictum
889 3914 939 3964 oct.
958 3908 1105 3963 secundum
1123 3908 1260 3961 homiuem
1280 3908 1373 3961 ombu-

226 3998 301 4051 latia
328 3998 419 4067 potuit
444 3998 512 4063 dicit
537 3999 683 4055 secuudum
709 4015 815 4053 carnem
841 4014 982 4067 pcruorcoo
1007 3996 1122 4051 habebit
1146 3998 1196 4050 boo
1221 4013 1309 4050 mores
1334 3998 1373 4051 sic

228 4087 258 4141 ai
278 4090 353 4141 recta
374 4090 424 4142 cat.
444 4088 511 4143 Cum
531 4090 601 4143 enim
622 4089 651 4152 (1,
671 4090 717 4151 15)
734 4094 792 4141 cett.
855 4089 887 4141 15
907 4084 1016 4155 quidem
1035 4102 1111 4153 rnao.‚·
1128 4102 1213 4140 omo
1270 4086 1302 4138 16
1322 4102 1373 4152 ego

227 4176 331 4245 pollob
371 4178 403 4230 17
423 4180 452 4231 et
470 4178 590 4232 camales
610 4178 676 4231 cotis
695 4176 777 4231 omb
815 4177 849 4229 22
869 4175 942 4241 Quid
961 4175 987 4227 V
1020 4176 1055 4228 24
1072 4174 1133 4243 ipra
1149 4172 1318 4243 reprobanda
1337 4174 1373 4240 l';

227 4264 281 4334 ipsi
299 4266 477 4335 reprobantur
490 4282 562 4335 poa
634 4265 808 4320 momorum
831 4264 1025 4332 V‚·om.pqa
1115 4262 1273 4317 adscribunt
1285 4278 1372 4332 pov,-

228 4352 339 4423 aocripti
362 4354 399 4422 V,·
417 4354 530 4410 ascribit
547 4355 647 4411 Domb.
