3192 4959
344 435 395 489 De
424 436 598 489 ciuitate
627 436 687 490 dei
715 436 781 489 lib.
810 435 867 491 XX.
897 453 971 506 cap.
1001 436 1043 492 20.
1072 437 1115 490 21.
1238 439 1303 502 479

155 635 310 714 quantum
334 631 412 694 satis
436 649 505 694 esse
529 631 699 707 uidebitur,
723 630 876 695 debemus
901 630 1078 704 ostendere:
1105 649 1195 712 quae,
1220 631 1304 696 sicut

154 737 299 815 arbitror,
331 757 391 800 uon
424 741 513 800 tanta
545 757 633 801 mora
663 756 793 802 necesse
822 737 881 801 erit
908 737 1035 802 tractari
1064 740 1095 802 et
1124 739 1245 820 exponi,
1276 739 1303 802 31

152 845 237 916 istis,
263 863 343 926 quae
366 843 599 926 praemisimus,
622 844 723 908 lector
746 843 905 908 curarrsrit
928 843 1081 908 adiuuari.

607 1037 744 1102 CAPUT
766 1037 854 1102 XXI.

118 1204 133 1240 s
156 1175 254 1255 Quid
276 1177 409 1240 Esaias
434 1176 618 1258 propheta
642 1175 683 1239 da
707 1181 939 1241 mortuorum
962 1177 1241 1242 resurrectione
1266 1181 1302 1242 et

360 1283 402 1347 de
425 1282 679 1347 retributione
702 1282 838 1346 iudicii
863 1284 914 1348 sit
936 1285 1098 1348 locutus.

196 1425 358 1508 Propheta
383 1425 509 1488 Esaias:
540 1425 763 1509 Resurgent,
796 1425 909 1506 inquit,
944 1425 1081 1490 mortui
1115 1429 1151 1490 at
1183 1446 1300 1490 resur-

151 1536 243 1616 gent
267 1535 330 1614 qui
354 1534 460 1595 eraut
482 1533 518 1594 iu
544 1532 743 1614 sepulcris,
769 1535 804 1594 et
829 1531 1072 1596 laetabuntur
1092 1553 1216 1598 omues
1237 1535 1299 1616 qui

151 1643 242 1704 sunt
269 1639 305 1701 iu
333 1642 447 1712 terrm
475 1658 536 1701 ros
565 1639 670 1714 anim,
700 1638 763 1720 qui
792 1639 857 1728 abs
887 1643 922 1702 te
947 1640 1013 1712 est,
1044 1640 1189 1703 sanitas
1215 1641 1298 1706 illia

105 1773 130 1810 11
150 1747 224 1819 est;
250 1748 351 1809 tarra
374 1763 461 1808 uero
485 1743 674 1826 inpiorum
699 1744 817 1809 cadet.
843 1743 957 1808 Totum
983 1745 1063 1809 illud
1088 1746 1234 1828 superius
1260 1747 1299 1810 ad

146 1851 412 1915 resurrectionem
443 1851 581 1934 pertinet
610 1851 786 1915 beatorum.
828 1849 919 1928 erod
953 1855 1059 1915 autem
1092 1853 1149 1916 ait:
1188 1853 1298 1917 Terra

147 1977 238 2021 uero
271 1957 458 2040 inpiorum
493 1957 610 2034 cadet,
645 1958 722 2021 bene
754 1957 953 2041 intellegitur
981 1958 1116 2022 dictum:
1150 1959 1298 2042 ‘Corpora

146 2084 223 2128 uero
257 2064 414 2147 inpiorum
442 2064 534 2127 ruina
561 2064 770 2128 damnationis
804 2064 960 2146 excipiet)
996 2066 1062 2128 Iam
1087 2084 1178 2148 porro
1209 2067 1235 2130 31
1259 2067 1297 2130 de

146 2173 302 2236 bonorum
325 2170 553 2234 resumectione
578 2171 662 2252 quod
686 2170 807 2234 dictum
832 2175 882 2234 est
905 2170 1089 2254 diligentius
1114 2173 1147 2234 et
1170 2171 1297 2236 distinc-

103 2306 127 2345 11
146 2280 214 2343 tius
238 2276 377 2340 uelimus
400 2276 526 2354 intueri,
551 2276 590 2339 ad
612 2276 746 2358 primam
769 2277 967 2340 referendum
996 2281 1045 2340 est
1069 2277 1152 2356 quod
1177 2277 1296 2342 dictum

146 2388 210 2448 est:
240 2383 454 2466 Resurgent
482 2383 633 2457 mortui;
665 2383 705 2446 ad
733 2383 904 2447 secundam
928 2402 1003 2447 uero
1029 2384 1113 2465 quod
1137 2384 1294 2465 sequitur:

144 2492 190 2555 Et
224 2494 426 2572 resurgent
458 2489 521 2571 qui
555 2494 660 2553 erant
691 2490 726 2553 iu
761 2489 963 2571 sepulcris.
995 2489 1062 2552 lam
1097 2491 1124 2554 31
1158 2495 1189 2553 et
1222 2491 1294 2556 illos

142 2596 344 2679 inquiramus
372 2598 509 2671 sanctos,
539 2614 618 2678 quoa
642 2595 694 2659 hio
722 2597 815 2659 uiuos
844 2595 1031 2659 inuenturos
1056 2599 1105 2660 ast
1128 2597 1294 2675 Dominus,

143 2704 190 2768 eis
232 2720 371 2785 congrue
409 2700 612 2784 deputabitur
652 2703 736 2784 quod
774 2702 929 2766 adiunxit:
967 2701 1012 2765 Et
1048 2702 1293 2766 laetabuntur

99 2826 274 2879 soomues
308 2807 370 2888 qui
404 2811 492 2870 sunt
523 2807 559 2870 iu
592 2813 704 2880 terrm
738 2828 798 2872 ros
834 2808 940 2884 enim,
976 2807 1038 2890 qui
1066 2809 1129 2872 abs
1159 2813 1194 2872 te
1224 2815 1291 2888 est,

142 2915 290 2979 sanitas
319 2913 401 2976 illis
427 2917 494 2976 est.
524 2913 698 2978 Sanitatem
721 2915 792 2978 loco
816 2915 878 2978 isto
902 2915 1161 2978 inmortalitatem
1184 2917 1292 2980 rectis-

141 3023 223 3085 sime
254 3019 443 3101 accipimus3
473 3039 508 3083 ea
531 3040 665 3102 namque
690 3026 739 3084 est
762 3021 947 3104 plenissima
970 3023 1098 3098 sanitas,
1128 3041 1207 3103 quae
1231 3043 1292 3087 uon

139 3129 284 3192 reficitur
316 3127 476 3190 alimentis
508 3130 669 3208 tanlquam
707 3128 890 3192 cottidianis
924 3128 1173 3192 medicamentis.
1210 3129 1290 3192 ltam

140 3235 178 3298 de
213 3233 325 3297 iudicii
354 3233 405 3296 die
433 3252 522 3315 spem
549 3233 637 3315 prius
666 3234 742 3298 dans
771 3235 872 3308 bonis,
907 3234 1018 3299 deinde
1042 3243 1161 3298 terrens
1190 3237 1290 3300 malos

95 3341 225 3411 aldem
256 3339 411 3422 propheta
439 3339 485 3404 sic
515 3339 670 3421 loquitur:
703 3341 802 3405 Haec
837 3341 933 3405 dicit
965 3341 1161 3406 Dominus:
1195 3343 1289 3405 Ecce

139 3467 207 3531 ago
235 3446 382 3510 declino
407 3445 442 3510 in
468 3465 531 3511 333
555 3452 596 3510 ut
618 3447 759 3512 flumen
779 3449 885 3531 pacis
906 3451 942 3512 et
961 3453 1001 3512 ut
1020 3453 1166 3513 torrens
1187 3449 1289 3512 inun-

138 3554 233 3617 dans
260 3553 419 3636 gloriam
443 3553 622 3636 gentium.
647 3553 739 3617 Filii
763 3574 887 3618 eorum
914 3574 1026 3636 super
1043 3573 1190 3620 umeros
1210 3575 1289 3638 por-

137 3661 322 3723 tabuntur
364 3662 400 3723 et
438 3679 551 3741 super
588 3679 707 3742 genua
749 3661 1054 3726 consolabuntur.
1094 3658 1206 3738 Quem
1246 3663 1288 3726 ad

228 3851 245 3902 1
265 3849 339 3904 usar.
359 3850 402 3916 aa,
422 3851 456 3904 13
510 3852 544 3903 aa
564 3850 600 3904 11,
620 3851 663 3917 33,
684 3851 717 3904 12
737 3867 795 3920 sqq.

171 3984 340 4036 aaronica
393 3982 611 4050 insep.erantv
648 3983 751 4051 9suut]
767 3987 844 4036 eraut
854 3999 876 4052 p
931 3987 1124 4053 superterram
1141 3985 1184 4036 ab
1241 3985 1286 4052 qui

136 4085 382 4139 exquoscorr.p
467 4069 583 4123 catillis
605 4088 649 4124 aa
740 4073 773 4125 12
793 4089 856 4124 uero
878 4088 967 4126 orma
1061 4071 1282 4142 1311111331ρ1

137 4161 169 4211 15
191 4157 294 4211 dictum
315 4161 358 4210 est
378 4158 574 4227 diligentiori)
630 4160 662 4213 17
683 4163 713 4212 ut
732 4177 833 4230 resurg.
856 4161 871 4213 1)
927 4165 1005 4213 erunt
1021 4179 1037 4210 α
1056 4161 1084 4213 in
1103 4177 1159 4228 sep.
1180 4163 1285 4213 erautv

135 4247 170 4299 20
189 4262 273 4312 super
290 4248 390 4299 terram
410 4247 454 4299 ab
509 4248 541 4301 21
563 4247 619 4300 illis
639 4248 773 4302 sanitase
829 4249 1012 4302 certissimeb
1063 4251 1097 4302 24
1117 4249 1285 4318 terrenisbp

135 4324 254 4388 maliet
309 4335 342 4386 25
363 4335 465 4389 sieutc
