3192 4959
337 488 388 542 De
415 489 589 543 ciuitate
618 488 679 543 dei
707 488 772 543 lib.
801 488 900 545 XVIII.
930 506 1004 557 cap.
1029 490 1072 542 27.
1098 489 1141 545 28.
1239 492 1304 557 305

157 687 190 748 et
211 683 266 748 hie
291 703 327 749 ex
350 687 458 748 nestra
480 666 690 767 promissione
713 684 903 767 ponendum.
936 684 983 747 Et
1012 684 1100 759 erit,
1129 681 1242 765 inquit,
1266 683 1303 747 in

156 790 249 854 loeo
279 808 356 872 quo
384 787 538 854 dictum
567 790 630 853 est
658 788 731 853 eis:
769 788 852 852 Non
881 789 1059 871 populus
1087 806 1197 853 meus
1222 808 1303 867 uos,

157 896 418 961 necabuntur
450 898 490 960 et
520 895 604 979 ipsi
637 894 723 959 filii
751 894 825 960 Dei
854 895 948 961 uiui.
985 894 1056 960 Hoc
1084 894 1303 961 testimenium

156 1001 381 1085 propheticum
404 1000 443 1065 de
466 1001 634 1065 uacatione
656 1001 766 1085 populi
790 1002 944 1085 gendum,
965 1002 1020 1083 qui
1042 1001 1129 1083 prius
1154 1021 1214 1067 non
1238 1022 1305 1086 per-

129 1109 281 1173 stinebat
313 1107 353 1172 ed
380 1108 494 1183 Deum,
523 1107 619 1172 etiam
648 1107 786 1189 apostoli
811 1107 1039 1171 intellexerunt.
1076 1107 1118 1171 Et
1140 1108 1214 1190 quia
1236 1108 1304 1191 ipse

154 1234 286 1297 qnoque
312 1214 450 1297 populus
479 1214 622 1298 gentium
650 1214 836 1297 spiritaIIter
863 1214 971 1279 estin
999 1214 1074 1279 filiis
1098 1214 1242 1280 Abrahae
1270 1232 1306 1281 ac

157 1340 215 1404 per
241 1321 302 1385 hec
330 1322 415 1385 recte
443 1319 560 1383 dicitur
582 1320 692 1392 Israel,
716 1323 882 1403 propterea
906 1321 1051 1403 sequitur
1074 1325 1106 1385 et
1129 1320 1220 1385 dicIt:
1258 1322 1306 1386 Et

158 1426 521 1511 congregabuntur
557 1426 643 1491 filii
681 1426 781 1490 Inda
819 1430 858 1491 et
895 1426 981 1491 filii
1019 1427 1151 1493 Israel
1190 1428 1228 1492 in
1266 1428 1306 1493 id

158 1535 303 1617 Ipsum,
323 1536 362 1597 et
379 1535 527 1614 ponent
546 1532 627 1596 sibi
646 1532 924 1613 principatum
944 1553 1062 1598 unum
1082 1537 1121 1599 et
1143 1534 1305 1599 adscen-

118 1642 255 1706 ndent
278 1644 437 1704 eterra.
475 1639 544 1703 Hoc
568 1638 595 1703 si
619 1638 722 1703 adhue
745 1639 884 1703 uelimus
908 1658 1070 1723 exponere,
1095 1640 1214 1723 eloquii
1237 1660 1306 1723 pro-

158 1747 280 1830 phetici
303 1746 496 1811 obtundetur
519 1763 621 1828 sapor.
644 1745 816 1810 Recolatur
838 1748 944 1811 tamen
967 1747 1049 1829 lepis
1072 1747 1127 1811 ille
1147 1747 1305 1831 angularis

160 1859 192 1918 et
210 1854 273 1918 due
293 1853 440 1936 parietes,
455 1870 538 1916 unns
558 1870 595 1915 ex
613 1850 751 1929 Iudaeis,
771 1852 852 1917 alter
870 1872 905 1917 ex
925 1852 1088 1937 gentibus3
1107 1852 1162 1919 ille
1181 1854 1306 1919 nemine

159 1960 298 2024 filiorum
326 1958 414 2032 Iuda,
437 1960 500 2023 iste
528 1959 653 2023 nemine
680 1957 820 2023 iili0rum
846 1960 956 2035 Israel,
981 1958 1084 2023 eidem
1111 1960 1166 2023 uni
1194 1960 1307 2043 princi-

158 2068 249 2149 patui
274 2085 332 2130 suo
357 2066 389 2129 iu
407 2065 440 2129 id
462 2066 569 2147 ipsum
592 2065 762 2130 imitentes
787 2068 819 2130 et
842 2065 1072 2131 adscendentes
1096 2072 1308 2150 agnoscantur

118 2193 179 2237 aa
204 2179 299 2239 terra.
337 2174 422 2237 Istus
456 2178 562 2237 cutem
595 2172 762 2237 carnaliter
793 2174 966 2248 Israelitas,
995 2172 1050 2255 qui
1081 2192 1164 2237 nunc
1196 2175 1309 2238 nolunt

160 2280 286 2345 credere
318 2280 350 2343 in
379 2278 552 2357 Christum,
579 2283 690 2361 postea
725 2278 909 2355 credituros,
939 2278 971 2343 id
1004 2282 1054 2343 est
1084 2278 1167 2344 filios
1198 2298 1306 2344 eorum

159 2386 245 2471 (nam
273 2387 387 2469 utique
413 2385 469 2450 isti
497 2385 528 2449 in
558 2404 653 2450 snum
680 2385 787 2450 lecum
810 2386 972 2451 moriendo
997 2386 1199 2471 transibunt),
1222 2386 1307 2451 idem

160 2494 316 2577 propheta
339 2496 476 2557 testatur
494 2491 617 2557 dicens:
643 2492 839 2572 QuonIam
864 2492 1008 2557 diebus
1033 2492 1175 2557 multis
1201 2493 1307 2557 sede-

160 2601 262 2665 bunt
299 2599 386 2663 filii
422 2599 554 2664 Israel
592 2600 679 2663 sine
715 2618 820 2683 rege,
859 2599 945 2663 sine
987 2599 1182 2681 priucipe,
1221 2599 1307 2663 sine

117 2706 390 2785 aseerificiu
420 2706 508 2770 sine
537 2705 671 2781 altari,
698 2706 785 2769 sine
810 2706 1053 2785 sacerdotio,
1079 2706 1165 2770 stne
1189 2706 1306 2771 mani·

158 2812 473 2879 festationibus.
512 2810 591 2892 Quis
624 2831 685 2876 nen
719 2811 828 2875 uideat
861 2831 942 2876 nnnc
976 2810 1022 2877 sic
1054 2830 1123 2877 esse
1150 2811 1307 2877 Iudaeos?

160 2920 223 2986 Sed
257 2918 333 3002 and
362 2918 524 3003 adiungat,
553 2917 731 2983 audiamus.
768 2919 815 2982 Et
848 2922 1000 3000 pastea,
1034 2918 1147 3001 inquit,
1179 2938 1308 2985 reuer-

158 3030 302 3091 tentur
333 3024 420 3090 filii
453 3024 583 3089 Israel
618 3028 657 3089 et
688 3023 900 3107 inquirent
937 3024 1146 3089 Dominum
1185 3024 1308 3090 Deum

159 3153 276 3198 suum
305 3136 343 3197 et
372 3131 502 3196 Dauid
531 3151 665 3215 regem
694 3150 819 3209 suum,
846 3135 883 3195 ct
912 3135 1156 3213 stupescent
1177 3131 1214 3195 in
1239 3132 1309 3196 De-

115 3240 266 3304 amine
290 3244 329 3303 et
352 3239 391 3303 in
414 3238 532 3303 bonis
556 3238 694 3321 ipsius
718 3237 756 3302 in
781 3236 1024 3303 nouissimis
1050 3238 1202 3304 diebus.
1218 3238 1308 3302 Nihil

159 3350 211 3412 est
232 3346 297 3411 ista
319 3346 487 3429 prephetia
510 3344 723 3422 manifestius,
743 3364 816 3408 cum
837 3344 941 3409 Dauid
960 3346 1043 3431 regis
1064 3344 1189 3409 nemine
1213 3346 1309 3429 signi-

158 3454 275 3518 ficatus
307 3451 508 3537 intellegitur
541 3450 698 3529 Christus,
732 3452 806 3533 quie
838 3451 974 3516 factus
1009 3454 1081 3529 est,
1115 3452 1199 3517 sicut
1231 3451 1309 3515 dicit

160 3558 337 3643 apestolus,
363 3580 406 3624 ex
430 3559 583 3625 semiue
608 3557 738 3623 Dauid
767 3557 986 3622 secundum
1015 3577 1180 3623 carnem.
1218 3557 1309 3621 Prae-

158 3666 322 3731 nuntiauit
344 3667 406 3730 iste
428 3666 584 3749 propheta
607 3664 702 3729 etiarn
727 3663 821 3729 tertio
842 3665 892 3727 die
912 3664 1031 3730 Chusti
1050 3664 1309 3729 resurrectionem

249 3874 454 3934 lOscel.10
526 3874 638 3929 tuom.
658 3874 683 3935 9,
702 3872 737 3926 26
811 3870 916 3927 rosea
938 3875 961 3936 1,
983 3872 1012 3927 11
1086 3874 1118 3926 12
1137 3872 1206 3942 Eph.
1227 3872 1251 3935 2,
1274 3872 1306 3926 14

157 3962 424 4033 220see3,4sq.
481 3964 610 4016 arnam.
632 3964 691 4023 1.3

195 4086 305 4158 aquae
323 4086 373 4160 ep
455 4086 529 4140 ern
547 4086 643 4140 uocas.
663 4084 728 4156 e¹p²
792 4053 827 4139 'e
847 4084 945 4140 carane
965 4088 1138 4156 reparatura
1217 4084 1305 4137 esrai

159 4176 347 4246 abepppcq
366 4174 477 4229 sibimet
495 4179 541 4239 fe
621 4176 654 4228 12
674 4174 727 4227 duc
746 4174 788 4227 illi
806 4191 823 4229 u
906 4176 938 4229 15
958 4175 1104 4229 carnaliter
1123 4175 1297 4267 ubepppc

157 4302 281 4355 camales
299 4302 347 4363 fa
424 4300 457 4355 18
475 4298 594 4353 testatus
611 4306 658 4353 ee
736 4276 939 4363 20'sacerd0te,
958 4300 989 4353 c'a
1007 4314 1092 4368 marp.
1112 4278 1273 4360 sacerdotio,
1294 4314 1307 4352 c

158 4391 195 4445 26
214 4390 284 4459 cum]
305 4390 369 4460 quia
388 4406 407 4442 a
496 4390 530 4442 27
550 4389 727 4459 intellegatur
740 4405 785 4459 pe
871 4389 935 4458 quia
954 4406 1019 4459 epp
1038 4388 1154 4455 Domb.;
1173 4388 1217 4457 qni
1238 4388 1308 4441 ade

185 4516 268 4555 xxxx
282 4515 341 4565 nug.
358 4525 428 4565 opor·
442 4514 516 4556 saeuo
530 4514 551 4555 v
561 4524 615 4564 pm
631 4514 662 4555 u.
1236 4492 1272 4546 20
