3192 4959
646 451 673 502 S.
704 449 860 502 Aurelii
887 449 1105 518 Augustini

755 637 891 703 CAPUT
920 639 1005 704 XXI.

302 785 357 849 An
387 782 609 848 secundum
639 780 910 844 definitiones
940 779 1160 862 Scipionis,
1190 801 1289 862 quae
1313 781 1353 845 in
1379 781 1448 846 dia·

303 894 397 977 logo
433 889 644 956 Ciceronis
678 891 782 960 sunt,
816 905 996 968 umquam
1031 887 1159 950 fuerit
1186 887 1360 952 Romana
1391 908 1447 953 res

790 993 966 1074 publica.

349 1139 547 1222 Quapropter
579 1156 662 1200 nunc
696 1139 745 1200 est
776 1137 878 1212 locus
911 1139 948 1199 ut
980 1154 1073 1217 quam
1108 1141 1216 1217 potero
1250 1138 1392 1203 breuiter
1417 1159 1481 1204 aes

303 1247 442 1311 dilucide
476 1244 648 1326 expediam,
682 1243 767 1325 quod
798 1243 830 1306 in
864 1242 1001 1306 secundo
1034 1243 1129 1307 huius
1162 1245 1266 1326 operis
1295 1245 1377 1310 libro
1404 1267 1449 1310 mo

304 1354 593 1418 demonstraturum
626 1369 696 1415 esse
724 1349 866 1431 promisi,
898 1348 1070 1412 seeundum
1099 1348 1309 1427 definitiones,
1339 1353 1448 1435 quibus

303 1465 382 1543 aput
414 1460 595 1525 Ciceronem
628 1457 731 1521 utitur
758 1456 864 1537 Scipio
897 1457 929 1519 in
956 1455 1045 1520 libris
1074 1455 1112 1520 de
1139 1457 1337 1539 republica,
1367 1479 1448 1522 num-

303 1587 400 1651 quam
436 1585 503 1629 rem
539 1564 702 1646 publicam
740 1564 840 1628 luisse
878 1562 1060 1626 Romanam.
1093 1563 1241 1626 Breuiter
1272 1565 1356 1628 enim
1389 1585 1448 1630 rem

303 1673 465 1756 publicam
489 1671 599 1735 definit
626 1691 695 1735 esse
722 1690 789 1734 rem
820 1669 938 1752 populi.
968 1667 1055 1748 (lirae
1080 1668 1219 1734 delinitio
1245 1670 1272 1734 si
1296 1677 1486 1748 corausto

303 1799 478 1862 numquam
510 1779 572 1841 fuit
602 1779 745 1842 Romana
773 1797 822 1841 res
850 1777 988 1858 publica,
1018 1775 1093 1856 quia
1122 1795 1297 1858 numquam
1322 1779 1384 1842 fuit
1405 1797 1449 1842 res

303 1886 425 1968 populi,
454 1905 549 1968 quam
581 1885 794 1949 definitionem
824 1883 928 1948 uoluit
951 1902 1021 1947 esse
1044 1882 1091 1946 rei
1114 1883 1271 1963 publicae.
1295 1884 1448 1966 Populum

305 1992 388 2055 enim
422 2011 492 2055 esse
525 1991 670 2055 defiuiuit
701 1995 827 2055 coetum
861 1989 1077 2054 multitudinis
1114 1989 1191 2053 iuris
1230 2009 1387 2056 consensu
1422 1993 1450 2054 et

304 2098 454 2162 utilitatis
484 2099 704 2162 communione
733 2098 901 2162 sociatum.
931 2095 1014 2176 Quid
1038 2099 1144 2159 autem
1170 2095 1255 2159 dicat
1281 2096 1361 2160 iuris
1386 2116 1450 2160 con-

304 2224 444 2282 sensum,
484 2205 673 2287 disputando
711 2205 855 2287 explicat,
893 2223 950 2284 per
987 2203 1047 2268 lroc
1080 2203 1248 2268 ostendens
1282 2205 1349 2287 geri
1386 2203 1485 2266 siner·

303 2311 430 2376 iustitia
458 2330 518 2374 non
548 2329 641 2392 posse
670 2329 735 2373 rem
763 2310 938 2392 publicam3
968 2310 1023 2373 ubi
1048 2329 1121 2392 ergo
1146 2309 1272 2374 iustitia
1295 2329 1371 2374 uera
1392 2329 1448 2374 non

306 2423 367 2495 est,
393 2437 451 2483 nec
479 2419 529 2481 ius
559 2419 666 2499 potest
694 2435 774 2480 esse.
808 2413 899 2494 Quod
927 2417 1010 2480 enim
1037 2417 1106 2480 iure
1129 2415 1175 2494 fit,
1203 2417 1345 2500 profecto
1368 2419 1447 2480 iuste

303 2525 353 2599 fia
389 2525 474 2608 quod
503 2529 608 2588 autem
638 2523 674 2586 fit
702 2523 829 2596 iniuste,
863 2543 921 2586 nec
949 2524 1016 2586 iure
1040 2523 1107 2587 fieri
1136 2527 1251 2616 potest
1274 2523 1346 2588 Non
1371 2523 1447 2587 eninr

304 2631 374 2694 iura
407 2632 540 2695 dicenda
572 2633 649 2694 suut
679 2631 732 2693 uel
763 2629 904 2710 putanda
934 2629 1043 2712 iniqua
1076 2630 1239 2695 hominum
1268 2631 1448 2704 constituta,

306 2757 378 2802 curn
401 2739 482 2802 illud
507 2737 602 2801 etiam
626 2735 762 2818 ipsiius
787 2756 857 2800 esse
887 2737 1002 2812 dicant,
1033 2737 1116 2818 quod
1141 2737 1178 2800 de
1200 2737 1345 2801 iustitiae
1368 2737 1447 2800 lonie
1463 2756 1485 2794 n

304 2845 491 2921 manauerit,
514 2843 695 2924 falsumque
720 2862 801 2919 esse,
831 2843 914 2923 quod
938 2861 957 2904 a
979 2841 1168 2924 quibusdam
1193 2861 1253 2906 non
1276 2845 1362 2906 recte
1385 2861 1448 2905 sen·

305 2950 459 3013 tientibus
493 2947 554 3013 dici
588 2949 679 3024 solet,
711 2948 744 3010 id
775 2967 844 3012 esse
877 2947 937 3024 ius,
972 2948 1055 3029 qnod
1084 2948 1121 3025 ei,
1154 2948 1207 3029 qni
1238 2949 1312 3029 plus
1336 2949 1447 3031 potest.

305 3054 386 3118 utile
411 3057 469 3118 est.
500 3053 654 3134 Quocirca
682 3053 737 3116 ubi
765 3071 826 3116 non
856 3056 905 3118 est
932 3073 1007 3116 uera
1030 3053 1164 3130 iustitia,
1193 3053 1272 3118 iuris
1297 3073 1447 3119 consensu

307 3161 448 3225 sociatus
472 3167 581 3225 coetus
605 3160 770 3224 hominnm
794 3180 855 3224 non
879 3163 987 3241 potest
1010 3179 1080 3224 esse
1100 3164 1132 3223 et
1149 3160 1220 3223 ideo
1240 3179 1296 3224 nec
1316 3159 1447 3243 populus

305 3267 394 3330 iuxta
424 3267 512 3331 illam
546 3267 702 3350 Scipionis
736 3267 789 3330 uel
822 3267 984 3331 Ciceronis
1018 3267 1252 3343 definitionem3·
1279 3270 1311 3332 et
1338 3269 1365 3332 si
1390 3286 1484 3331 noos

306 3375 455 3456 populns,
479 3357 537 3438 nec
555 3394 605 3438 res
628 3375 749 3456 populi,
774 3373 830 3437 sed
855 3373 1096 3455 qualiscumque
1119 3374 1345 3451 mulitudinis,
1372 3391 1447 3454 quac

307 3481 418 3564 populi
446 3482 571 3544 nomine
600 3481 694 3562 digna
716 3499 779 3542 non
804 3485 863 3544 est.
892 3479 938 3543 Ac
962 3499 1017 3561 per
1040 3481 1109 3556 hoc,
1135 3481 1160 3542 si
1184 3481 1379 3564 respublica
1400 3497 1446 3542 res

309 3592 359 3652 est
381 3589 491 3670 populi
516 3591 547 3650 et
570 3587 707 3669 populus
732 3605 792 3650 non
818 3589 877 3663 est,
902 3586 956 3668 qui
981 3605 1135 3650 consensu
1160 3605 1221 3650 non
1246 3587 1383 3652 sociatus
1402 3587 1447 3648 est

305 3695 398 3772 iuris
421 3714 481 3758 non
506 3697 556 3757 est
580 3693 770 3768 antemius,
800 3693 855 3756 ubi
879 3691 966 3756 nulla
989 3693 1113 3757 iustitia
1136 3696 1198 3758 est:
1222 3694 1333 3776 procul
1356 3691 1445 3754 dubio

308 3800 480 3885 colligitur,
505 3801 559 3864 ubi
578 3799 703 3863 iustitia
721 3820 781 3864 nou
802 3804 861 3874 est,
886 3819 945 3862 non
967 3818 1118 3887 esselrem
1137 3799 1306 3882 publicam.
1325 3797 1484 3862 Iustitiam

398 4029 414 4079 6
435 4044 456 4078 c.
478 4028 509 4078 21
568 4027 601 4078 13
620 4025 653 4078 cf.
672 4025 685 4077 I
705 4043 730 4093 p,
751 4026 793 4086 or),
814 4026 848 4078 23
868 4042 925 4093 sqq.

345 4171 360 4222 5
380 4175 409 4221 et
427 4167 451 4221 e¹
542 4169 557 4218 u
576 4167 678 4222 fuisse.
692 4209 697 4219 .
710 4210 715 4219 .
727 4184 782 4220 rem
803 4167 938 4234 publicam
959 4169 990 4220 a'u
1008 4184 1093 4234 arturo.
1114 4185 1127 4220 e
1218 4169 1301 4236 enimi
1326 4167 1444 4230 autcmp

311 4257 345 4310 10
365 4256 489 4309 definiuit
506 4273 524 4324 p
598 4255 630 4309 18
650 4260 740 4309 autem
760 4273 810 4309 om.
831 4257 883 4323 c¹p
973 4256 1073 4309 iniuste
1093 4257 1124 4309 fit
1138 4274 1159 4324 p
1250 4253 1402 4310 cornuria
1421 4256 1446 4304 et

311 4346 387 4411 lut?)
405 4363 423 4413 9
478 4347 512 4399 28
532 4345 625 4414 populi
645 4349 720 4398 estu
