3192 4959
353 445 403 499 De
431 446 604 502 ciuitate
633 447 694 501 dci
723 448 788 502 lib.
812 449 870 506 XV.
897 465 971 519 cap.
996 451 1021 503 9.
1046 450 1086 504 10.
1243 457 1284 520 77

137 661 198 722 qua
222 642 345 706 ratione
370 641 413 706 sit
436 642 571 707 factum:
596 647 785 708 nontamen
806 647 894 708 tauta
913 648 972 723 est,
993 649 1030 710 ut
1048 646 1122 711 illos
1142 648 1286 712 homines

136 751 201 812 tam
234 748 409 831 longaeuos
443 748 543 814 fuisse
576 749 774 815 dissentiant.
813 750 896 816 Nam
927 753 997 836 ipse
1034 753 1128 818 homo
1165 755 1286 838 primus

136 853 249 929 balam,
284 857 455 936 antequam
487 855 632 939 gigneret
663 856 774 934 tilium,
811 857 865 938 qui
903 862 953 923 est
985 861 1165 942 appellatus
1198 861 1288 939 Seth,

136 961 292 1024 diruentes
315 960 446 1044 triginta
469 960 588 1027 uixisse
613 982 711 1028 annos
735 967 890 1046 reperitur
911 966 943 1030 in
967 967 1131 1031 codicibus
1159 967 1287 1044 nostris,

109 1067 166 1130 sin
200 1067 358 1130 Hebraeis
391 1069 498 1132 autem
531 1072 658 1132 eentum
690 1071 822 1153 triginta
853 1072 1050 1153 perhibetur3
1089 1073 1145 1136 sed
1176 1077 1289 1156 postea

137 1191 234 1255 quam
273 1191 345 1236 eum
383 1174 504 1256 genuit,
538 1175 755 1259 septingentos
793 1178 911 1242 uixisse
946 1179 1066 1262 legitur
1096 1179 1127 1242 iu
1159 1179 1288 1255 nostris,

138 1280 340 1364 octingentos
368 1300 443 1344 uero
472 1280 503 1344 iu
531 1280 611 1356 illis;
646 1282 747 1365 adque
777 1282 823 1346 ita
846 1284 877 1346 in
902 1285 1046 1366 utrisque
1070 1285 1289 1349 uniuersitatis

138 1406 265 1450 summa
295 1387 473 1451 concordat.
510 1387 557 1451 Ao
585 1387 697 1453 deinde
725 1407 781 1472 per
809 1395 1037 1473 consequentes
1070 1391 1289 1475 generationes

138 1499 307 1574 antequam
338 1493 496 1576 gignatur,
526 1493 580 1575 qui
608 1495 697 1579 gigni
729 1499 1004 1574 commemoratur,
1033 1498 1138 1561 minus
1171 1498 1289 1561 uixisse

98 1625 121 1664 m
138 1604 217 1682 aput
238 1599 400 1664 Hebraeos
424 1605 514 1683 pater
538 1603 605 1666 eius
629 1601 790 1666 inuenitur
813 1608 939 1667 eentum
963 1623 1075 1680 annos;
1100 1604 1155 1668 sed
1179 1609 1291 1688 postea

138 1727 234 1790 quam
261 1709 311 1771 est
335 1709 461 1790 genitus
484 1708 569 1772 idem
594 1709 672 1792 ipse,
698 1712 826 1774 uentum
846 1711 952 1774 minus
972 1730 1066 1792 quam
1085 1711 1117 1774 in
1136 1711 1289 1775 Hebraeis

138 1815 347 1880 inueniuntur
369 1815 401 1877 in
425 1816 557 1890 nostris;
583 1815 684 1898 adque
708 1817 753 1880 ita
777 1821 809 1880 et
832 1816 905 1880 hino
929 1819 962 1882 et
984 1817 1056 1881 inde
1078 1817 1202 1881 numeri
1223 1819 1291 1882 uni-

137 1923 277 1986 uersitas
302 1925 464 1986 consonat.
502 1923 537 1986 ln
562 1926 650 1986 serta
673 1926 778 1986 autem
804 1925 1003 2006 generatione
1026 1943 1182 2006 nusquam
1212 1925 1290 1987 utri-

139 2048 201 2112 que
231 2028 359 2092 codices
388 2028 575 2110 discrepant.
613 2031 648 2094 In
678 2031 814 2113 septima
841 2050 927 2109 uero,
951 2029 1007 2094 ubi
1036 2030 1089 2094 ille
1119 2031 1173 2112 qui
1197 2036 1290 2094 uatus

101 2156 121 2192 u
140 2139 191 2200 est
217 2135 328 2198 Enoch
361 2155 421 2198 non
455 2139 610 2208 mortuus,
640 2137 695 2200 sed
724 2137 809 2218 quod
837 2137 904 2201 Deo
933 2137 1090 2218 placuerit
1116 2137 1291 2202 translatus

140 2261 211 2306 esse
244 2246 397 2314 narratur,
431 2241 540 2306 eadem
574 2243 768 2307 dissonantia
800 2247 859 2318 est,
894 2262 973 2325 quae
1004 2244 1036 2306 in
1075 2243 1290 2324 superioribus

140 2348 282 2430 quinqua
315 2347 354 2412 de
388 2352 514 2413 cautum
547 2350 636 2412 anuis
671 2353 840 2431 antequam
874 2350 1018 2434 gigneret
1050 2369 1132 2423 eum,
1163 2349 1217 2431 qui
1246 2348 1291 2412 ibi

140 2459 409 2520 comunemoratus
443 2459 501 2534 est,
535 2455 646 2534 filium,
679 2456 780 2538 adque
813 2457 845 2520 in
878 2475 1003 2521 summa
1035 2456 1149 2520 similis
1182 2473 1292 2519 conso·

140 2563 260 2626 nantia.
299 2563 386 2626 Vixit
415 2563 497 2626 enim
526 2582 634 2640 annos,
660 2567 828 2646 antequam
856 2563 1087 2637 transferretur,
1116 2561 1291 2626 secundum

99 2691 123 2728 a
140 2674 296 2752 utrosque
325 2669 450 2733 codices
478 2671 635 2734 trecentos
665 2671 827 2753 sexaginta
859 2671 1009 2752 quinque.
1047 2669 1169 2734 Ootaua
1201 2687 1293 2752 gene·

141 2777 222 2840 ratio
252 2776 349 2840 habet
377 2776 504 2858 quidem
533 2777 717 2841 nonnullam
748 2777 976 2854 diuersitatem,
1002 2775 1056 2840 sed
1080 2776 1233 2838 minorem
1257 2793 1294 2838 aa

142 2882 334 2947 dissimilem
365 2883 488 2947 ueteris.
526 2883 740 2948 Mathusalam
770 2885 896 2966 quippe,
921 2903 1015 2966 quem
1040 2882 1151 2966 genuit
1173 2881 1292 2958 llnoch,

143 2995 313 3071 antequam
343 2990 489 3074 gigneret
516 3010 600 3068 eum,
625 2991 679 3074 qui
706 2993 737 3054 in
766 2992 836 3073 ipso
865 2990 973 3056 ordine
1004 2989 1158 3071 sequitur,
1183 3007 1293 3053 secun-

143 3097 219 3160 dum
244 3097 408 3161 Hebraeos
436 3115 497 3161 non
526 3101 654 3162 centum
684 3099 797 3171 minus,
828 3086 883 3162 s'ed
912 3097 1029 3180 uiginti
1055 3095 1190 3178 amplius
1214 3095 1295 3158 trinit

102 3228 126 3265 aa
144 3223 257 3279 annos;
287 3205 342 3286 qui
366 3222 477 3268 rursus
501 3204 532 3268 in
557 3205 685 3282 nostris,
708 3209 820 3288 postea
844 3223 938 3286 quam
965 3222 1036 3267 eum
1062 3202 1181 3286 genuit,
1206 3220 1293 3282 repe-

143 3310 269 3374 riuntur
302 3310 412 3388 additi,
442 3313 474 3376 et
506 3311 536 3374 in
570 3311 714 3394 utrisque
748 3312 809 3378 sibi
842 3329 968 3375 summa
1000 3307 1141 3374 uniuersi
1173 3306 1294 3372 numeri

144 3417 292 3484 occurrit.
332 3418 367 3481 In
397 3418 466 3482 sola
493 3437 574 3482 nona
601 3419 812 3502 generatione,
841 3418 873 3481 id
905 3416 1009 3482 estin
1035 3416 1122 3480 annis
1145 3414 1292 3492 Lamech,

144 3523 201 3588 filii
226 3525 440 3604 Mathusalae,
464 3526 562 3608 patris
592 3529 697 3590 autem
721 3523 801 3604 Noe,
832 3543 956 3588 summa
983 3521 1203 3586 uniuersitatis
1232 3520 1293 3583 dis·

236 3790 252 3839 5
272 3786 340 3866 Gen.
360 3787 385 3850 5,
405 3787 421 3840 3
441 3791 491 3840 etc.

182 3933 318 4008 3appell.
338 3937 413 3987 estu
484 3930 605 4036 4Nannos
624 3929 756 3983 uixisseo
829 3925 1013 3995 9gignar'1tur
1035 3919 1061 3972 V
1141 3918 1187 3988 qui
1205 3917 1292 3988 gigni]

146 4053 243 4122 pgigni
262 4069 276 4104 c
332 4051 555 4103 commemoratur
578 4045 604 4100 V
640 4045 672 4098 12
692 4049 720 4098 et
738 4043 800 4096 hinc
819 4059 879 4112 epp
887 4047 911 4110 f
925 4038 1040 4102 Donet,-
1059 4039 1088 4090 et
1106 4052 1156 4088 our.
1177 4033 1294 4086 Vubav

150 4143 181 4196 17
202 4141 236 4197 de
256 4139 376 4208 cautum]
397 4137 570 4193 ducentumo
609 4135 640 4190 18
661 4139 742 4204 atque
761 4133 790 4184 in
809 4131 882 4227 ch
901 4127 1015 4194 Doaab.;
1033 4131 1115 4194 atque
1134 4123 1215 4218 ἱῒαιίιι
1229 4121 1295 4174 aba

147 4270 183 4322 20
203 4272 232 4322 et
251 4267 370 4337 quinque
389 4281 426 4318 co
462 4263 497 4317 22
515 4259 696 4314 Mathusalem
717 4259 785 4312 uhu
822 4232 1025 4316 sesecundum,
1043 4223 1296 4316 iamarpsapudff

149 4359 183 4414 28
202 4357 374 4410 mathusalae
397 4355 470 4422 ch
481 4371 494 4424 ρ
505 4369 523 4403 α
535 4351 570 4418 ἡ·
588 4347 768 4404 mathusalem
789 4346 859 4398 aba
