3192 4959
372 478 422 531 De
451 477 625 531 ciuitate
654 476 716 530 dci
744 477 810 531 lib.
834 476 934 533 XVIII.
959 495 1034 549 cap.
1060 478 1101 532 18.
1248 480 1310 543 291

156 675 244 749 atur,
270 672 358 736 sicut
379 672 453 736 tatis
478 672 540 737 sibi
558 671 659 736 uideri
678 675 789 754 posset
808 672 838 735 in
858 672 990 748 somnis,
1010 676 1043 736 et
1060 676 1184 755 portare
1204 690 1311 747 onera:

158 797 242 859 quae
268 797 364 843 onera
387 779 415 843 si
438 797 514 843 uera
536 783 612 843 sunt
641 797 781 861 corpora,
806 782 972 861 portantur
995 799 1012 843 a
1036 780 1252 857 daemonibus,
1276 782 1313 843 ut

156 884 330 949 inludator
350 886 543 960 bominibus,
566 886 682 968 partim
706 905 782 950 nera
805 905 933 951 onerum
964 906 1103 969 corpora,
1126 888 1242 969 partim
1265 886 1312 950 iu·

155 996 343 1056 mentorum
362 992 443 1056 falsa
461 992 672 1057 cernentibus.
695 991 778 1056 Nam
802 992 931 1075 quidam
949 993 1074 1057 nomine
1092 993 1311 1057 Praestantius

123 1097 242 1179 spatri
268 1118 329 1162 sno
352 1098 525 1182 contigisse
547 1097 717 1173 indicabat,
742 1101 779 1162 ut
806 1118 962 1163 uenenum
992 1099 1073 1164 illud
1099 1118 1156 1181 per
1184 1118 1311 1164 caseum

153 1205 187 1268 in
213 1204 312 1269 domo
336 1224 394 1269 sua
417 1209 558 1269 sumeret
581 1208 613 1269 et
634 1206 753 1270 iaceret
775 1206 807 1269 in
831 1206 914 1270 lecto
940 1224 997 1271 sno
1027 1206 1118 1287 quasi
1142 1206 1310 1283 dormiens,

155 1311 212 1393 qui
246 1312 356 1375 tamen
389 1312 476 1375 nullo
505 1312 600 1376 modo
629 1315 754 1394 poterat
782 1312 919 1377 excitari.
949 1312 1028 1377 Post
1056 1312 1177 1394 aliquot
1205 1316 1311 1377 autem

156 1418 227 1481 dies
258 1436 334 1481 eum
361 1418 453 1482 uelut
480 1417 651 1501 euigilasse
681 1417 806 1482 dicebat
834 1422 865 1482 et
894 1418 985 1501 quasi
1013 1419 1136 1483 somnia
1168 1438 1310 1483 narrasse

155 1542 240 1605 quae
270 1542 386 1605 passus
416 1527 475 1601 est,
505 1524 662 1588 caballum
691 1543 724 1588 se
753 1524 879 1589 scilieet
906 1525 1026 1589 factum
1051 1544 1203 1589 annonam
1229 1525 1312 1588 inter

111 1654 136 1692 ro
154 1629 220 1692 alia
242 1629 388 1693 iumenta
410 1628 570 1693 bainlasse
593 1629 761 1704 militibus,
787 1649 867 1711 quae
887 1630 1003 1695 dicitnr
1021 1630 1141 1708 Ratira,
1162 1630 1310 1712 quoniam

154 1735 195 1799 ad
228 1735 343 1799 Retias
376 1735 568 1818 deportatur.
603 1734 696 1814 Quod
727 1736 783 1813 ita,
813 1739 849 1800 ut
881 1737 1030 1814 narrauit,
1058 1737 1180 1801 factum
1210 1737 1310 1801 fuisse

153 1844 347 1924 conpertum
376 1843 438 1917 est;
468 1860 548 1924 quae
575 1844 681 1905 tamen
711 1843 740 1905 ei
764 1860 822 1907 sua
846 1843 968 1907 somnia
996 1842 1194 1908 uidebantur.
1227 1842 1310 1907 Indi-

154 1949 245 2013 cauit
264 1950 298 2013 et
316 1947 397 2012 alins
418 1967 452 2012 ee
472 1948 557 2012 domi
577 1967 653 2013 snae
671 1968 727 2032 per
745 1952 882 2024 noctem,
903 1953 1071 2032 antequam
1085 1950 1308 2031 requiesceret,

153 2055 282 2120 uidisse
297 2055 477 2119 uenientem
493 2054 532 2118 ed
551 2074 585 2119 se
604 2054 829 2138 philosophum
849 2056 1005 2138 quendem
1026 2055 1087 2121 sibi
1106 2056 1310 2121 notissimum

107 2188 134 2228 u
153 2162 286 2245 sibique
319 2162 503 2243 exposuisse
541 2162 693 2226 nonnulla
723 2162 900 2239 Platonica,
934 2182 1013 2243 quse
1051 2166 1141 2226 antea
1178 2166 1309 2246 rogatus

152 2287 314 2351 exponere
340 2268 508 2333 noluisset.
536 2269 578 2333 Iit
606 2288 678 2333 oum
708 2269 745 2333 ab
775 2270 886 2333 eodem
914 2270 1104 2352 philosopho
1129 2270 1310 2351 quaesitum

150 2374 285 2449 fnisset,
309 2394 392 2456 quur
415 2374 445 2438 in
469 2374 562 2439 domo
587 2375 655 2440 eius
679 2375 801 2452 iecerit,
827 2374 911 2457 quod
934 2375 965 2439 in
990 2376 1082 2440 domo
1108 2395 1166 2439 sua
1188 2377 1309 2457 petenti

150 2484 345 2563 negauerat:
380 2481 466 2557 „Non
494 2480 566 2558 ieci,
594 2481 708 2563 inquit,
738 2482 793 2545 sed
821 2502 872 2545 me
900 2482 1014 2545 fecisse
1043 2482 1229 2546 somniem!
1263 2480 1309 2546 Ae

150 2607 211 2670 per
234 2588 297 2651 hoo
322 2586 413 2650 alteri
435 2606 491 2670 per
511 2586 684 2671 imaginem
708 2588 942 2670 phantasticam
962 2588 1134 2653 exhibitum
1156 2590 1205 2653 cst
1228 2588 1309 2671 uigi-

103 2722 133 2761 so
150 2694 246 2769 lenti,
272 2691 357 2775 qnod
381 2694 461 2757 alter
482 2692 566 2757 uidit
589 2694 620 2757 in
645 2695 774 2758 somnis.

198 2800 291 2863 Haeo
310 2799 350 2862 ad
368 2818 426 2863 nos
446 2818 508 2864 non
529 2800 795 2883 quibuscumque,
813 2800 960 2881 qualibus
980 2801 1105 2865 credere
1123 2804 1309 2883 putaremus

149 2905 334 2989 indignum,
359 2905 416 2970 sed
448 2906 494 2969 eis
527 2905 736 2972 referentibus
768 2910 990 2991 peruenerunt,
1020 2926 1099 2990 quos
1127 2908 1218 2972 nobIs
1246 2926 1308 2970 non

150 3013 412 3076 existimaremus
431 3012 532 3077 fnisse
551 3013 713 3078 mentitos.
737 3013 873 3078 Proinde
893 3014 976 3095 qnod
995 3014 1139 3079 homines
1160 3014 1309 3078 dicuntur

148 3117 406 3199 mandatumque
430 3122 481 3183 est
501 3119 618 3183 litteris
643 3120 681 3183 ab
705 3120 754 3184 dis
778 3121 833 3185 uei
855 3120 962 3204 potius
988 3120 1194 3186 daemonibus
1213 3120 1307 3185 Aroa-

102 3256 132 3297 ᾖ
151 3226 251 3289 dibns
275 3224 308 3288 iu
333 3225 427 3309 lupos
451 3225 552 3290 solere
577 3227 729 3303 conuerti,
754 3231 785 3291 et
809 3227 894 3310 quod

293 3371 477 3431 Carminibus
502 3371 582 3430 Circe
606 3372 702 3431 socios
725 3372 852 3431 mutauit
873 3372 959 3447 Ulixi,

150 3506 332 3572 secundnm
365 3507 464 3572 istum
496 3508 625 3573 modum
658 3508 737 3572 mihi
769 3510 898 3575 uidetur
929 3510 996 3575 fieri
1028 3511 1182 3593 potuisse,
1213 3528 1307 3592 quem

149 3614 231 3692 dixi,
256 3614 285 3678 si
307 3617 414 3678 tamen
437 3614 637 3681 factumest.
662 3616 852 3681 Diomedeas
873 3620 978 3682 autem
998 3617 1156 3695 uolucres,
1181 3613 1306 3697 quondo

148 3719 286 3802 quidem
310 3739 411 3803 genus
435 3739 543 3785 earum
566 3742 623 3805 per
646 3724 880 3787 successionem
900 3724 1082 3809 propaginis
1104 3721 1214 3787 durare
1239 3742 1306 3803 per·

245 3910 281 3962 26
299 3908 382 3979 Verg.
400 3910 493 3980 Eelog.
512 3911 538 3976 8,
558 3911 592 3965 70

193 4087 317 4155 lpossit
330 4104 352 4155 ρ
401 4088 500 4142 duero
516 4049 643 4154 ¹boneste,
661 4090 693 4144 in
710 4052 941 4161 merobaude
984 4094 1057 4161 oet]
1078 4092 1151 4145 ute1
1191 4094 1224 4147 10
1240 4109 1305 4163 quo·

150 4202 538 4272 niam..deportaturom.c
600 4206 632 4260 14
653 4207 788 4276 quendam
808 4208 941 4277 pbiloso
1004 4209 1035 4262 11
1056 4226 1155 4278 quote
1216 4210 1251 4263 24
1270 4209 1303 4263 ab

148 4306 240 4344 onae
331 4290 365 4343 25
384 4290 496 4346 lubosc
585 4296 619 4349 26
639 4296 789 4351 mutabitc
863 4296 941 4367 Olyxi
960 4314 985 4365 e;
1004 4296 1097 4368 Ulpxis
1116 4299 1146 4366 b‚·
1165 4297 1305 4368 Ulpssisv

150 4379 190 4432 28
209 4377 392 4433 diomediasc
445 4381 480 4435 29
498 4383 693 4451 propaganise

1221 4490 1269 4545 19*
