3192 4959
335 431 401 495 480
682 428 708 481 S.
737 427 894 480 Aurelii
921 426 1139 496 Augustini

336 624 480 688 modurn
515 624 547 688 si
580 642 688 706 quem
718 626 837 686 mater
870 623 1099 700 consoletur,
1129 622 1183 686 ita
1211 641 1278 706 ego
1308 641 1372 687 uos
1400 641 1467 686 con·
1545 651 1546 654 ¹

336 731 499 804 solabor3
526 731 622 794 etin
646 729 884 794 Hierusalem
910 730 1209 807 consolabimini,
1230 734 1267 794 et
1286 729 1467 805 uidebitis,

336 841 372 899 et
409 837 593 920 gaudebit
629 855 690 900 cor
726 840 895 900 uestrum
935 840 971 900 et
1007 854 1093 902 ossa
1130 840 1261 901 uestra
1298 842 1337 900 ut
1367 835 1467 901 herba

336 945 564 1008 exorientur.
587 944 634 1007 Et
658 946 912 1026 cognoscetur
934 962 1063 1007 manus
1088 943 1238 1008 Domini
1264 943 1466 1008 colentibus

335 1068 428 1126 eum,
448 1055 485 1114 et
504 1050 796 1115 comminabitur
816 1051 1111 1114 contumacibus.
1132 1051 1227 1115 Ecce
1247 1051 1341 1115 enim
1359 1049 1465 1114 Domi·
1491 1071 1500 1109 a

334 1176 402 1220 nus
440 1162 482 1220 ut
517 1157 618 1241 ignis
656 1157 794 1232 ueniet,
834 1160 869 1220 et
906 1161 947 1221 ut
983 1159 1190 1240 tempestas
1224 1176 1353 1222 currus
1384 1157 1464 1229 eius,
1545 1149 1546 1228 ξ

333 1263 489 1328 reddere
516 1264 552 1326 in
581 1263 843 1347 indignatione
867 1263 1077 1328 uindictam
1107 1267 1143 1328 et
1166 1264 1413 1329 uastationem
1435 1261 1463 1324 in
1545 1285 1546 1330 r

333 1369 485 1433 flamma
508 1369 618 1452 ignis.
642 1370 682 1433 In
707 1370 793 1454 igne
818 1369 914 1433 onim
935 1369 1082 1434 Domini
1106 1370 1341 1435 iudicabitur
1359 1369 1463 1434 omnis
1545 1359 1546 1364 ’

333 1479 434 1538 terra
467 1481 504 1539 et
535 1477 572 1539 in
605 1476 733 1560 gladio
762 1477 844 1540 eius
875 1476 991 1541 omnis
1017 1495 1116 1554 caro;
1151 1477 1262 1541 multi
1286 1477 1462 1541 uulnerati
1545 1467 1546 1518 ἓ

333 1585 442 1645 erunt
478 1602 496 1646 a
533 1582 699 1646 Domino.
736 1583 772 1646 ln
809 1583 964 1646 bonorum
1000 1583 1210 1664 promissione
1242 1583 1358 1646 flumen
1388 1581 1495 1666 pacisu
1545 1625 1546 1628 ,

330 1688 470 1769 proiecto
494 1688 719 1752 abundantiam
743 1689 830 1771 pacis
849 1689 937 1752 illius
957 1689 1109 1754 debemus
1129 1689 1280 1772 accipere,
1302 1709 1360 1772 qua
1379 1687 1465 1752 maior

332 1813 401 1858 esse
434 1813 494 1858 non
527 1795 641 1876 possit.
674 1795 743 1859 Hac
771 1795 882 1878 utique
914 1795 946 1859 in
979 1795 1039 1860 fine
1066 1795 1255 1880 rigabimur;
1290 1797 1328 1860 de
1356 1795 1461 1878 quain

331 1900 529 1982 praecedenti
556 1901 636 1964 libro
661 1901 855 1966 abundanter
877 1902 978 1966 locuti
1002 1922 1124 1967 sumus.
1154 1903 1224 1968 Hoc
1247 1903 1362 1992 flumen
1385 1920 1415 1966 se
1435 1900 1461 1962 in

331 2025 385 2070 eos
409 2006 565 2070 declinare
589 2006 677 2072 dicit.
702 2005 817 2088 quibus
842 2010 962 2071 tantam
986 2007 1216 2072 beatitudinem
1240 2008 1412 2090 pollicetur,
1432 2020 1462 2068 ut

329 2113 555 2197 intellegamus
589 2113 618 2176 in
647 2113 735 2177 illius
763 2113 927 2178 felicitatis
956 2114 1093 2198 regione,
1128 2134 1208 2198 quae
1236 2115 1268 2178 in
1297 2115 1493 2180 ecolismae

330 2219 389 2284 boc
422 2220 549 2284 flumine
583 2220 688 2284 omnia
719 2219 842 2294 satiari;
876 2220 934 2284 sed
965 2221 1039 2303 quia
1072 2225 1104 2286 et
1131 2222 1263 2286 terrenis
1292 2221 1459 2303 corporibus

328 2345 386 2409 par
427 2327 672 2410 incorruptionis
714 2327 816 2409 adque
856 2327 1095 2392 inmortalitatis
1131 2327 1205 2392 inde
1240 2327 1361 2406 influet,
1399 2326 1458 2390 ideo

330 2433 485 2498 declinare
513 2452 546 2496 se
575 2433 654 2496 dixit
680 2434 740 2497 boc
768 2433 896 2508 fiumen,
924 2436 962 2497 ut
985 2434 1023 2498 de
1047 2435 1192 2517 superuis
1221 2435 1355 2516 quodam
1378 2433 1458 2498 modo

330 2539 425 2603 etiam
452 2540 600 2604 inferiora
622 2540 789 2622 perfundat
813 2546 845 2604 et
866 2541 1009 2606 homines
1034 2541 1181 2623 aequales
1210 2541 1331 2624 angelis
1355 2539 1458 2604 reddat.

329 2645 527 2710 Hierusalem
561 2665 696 2728 quoque,
729 2665 790 2710 non
823 2646 911 2710 illam
944 2665 1024 2728 quae
1058 2647 1157 2711 seruit
1187 2666 1260 2712 cum
1290 2647 1363 2710 filiis
1391 2645 1491 2720 suisa

329 2751 385 2815 sed
412 2752 544 2815 liberam
572 2758 704 2816 matrem
732 2756 873 2816 nostram
901 2753 1125 2836 intellegamus
1150 2753 1325 2818 secrrndum
1349 2757 1458 2836 aposto·

327 2859 394 2922 lum
426 2862 585 2923 aeternam
618 2859 649 2922 in
679 2859 784 2922 caelis.
813 2859 862 2922 Ibi
890 2863 963 2941 post
990 2859 1114 2924 labores
1144 2879 1361 2924 aerumnarum
1384 2875 1458 2922 oure-

326 2983 459 3046 rumque
492 2965 674 3029 mortalium
708 2964 951 3043 consolabimur,
986 2970 1148 3048 tamquam
1181 2967 1307 3048 paruuli
1339 2967 1402 3030 eius
1432 2965 1456 3025 ir

328 3070 444 3134 unxeris
472 3071 671 3154 genibusque
699 3071 826 3154 portati.
860 3071 966 3135 Rudas
1001 3072 1082 3135 enim
1113 3091 1171 3136 nos
1199 3076 1232 3136 et
1259 3091 1357 3137 nouos
1384 3069 1456 3134 blan·

327 3175 467 3239 dissimis
496 3176 661 3240 adiutoriis
690 3176 819 3240 insolita
847 3177 938 3241 nobis
967 3177 1131 3242 beatitudo
1156 3178 1214 3242 illa
1237 3179 1395 3262 suscipiet.
1418 3172 1488 3236 loia

324 3281 514 3360 uidebimus,
539 3287 572 3347 et
595 3283 746 3367 gaudebit
769 3302 823 3348 cor
845 3287 1000 3348 nostrum.
1024 3283 1091 3348 Nec
1115 3285 1270 3365 expressit
1293 3284 1366 3368 quid
1384 3280 1456 3346 rdde-

327 3389 446 3465 bimus3
471 3389 527 3454 sed
550 3390 626 3472 quid
649 3389 711 3454 nisi
733 3389 859 3454 Deum?
883 3393 920 3454 ut
942 3390 1101 3473 inpleatur
1119 3391 1149 3454 in
1171 3391 1261 3455 nobis
1281 3391 1454 3474 promissum

326 3495 559 3580 euangelicum:
593 3497 705 3560 Beati
733 3496 1008 3572 mundicordes,
1043 3497 1217 3579 quoniam
1250 3498 1325 3580 ipsi
1353 3497 1454 3560 Deum

324 3601 520 3679 ridebunt,
549 3605 582 3667 et
605 3604 710 3667 omnia
732 3604 797 3680 illa,
827 3623 907 3685 quae
931 3623 1013 3668 nunc
1038 3623 1097 3669 non
1122 3603 1280 3686 uidemus,
1310 3601 1454 3668 credentes

412 3813 446 3865 22
467 3812 525 3869 Gal.
542 3814 569 3873 4.
589 3811 623 3866 26
677 3814 711 3865 28
730 3813 778 3865 Mt.
798 3816 823 3874 5,
843 3815 859 3868 8

361 3939 372 3990 1
395 3954 484 4005 quam,
505 3953 521 3990 a
540 3954 573 3989 ex
593 3954 606 3991 e
626 3953 704 3999 corr,
723 3955 741 4004 9
790 3938 806 3990 3
826 3940 858 3989 ut
875 3954 951 4002 mos.,·
971 3937 1075 3991 sicuto
1123 3937 1139 3990 5
1159 3933 1452 3993 eurn..contumacibos

323 4026 408 4078 emb
447 4025 621 4094 81noocg
664 4025 793 4078 9multis
813 4025 961 4078 uulnerat
1004 4027 1036 4078 12
1055 4025 1128 4093 linei,
1148 4041 1173 4076 m
1195 4041 1273 4087 orca,
1291 4041 1309 4094 g
1348 4023 1378 4075 18
1396 4017 1451 4072 dixit

322 4113 667 4186 bepprdicitoDomb.
757 4117 788 4166 ut
807 4129 858 4166 om.
876 4129 895 4183 p
965 4114 1000 4166 22
1020 4118 1114 4167 aternu
1132 4129 1149 4181 9
1221 4115 1256 4166 25
1274 4113 1321 4166 illa
1338 4109 1452 4164 bestico

321 4231 355 4281 2⁸
373 4229 562 4291 mundicordes
577 4246 604 4294 e,·
617 4229 711 4282 mundi
726 4194 814 4289 cordis
827 4245 858 4296 95
872 4229 970 4282 mundo
986 4229 1080 4282 cordes
1096 4245 1149 4298 ρα;
1162 4227 1263 4282 mundo
1280 4225 1356 4282 corde
1370 4223 1450 4289 aopi

321 4319 419 4371 Durat.
440 4319 486 4384 (ef.
506 4318 610 4380 XXII,
629 4334 651 4370 c.
672 4322 711 4370 29
723 4335 753 4385 p.
776 4321 843 4384 627,
863 4321 898 4370 16
916 4316 1042 4372 Donrb.²:
1060 4315 1249 4372 mrmdicordes
1269 4315 1343 4382 aas)
