3192 4959
355 387 406 442 De
435 388 608 442 ciuitate
637 386 700 441 dei
727 388 793 445 lib.
817 388 887 442 XVI.
918 406 992 459 cap.
1017 391 1061 443 42.
1084 391 1127 445 43.
1247 394 1309 457 201

162 584 195 647 in
224 582 357 647 modum
385 582 601 647 incredibilem
628 582 685 646 illa
712 601 790 666 gens
819 584 929 659 creuit,
960 584 1054 647 etiam
1075 585 1172 649 tantis
1197 585 1312 650 adtrita

161 688 456 772 persecutionibus,
478 693 515 752 nt
539 688 677 771 quodam
699 693 841 770 ternpore
865 691 931 753 nati
955 691 1090 755 masculi
1113 695 1311 769 necarentur,

163 816 240 861 cum
263 796 415 860 mirantes
438 795 612 877 Aegyptios
636 794 734 857 nimia
756 794 867 877 populi
890 795 978 861 illius
1002 796 1196 861 incrementa
1214 800 1312 861 terre·

161 906 245 967 rent
270 902 361 965 Tunc
383 901 511 983 Moyses
531 900 715 965 subtractus
735 900 819 965 furto
838 900 1087 966 trucidatoribus
1106 903 1312 984 paruulorum

130 1035 143 1073 s
163 1008 204 1073 ad
229 1009 363 1073 domum
385 1007 515 1090 regiam,
538 1007 680 1090 ingentia
703 1026 760 1089 per
782 1026 855 1071 eurn
878 1008 945 1071 Deo
965 1012 1179 1091 praeparante,
1203 1028 1312 1092 perue-

161 1116 213 1180 nit
245 1114 451 1196 nutritusque
484 1116 516 1178 et
543 1113 713 1195 adoptatus
742 1131 761 1175 a
786 1113 852 1177 filia
875 1114 1048 1179 Pharaonis
1077 1115 1176 1199 (quod
1198 1134 1311 1179 nomen

161 1222 195 1285 in
221 1222 371 1305 Aegypto
400 1220 540 1285 omnium
572 1239 684 1303 regum
712 1217 786 1303 fuit)
817 1221 849 1283 in
879 1224 1003 1284 tantum
1028 1223 1174 1304 prouenit
1196 1222 1312 1297 uirum,

162 1333 200 1391 nt
229 1329 301 1411 ipso
328 1326 417 1392 illam
446 1328 573 1411 gentem
601 1326 789 1390 mirabiliter
811 1327 1054 1408 multiplicatam
1081 1348 1117 1392 cx
1141 1328 1311 1393 durissimo

164 1440 197 1498 et
230 1434 434 1519 grauissimo,
468 1432 552 1515 quod
582 1433 628 1496 ibi
659 1433 790 1509 ferebat,
823 1433 899 1517 iugo
928 1435 1093 1500 seruitutis
1124 1435 1309 1509 extraheret,

121 1566 145 1604 n
161 1542 265 1607 immo
302 1561 358 1625 per
389 1560 462 1604 eum
495 1540 593 1615 Deus,
631 1540 686 1621 qui
719 1539 778 1604 hoo
811 1540 999 1622 promiserat
1030 1542 1185 1607 Abrahae.
1218 1542 1312 1607 Prius

162 1649 283 1731 quippe
325 1648 435 1712 exinde
476 1645 613 1730 fugiens,
656 1646 750 1728 quod,
793 1666 863 1711 cunr
900 1647 1079 1713 Israelitam
1119 1649 1311 1727 defenderet,

161 1756 349 1839 Aegyptum
374 1753 533 1818 occiderat
556 1753 735 1817 atterritus
754 1753 868 1833 fuerat,
887 1758 999 1836 postea
1018 1754 1173 1818 diuinitus
1192 1754 1311 1818 missus

162 1863 194 1925 in
214 1864 377 1943 potestate
397 1860 528 1943 spiritus
547 1860 607 1923 Dei
626 1860 791 1942 superauit
804 1860 977 1925 Pharaonis
991 1861 1176 1925 resistentes
1192 1880 1312 1943 magos

162 1968 254 2031 'lunc
292 1986 348 2050 per
385 1986 457 2031 sum
491 1965 657 2049 Aegyptiis
691 1966 809 2029 inlatae
842 1970 917 2031 sunt
949 1967 1057 2031 decem
1090 1967 1311 2033 memorabiles

121 2076 290 2157 rsplagae,
326 2092 400 2138 cum
437 2073 597 2137 dimittere
632 2074 786 2156 populum
823 2074 883 2137 Dei
911 2074 1041 2151 nollent,
1072 2093 1154 2156 aqua
1181 2074 1213 2137 in
1242 2094 1311 2137 san-

163 2181 295 2265 guinem
328 2198 430 2258 uersa,
462 2198 538 2243 rana
567 2183 600 2243 et
632 2179 804 2261 sciniphes,
837 2181 1012 2263 cynomyia,
1044 2199 1127 2244 rnors
1151 2200 1311 2263 pecorum,

160 2287 281 2361 ulcera,
316 2287 445 2371 grando,
477 2287 616 2364 lucusta,
643 2287 801 2365 tenebrae,
830 2306 914 2351 mors
942 2287 1234 2370 primogenitorum.
1262 2286 1312 2350 hd
1387 2302 1388 2305 ’

162 2400 342 2459 extremum
360 2394 532 2473 Israelitas‚
553 2413 632 2475 quos
651 2392 756 2477 plagis
774 2397 824 2459 tot
841 2395 1002 2474 tantisque
1020 2393 1168 2475 pertracti
1186 2393 1312 2457 tandem

161 2500 335 2582 aliquando
360 2501 552 2573 dimiserant,
575 2499 725 2583 Aegyptii
749 2501 781 2563 in
801 2500 880 2563 mari
898 2500 1006 2563 Rubro
1026 2500 1099 2563 dum
1120 2519 1311 2581 persequun-

119 2632 145 2671 20
161 2610 216 2670 tur
240 2607 374 2670 extincti
397 2610 483 2673 sunt.
505 2607 575 2671 lllis
600 2607 716 2689 quippe
740 2606 931 2670 abeuntibus
956 2605 1097 2669 diuisum
1121 2625 1207 2669 mare
1225 2606 1311 2669 uiam

161 2713 254 2788 fecit;
289 2714 348 2777 hos
382 2716 489 2777 autem
520 2712 724 2793 insequentes
752 2712 783 2774 in
812 2730 845 2775 se
874 2710 998 2775 rediens
1022 2712 1105 2776 unda
1129 2711 1310 2776 submersit.

161 2820 286 2884 Deinde
319 2839 377 2902 por
408 2838 505 2883 annos
538 2818 747 2901 qnadraginta
779 2818 859 2882 duce
892 2818 1002 2901 Moyse
1032 2818 1091 2881 Dei
1118 2819 1255 2900 populus
1279 2820 1310 2882 in

162 2926 291 2991 deserto
331 2929 422 2989 actus
460 2929 519 3004 est,
558 2924 681 3008 quando
715 2924 953 2989 tabernaculum
986 2924 1161 2989 testimonii
1192 2944 1311 2989 nuncu-

161 3036 275 3115 patum
305 3035 364 3109 est,
393 3033 449 3096 uhi
475 3034 562 3097 Deus
591 3032 754 3097 sacrificiis
781 3032 890 3095 futura
912 3032 1205 3113 praenuntiantibus
1231 3032 1311 3094 cole·

119 3138 269 3215 abatur,
304 3157 378 3203 curn
411 3139 535 3203 scilicet
561 3140 624 3203 iarn
653 3138 726 3201 data
756 3138 805 3201 lex
833 3138 949 3202 fuisset
975 3138 1007 3202 in
1036 3140 1143 3202 monte
1173 3138 1310 3202 multura

161 3245 364 3320 terribiliter;
385 3246 603 3316 adtestabatur
626 3246 709 3309 enim
734 3244 975 3309 euidentissima
993 3245 1191 3308 mirabilibus
1212 3244 1311 3327 signis

161 3351 364 3433 nucibusque
398 3351 561 3416 diuinitas.
595 3349 687 3430 Quod
718 3352 838 3415 factum
868 3353 927 3427 est,
957 3370 1028 3415 rnox
1055 3355 1092 3414 ut
1121 3352 1238 3415 exitum
1263 3354 1313 3415 est

161 3458 199 3522 de
232 3459 382 3542 Aegypto
416 3463 448 3522 et
479 3458 510 3521 in
540 3458 663 3523 deserto
691 3458 830 3541 populus
859 3476 928 3522 esse
958 3458 1071 3540 coepit,
1097 3458 1312 3540 quinquagen-

161 3565 246 3629 simo
281 3564 332 3627 die
364 3568 438 3647 post
471 3565 663 3627 celebratum
695 3563 820 3627 Pascha
856 3582 912 3644 per
944 3563 1013 3627 orris
1046 3562 1309 3637 immolationem

121 3698 144 3737 so
162 3672 218 3753 qui
242 3691 346 3753 usque
370 3669 448 3735 adeo
472 3673 567 3752 typus
593 3670 713 3737 Christi
736 3674 785 3733 est
809 3670 1031 3752 praenuntians
1056 3690 1128 3734 enrn
1146 3688 1203 3750 per
1221 3670 1312 3733 uicti-

198 3830 212 3881 1
236 3827 341 3881 creauit
363 3828 390 3881 V
477 3830 631 3897 'laegyptu
654 3828 681 3879 V
768 3829 887 3881 omnium
907 3844 957 3881 orn.
982 3826 1008 3879 V
1090 3828 1217 3897 prouenit
1235 3843 1308 3887 unsar

162 3918 325 3985 peruenitv
405 3934 497 3969 uerum
515 3918 543 3986 ql
616 3918 632 3969 9
653 3917 792 3970 extrahere
817 3916 850 3969 V1
926 3917 955 3969 ll
979 3933 1037 3968 curn
1057 3915 1199 3968 israhelita
1218 3915 1310 3969 delen-

163 4006 242 4061 derat
265 4006 292 4059 V
344 4006 377 4059 12
397 4006 565 4075 atterritus]
586 4006 727 4059 exterritus
742 4023 764 4074 p
804 4006 835 4059 13
855 4006 942 4063 resist.
962 4004 1076 4057 Pharo
1118 4005 1151 4057 16
1171 4020 1237 4057 rana
1261 4004 1310 4071 Vp

162 4122 278 4187 Domo,-
297 4138 378 4175 ranae
398 4121 516 4190 abepo
588 4124 615 4174 et
634 4122 782 4190 cm.b¹pp
855 4086 938 4173 slliles
956 4138 988 4188 9;
1008 4119 1103 4173 cinifes
1118 4136 1157 4187 ep
1231 4136 1310 4186 cyno·

162 4212 218 4265 mia
241 4212 345 4265 Vade
351 4226 396 4280 91>
466 4211 501 4264 22
519 4212 548 4263 in
568 4210 675 4263 deserto
694 4227 770 4277 msc.,·
788 4227 837 4280 per
857 4208 993 4263 desertum
1012 4226 1027 4263 o
1096 4210 1130 4263 29
1150 4208 1193 4261 die
1213 4224 1264 4263 om.
1288 4208 1313 4263 V

164 4300 197 4355 30
217 4300 371 4371 quibusque
395 4298 431 4366 V,·
450 4300 565 4368 quisque
584 4298 609 4353 e1
