3192 4959
335 480 387 534 De
414 479 587 535 ciuitate
616 478 676 533 dei
704 480 771 533 lib.
799 478 886 535 XVII.
914 496 990 551 cap.
1019 481 1044 534 6.
1069 481 1093 533 7.
1221 484 1286 547 229

137 678 264 741 ueniam
286 679 469 757 precaretur
491 678 680 758 rogaretque
704 674 897 751 Samuelem,
922 678 958 737 ut
981 676 1193 739 reuerteretur
1213 694 1285 738 cum

137 784 191 848 illo
227 783 267 846 ad
298 781 487 865 placandum
515 782 634 845 Deum:
664 780 695 845 N
703 800 748 845 on
776 784 972 861 reuertar,
998 782 1111 863 inquit,
1135 785 1287 857 ieeum3

139 890 232 972 quia
251 888 457 973 spreuisti
475 889 641 952 uerbum
661 888 832 964 Domini,
853 892 890 952 et
910 892 1077 969 spernet
1100 891 1138 951 te
1159 886 1286 951 Domi-

138 1017 222 1073 nus,
250 1016 295 1060 ne
324 996 383 1060 sis
413 1014 478 1059 rer
503 1014 624 1076 super
646 995 786 1060 Israel.
816 995 866 1058 Dt
889 995 1100 1059 conuertit
1124 994 1286 1059 Samuel

110 1104 284 1167 eieciem
313 1121 435 1179 suam,
467 1106 511 1165 ut
539 1102 688 1177 abiret3
719 1105 758 1165 et
785 1102 924 1166 tenuit
952 1100 1048 1167 Saul
1076 1101 1284 1185 pinnulam

138 1208 340 1292 diploidis
374 1208 462 1272 eius
496 1213 534 1271 et
567 1207 748 1290 disrupit
780 1226 873 1274 eom.
907 1208 954 1272 Dt
987 1207 1091 1271 dixit
1123 1206 1168 1270 ad
1199 1226 1284 1271 eum

139 1315 317 1382 Samuel:
352 1314 545 1397 Disrupit
577 1313 770 1379 Dominus
802 1333 966 1397 regnum
1001 1315 1045 1378 ab
1083 1314 1210 1378 lsrael
1240 1314 1283 1377 de

137 1441 251 1487 manu
281 1425 350 1485 tua
378 1421 498 1485 hodie
528 1424 566 1485 et
594 1420 708 1485 dabit
736 1422 919 1502 proximo
943 1424 1012 1485 tuo
1038 1422 1139 1486 bono
1164 1440 1285 1503 super

138 1538 184 1607 te,
214 1534 254 1592 et
278 1526 492 1592 diuidetur
518 1528 649 1592 Israel
673 1528 710 1591 in
736 1528 827 1603 duo;
858 1531 896 1592 et
919 1547 994 1591 non
1019 1530 1285 1592 eonuertetur

100 1655 264 1719 roreque
305 1634 541 1717 paenitebit
581 1654 684 1710 eum3
728 1634 917 1716 qnoniam
959 1653 1032 1698 non
1075 1637 1138 1699 eet
1174 1634 1285 1698 sieut

138 1744 261 1818 homo,
303 1745 348 1807 ut
383 1743 596 1823 paeniteat
633 1759 735 1817 eum3
777 1742 867 1825 ipse
905 1742 1095 1817 minatur,
1135 1744 1173 1804 et
1210 1759 1282 1805 non

139 1851 351 1931 pormanet.
379 1849 457 1925 Iste,
488 1848 540 1912 oui
569 1847 701 1913 dieitur:
731 1846 904 1929 Spernet
936 1852 975 1913 te
1004 1848 1208 1923 Dominus,
1238 1866 1283 1911 ne

139 1957 193 2020 sis
216 1974 285 2019 rex
308 1973 430 2038 super
452 1954 594 2030 Israel,
618 1959 666 2017 et:
691 1954 885 2037 Disrupit
904 1955 1099 2020 Dominus
1119 1974 1282 2037 regnum

139 2063 182 2125 ab
215 2062 349 2126 lsrael
386 2061 431 2124 de
468 2080 584 2124 manu
620 2063 690 2125 tue
727 2061 859 2134 hodie,
898 2062 1106 2144 quadraginta
1136 2061 1284 2145 regnauit

99 2188 123 2226 re
140 2187 235 2232 annos
263 2186 360 2251 super
386 2167 494 2245 Israel,
523 2169 611 2232 tanto
640 2168 763 2232 soilioet
792 2168 896 2249 spatio
922 2168 1084 2249 temporis,
1109 2171 1226 2249 quanto
1251 2171 1283 2231 et

138 2274 204 2356 ipse
234 2274 351 2353 Dauid,
389 2280 420 2339 et
457 2274 581 2339 audiuit
616 2274 677 2339 hoe
712 2276 814 2356 prime
851 2279 994 2356 tempore
1027 2275 1114 2359 regni
1147 2276 1211 2350 eui;
1247 2279 1283 2338 ut

137 2380 360 2465 intellegamus
391 2381 462 2446 ideo
491 2380 623 2458 dictum,
652 2382 726 2462 quia
753 2381 863 2445 nullus
892 2381 930 2445 de
959 2382 1058 2463 stirpe
1087 2382 1155 2445 eins
1178 2381 1283 2446 fuerat

137 2491 336 2571 regnaturus,
372 2493 404 2551 et
435 2487 643 2570 respiciamus
673 2487 713 2552 ad
741 2488 873 2569 stirpem
899 2488 1015 2566 Dauid,
1044 2487 1126 2552 unde
1155 2490 1281 2552 exortus

139 2598 187 2657 est
208 2594 382 2658 seeundum
408 2612 530 2659 earnem
555 2594 710 2659 mediator
732 2595 791 2659 Dei
815 2598 846 2659 et
870 2594 1044 2673 hominum,
1074 2595 1168 2659 homo
1194 2594 1282 2660 Chri-

96 2709 208 2765 rostns
230 2702 332 2766 Iesus.

179 2808 248 2872 Non
285 2812 391 2873 autem
428 2808 524 2873 habet
564 2808 731 2891 scriptura,
772 2808 857 2891 quod
894 2808 925 2872 in
963 2808 1121 2891 plerisque
1158 2808 1279 2873 Latinis

138 2914 300 2979 codicibus
327 2916 459 2999 legitur:
489 2916 666 2998 Disrupit
694 2914 877 2980 Dominus
905 2934 1058 2999 regnum
1087 2916 1207 2979 lsrael
1237 2916 1279 2980 de

137 3040 241 3085 manu
264 3026 343 3098 tua3
369 3021 424 3087 sed
449 3022 533 3087 siout
556 3041 574 3085 a
596 3023 687 3087 nobis
711 3022 853 3106 positum
879 3026 928 3087 est
949 3022 1114 3086 inuentum
1133 3022 1165 3085 in
1186 3020 1280 3086 Grae·

137 3129 199 3191 cis:
234 3128 415 3212 Disrupit
450 3130 632 3194 Dominus
669 3148 825 3213 regnum
860 3128 901 3193 ab
940 3130 1059 3193 Israel
1096 3128 1139 3193 de
1171 3148 1279 3194 manu

94 3252 119 3291 e
137 3238 213 3309 tua;
236 3241 272 3299 ut
294 3236 356 3299 hoo
378 3235 584 3319 intellegatur
608 3236 649 3301 de
673 3255 779 3300 manu
804 3240 878 3312 tua,
903 3236 987 3317 quod
1008 3240 1057 3300 est
1080 3236 1122 3299 ab
1146 3235 1279 3299 lsrael.

135 3340 247 3421 Populi
275 3360 350 3425 ergo
379 3342 479 3405 Israel
502 3360 669 3425 personam
691 3342 827 3426 figurate
856 3342 987 3425 gerebat
1009 3342 1104 3407 homo
1128 3342 1199 3416 iste,
1224 3342 1278 3424 qui

134 3449 268 3527 populus
311 3466 444 3531 regnum
486 3448 589 3513 fuerat
631 3448 819 3525 amissurus,
863 3447 989 3515 Christo
1031 3448 1104 3513 Iesu
1142 3448 1277 3514 Domino

135 3557 238 3619 nestro
260 3574 317 3637 per
339 3573 459 3619 nouum
483 3557 711 3619 testamentum
734 3575 794 3619 non
821 3557 997 3630 carnaliter,
1019 3555 1075 3619 sed
1094 3555 1278 3638 spiritaliter

135 3664 309 3742 regnaturo.
343 3660 391 3725 De
425 3680 486 3743 quo
515 3680 588 3725 oum
617 3661 748 3726 dieitur:
778 3662 825 3726 ut
854 3662 958 3727 dabit
985 3663 1084 3726 illud
1111 3662 1276 3745 proximo

222 3904 238 3955 2
256 3904 323 3971 Reg.
341 3902 364 3967 I,
385 3904 426 3968 15,
445 3903 480 3957 23
499 3918 558 3972 sqq.

176 4026 264 4080 lenm
282 4028 330 4081 illo
349 4028 507 4081 aaronita
526 4044 545 4080 a
593 4025 802 4081 adominuma
851 4028 996 4098 Sepernet
1016 4029 1286 4097 apefoDombq

136 4114 486 4186 apernitq,·sprenitbep
542 4116 790 4185 idisrumpetae
862 4116 895 4170 ab
916 4134 965 4171 om.
987 4134 1005 4169 a
1061 4118 1091 4171 ll
1112 4117 1199 4171 uerba
1216 4118 1274 4187 ipse

136 4200 203 4255 min.
220 4206 246 4255 et
262 4221 315 4257 non
333 4208 473 4274 pennanet
490 4220 549 4258 aaa
567 4210 677 4259 artant
694 4206 726 4259 in
743 4206 832 4259 LXX
923 4208 955 4259 12
975 4206 1078 4275 spernit
1097 4223 1161 4275 epp
1247 4213 1274 4261 te

137 4306 223 4346 om.o
274 4294 306 4347 13
324 4292 474 4363 disrumpet
493 4311 535 4347 ae
595 4296 627 4347 14
646 4312 859 4364 annosregn.v
913 4296 1045 4348 auom
1065 4295 1275 4365 disrumpetur

139 4378 174 4429 ‘23
194 4379 324 4435 inuentum
343 4398 395 4437 om.
415 4382 446 4435 α1
499 4382 534 4436 28
552 4400 607 4436 non
624 4400 686 4452 erip.
706 4384 788 4439 liae
