3192 4959
311 438 376 502 388
663 434 690 488 S.
718 431 874 487 Aurelii
899 431 1117 502 Augustini

310 625 492 691 sollicitudo
520 645 582 690 nou
610 628 662 688 est
687 624 823 700 inutilis,
852 625 969 690 utilia
992 625 1158 704 securitas,
1182 624 1238 690 ubi
1265 645 1325 708 pax
1350 626 1457 710 plenis·

310 734 392 798 sima
425 733 526 814 adque
559 731 736 796 certissima
769 735 829 808 est,
863 731 1018 796 desiderio
1056 732 1246 798 feruentiore
1283 739 1457 816 quaeratur.

309 841 358 904 Ibi
383 841 465 904 euim
491 843 585 904 erunt
607 848 737 903 naturae
760 859 900 916 munera,
925 839 985 904 hoc
1009 843 1067 917 est,
1088 859 1168 921 quae
1188 843 1318 904 naturae
1338 843 1458 904 nostrae

310 949 349 1012 ab
382 947 524 1011 omnium
557 950 740 1010 naturarum
773 950 912 1010 creatore
946 945 1111 1022 donantur,
1144 966 1205 1012 non
1239 947 1343 1012 solum
1374 947 1457 1018 bona,

309 1074 421 1120 uerum
455 1053 552 1117 etiam
584 1053 786 1134 sempiterne,
818 1073 879 1116 non
914 1054 1018 1117 solum
1045 1052 1077 1116 iu
1106 1054 1221 1132 auimo,
1256 1055 1310 1134 qui
1334 1058 1494 1118 sanatura

309 1181 365 1243 per
393 1161 591 1242 sapientiam,
621 1179 734 1224 uerum
762 1161 859 1224 ctiam
888 1161 917 1222 in
948 1177 1087 1241 corpore.
1117 1160 1203 1242 quod
1234 1161 1458 1226 resurrectione

309 1267 529 1341 renouabitur;
563 1267 608 1330 ibi
640 1267 788 1338 uirtutes,
826 1286 886 1330 non
927 1271 1035 1331 contra
1072 1267 1139 1330 ulla
1176 1266 1255 1332 uitia
1291 1268 1345 1332 uel
1382 1268 1459 1332 mala

310 1393 529 1458 quaecumque
553 1378 721 1449 contentae,
746 1373 803 1437 sed
826 1374 978 1438 habentes
998 1374 1151 1438 uictoriae
1170 1375 1347 1455 praemium
1367 1379 1458 1440 eeter-

310 1501 382 1545 nam
406 1500 527 1562 pacem.
553 1501 648 1562 quam
672 1481 780 1544 nullus
805 1480 1004 1545 aduersarius
1028 1481 1193 1563 inquietet.
1219 1481 1292 1562 Ipsa
1311 1485 1362 1546 est
1381 1482 1458 1546 enim

309 1588 474 1652 beatitudo
498 1587 614 1663 finalis,
638 1587 707 1670 ipse
731 1586 934 1670 perfectionis
958 1587 1040 1662 finis,
1067 1587 1120 1670 qui
1145 1592 1384 1653 consumentem
1403 1607 1458 1654 non
1474 1609 1494 1647 n

312 1695 409 1758 habet
431 1693 536 1756 finem.
561 1693 622 1756 Hic
647 1697 753 1757 autem
777 1691 913 1758 dicimur
936 1693 1062 1774 quidem
1087 1694 1182 1770 beati,
1207 1695 1329 1776 quando
1354 1711 1458 1777 pacem

310 1801 473 1874 habemus,
513 1799 803 1881 quantulacumque
836 1800 887 1862 bic
919 1801 1027 1864 heberi
1065 1804 1172 1882 potest
1202 1801 1231 1864 in
1266 1801 1334 1866 uita
1367 1801 1456 1869 bona:

310 1906 366 1971 sed
398 1906 477 1969 baec
515 1904 679 1970 beatitudo
712 1906 771 1983 illi,
806 1925 900 1988 quem
933 1905 1058 1970 finalem
1093 1906 1239 1984 dicimus
1273 1907 1457 1971 beatitudini

310 2015 479 2095 conparata
502 2030 632 2094 prorsus
656 2012 784 2076 miseria
808 2013 971 2095 reperitur.
1001 2014 1091 2078 Hanc
1115 2032 1188 2097 crgo
1213 2033 1334 2096 pacem,
1360 2013 1456 2097 qualis

309 2120 362 2184 bio
384 2122 493 2201 potest
516 2138 596 2196 esse,
620 2120 772 2183 mortales
796 2119 940 2183 homines
964 2120 995 2183 iu
1015 2121 1110 2186 rebus
1129 2120 1318 2185 mortalibus
1338 2119 1455 2203 quando
1472 2137 1492 2178 n

309 2227 474 2301 babemus
509 2226 537 2290 si
568 2229 652 2289 recte
686 2226 838 2304 uiuimuS,
871 2225 962 2290 bonis
996 2227 1065 2290 eius
1098 2230 1182 2290 recte
1215 2227 1317 2291 utitur
1344 2227 1454 2298 uirium
1557 2221 1558 2258 ³

310 2333 433 2415 quando
468 2351 542 2396 nero
575 2351 645 2396 eam
677 2350 738 2396 non
771 2332 937 2408 habemus,
976 2333 1072 2396 etiam
1108 2333 1212 2410 maiis,
1252 2351 1331 2415 quae
1367 2335 1454 2397 homo

309 2439 441 2520 patitur,
466 2437 545 2502 bene
569 2437 672 2501 utitur
695 2437 810 2501 uirtus.
840 2436 903 2502 Sed
927 2440 1003 2502 tuuc
1028 2441 1078 2502 est
1101 2457 1176 2502 uera
1198 2438 1313 2507 uirtus.
1339 2437 1454 2520 quando

310 2547 344 2609 et
367 2545 472 2609 omnia
494 2544 585 2619 bona,
615 2544 731 2625 quibos
755 2544 834 2608 bene
858 2545 969 2610 utitur.
1000 2548 1032 2608 et
1055 2545 1210 2627 quidquid
1239 2545 1270 2608 in
1294 2545 1375 2610 bono
1397 2563 1454 2608 usu

311 2651 464 2717 bonorum
487 2652 700 2715 etmalorum
723 2649 810 2728 facit,
839 2653 871 2714 et
894 2669 928 2715 se
952 2651 1053 2732 ipsam
1079 2651 1117 2715 ed
1142 2671 1214 2716 eum
1238 2650 1332 2716 finem
1355 2651 1452 2724 refert,
1468 2671 1491 2712 u
1556 2649 1557 2732 i

310 2757 366 2821 ubi
396 2757 487 2822 nobis
515 2757 591 2821 telis
620 2759 653 2820 et
679 2759 769 2820 tauta
795 2775 855 2840 per
886 2757 955 2836 erit,
984 2776 1046 2839 qua
1074 2757 1187 2822 melior
1215 2763 1246 2822 ot
1269 2759 1368 2824 maior
1389 2775 1452 2822 esse

310 2883 371 2928 non
394 2864 510 2948 possit.

782 3055 918 3122 CAPUT
941 3055 995 3120 XI.

312 3199 365 3264 De
388 3198 650 3264 beatitudine
668 3197 783 3282 pacis
804 3200 1004 3276 aeternae,
1028 3198 1066 3262 in
1087 3218 1162 3281 qua
1182 3199 1341 3266 sanctis
1360 3199 1447 3265 finis

595 3309 667 3382 est,
692 3304 731 3369 id
756 3307 819 3369 est
843 3323 936 3368 nera
960 3305 1177 3387 perfectio.
1464 3341 1486 3381 es

357 3447 554 3530 Quapropter
581 3466 748 3530 possemus
778 3447 881 3510 dicere
910 3446 987 3512 fines
1011 3448 1165 3512 bonorum
1189 3451 1367 3514 nostrorum
1387 3462 1445 3512 esse
1554 3441 1555 3478 ³

310 3573 430 3636 pacem,
463 3555 548 3618 sicut
580 3556 737 3617 aeternam
771 3553 906 3618 diximus
940 3555 1051 3632 uitam,
1080 3555 1265 3637 praesertim
1296 3555 1369 3638 quia
1393 3550 1444 3634 ipsi

311 3660 435 3726 ciuitati
457 3661 526 3740 Dei,
551 3660 588 3725 de
612 3679 675 3742 qua
693 3659 784 3739 nobis
804 3665 854 3725 est
877 3661 940 3725 ista
960 3661 1189 3743 operosissime
1213 3661 1395 3744 disputatio,
1418 3657 1441 3720 in

349 3923 414 3976 lut
430 3939 491 3991 sup.
510 3909 560 3978 liri.
576 3939 596 3991 9
676 3921 847 3976 2ieruentia
866 3923 1043 4004 requereritur,
1063 3941 1080 3976 n
1099 3941 1215 3993 erus.,p
1302 3923 1441 3979 debentes.

311 4039 328 4092 l.
344 4042 382 4092 12
395 4037 478 4098 uberi.
493 4039 510 4090 l.
525 4041 562 4091 16
575 4037 686 4091 abemus
699 4055 717 4108 9
759 4039 791 4092 15
810 4005 939 4092 mortclbs
957 3995 1089 4105 hominis,
1103 4041 1112 4093 i
1127 4057 1161 4093 m.
1177 4042 1441 4110 2cupcrscn'pium,e

312 4155 345 4208 19
364 4119 422 4217 ussi,
439 4171 458 4224 9
529 4155 562 4207 21
582 4170 613 4206 ac
632 4156 743 4208 tentae
820 4171 900 4224 quem
917 4171 936 4224 9
1007 4157 1042 4210 22
1061 4157 1150 4226 poscit
1168 4157 1192 4210 e¹
1268 4155 1440 4226 reposcamus

312 4243 473 4312 rebeppc5
490 4242 624 4312 possimus
641 4259 671 4311 9,·
689 4257 831 4312 possumus
850 4241 890 4296 tc
963 4259 1056 4314 paceni
1075 4259 1134 4298 esse
1154 4261 1172 4296 a
1263 4245 1297 4298 27
1317 4247 1438 4298 ueternum

312 4347 405 4385 esser>
