3192 4959
421 454 472 507 De
501 455 675 507 ciuitate
703 454 764 509 dei
791 455 857 508 lib.
885 456 970 509 XVll.
1000 472 1075 525 cap.
1104 458 1129 509 4.
1283 462 1346 523 215

194 650 275 714 dicit
312 652 495 733 apostolus:
534 652 574 717 Si
610 654 750 717 mortui
792 640 890 715 estis
933 671 1015 715 cum
1055 651 1217 730 Christo,
1258 672 1350 735 quae

195 776 347 821 sursum
383 764 472 822 sunt
503 760 686 840 quaerite,
719 758 783 823 ubi
819 757 998 823 Christus
1034 764 1092 823 est
1124 758 1159 822 in
1198 758 1352 823 dextera

192 863 265 927 Dei
308 865 455 941 sedens,
498 865 667 929 salubriter
707 866 820 947 utique
867 865 1097 929 mortificantur
1138 884 1156 927 a
1196 865 1348 933 Domino:

195 970 315 1050 quihus
353 970 512 1054 adiungit:
552 969 652 1049 Quae
687 975 949 1036 sursumsunt
982 971 1117 1053 sapite,
1152 990 1221 1035 non
1255 990 1349 1053 qnae

160 1095 311 1157 osuper
344 1084 496 1149 terram:
530 1083 568 1141 ut
599 1078 662 1159 ipsi
691 1078 756 1141 sint
786 1079 844 1155 illi,
879 1080 931 1159 qni
966 1078 1180 1143 esurientes
1214 1079 1349 1142 transi-

194 1188 309 1249 erunt
350 1190 498 1249 terram.
540 1184 683 1249 Mortui
727 1186 823 1247 enim
866 1184 973 1262 estis,
1015 1184 1132 1266 inquit;
1175 1203 1248 1249 eone
1287 1204 1348 1267 qno

194 1291 291 1355 modo
325 1290 495 1355 salubriter
526 1290 697 1354 mortificat
727 1290 831 1363 Deus;
860 1290 972 1353 deinde
1001 1290 1158 1371 sequitur:
1191 1291 1238 1355 Et
1269 1292 1350 1355 uita

196 1402 329 1461 nestra
360 1396 586 1461 abscondita
614 1405 671 1461 ast
699 1416 781 1461 oum
812 1396 963 1461 Christo
993 1398 1028 1460 in
1061 1397 1153 1470 Deo;
1184 1416 1256 1461 eone
1285 1417 1346 1480 qno

194 1504 292 1568 modo
331 1504 461 1567 eosdem
497 1504 585 1584 ipsos
623 1504 767 1567 uiuifioat
797 1503 895 1567 Deua.
931 1502 991 1567 Sed
1030 1502 1183 1585 numquid
1221 1503 1348 1568 eosdem

142 1630 177 1668 ιο
196 1610 331 1675 deduxit
362 1610 402 1675 ad
435 1610 551 1675 inferos
586 1613 619 1673 et
649 1609 795 1674 reduxit?
827 1609 897 1673 Hoc
930 1615 1101 1690 utrumque
1132 1610 1198 1673 sine
1228 1614 1348 1673 contro·

194 1718 304 1781 nersia
339 1716 481 1780 fidelium
518 1716 550 1780 in
588 1716 644 1781 illo
685 1718 792 1797 potius
839 1715 984 1779 uidemus
1030 1716 1210 1798 inpletum,
1249 1716 1351 1798 capite

195 1824 325 1887 seilicet
356 1829 474 1899 nostro,
508 1841 581 1887 curn
614 1842 677 1905 quo
709 1823 810 1885 uitam
844 1826 983 1886 nostram
1017 1822 1049 1886 in
1083 1821 1149 1887 Deo
1183 1824 1347 1904 apostolus

195 1932 280 1996 dixit
302 1930 531 1995 absconditam.
554 1930 636 1995 Nam
660 1948 733 1993 oum
757 1930 911 2013 proprio
944 1928 1029 1993 lilio
1062 1949 1134 1993 non
1168 1928 1347 2011 pepercit,

196 2039 265 2103 sod
295 2056 362 2119 pro
395 2037 504 2102 nobis
539 2036 710 2101 omnibns
743 2036 908 2099 tradidit
940 2054 1032 2103 eum.
1064 2036 1127 2100 isto
1161 2036 1255 2100 modo
1288 2036 1347 2100 uti-

141 2166 175 2205 aa
196 2164 261 2229 qne
292 2143 498 2209 mortifiouuit
530 2163 617 2217 eum;
652 2148 684 2207 et
716 2145 791 2225 quia
818 2144 1022 2208 resuscitauit
1049 2162 1067 2205 a
1095 2144 1239 2219 mortuis,
1274 2162 1348 2206 eun-

195 2252 272 2316 dem
295 2270 406 2315 mrsus
429 2250 618 2315 uiuifioauit.
643 2250 688 2313 ut
717 2250 790 2332 quia
819 2252 851 2313 in
878 2250 1045 2332 prophetia
1074 2268 1134 2313 uox
1162 2250 1230 2315 eins
1254 2269 1347 2333 agno·

195 2360 315 2423 scitur:
357 2356 437 2421 Non
479 2357 722 2438 derelinques
764 2356 920 2420 animam
963 2376 1078 2419 meam
1116 2355 1151 2419 in
1188 2356 1346 2432 inferno,

195 2465 335 2529 eundem
358 2463 489 2527 deduxit
520 2462 559 2527 ad
591 2463 708 2527 inferos
743 2466 775 2526 et
808 2463 941 2527 reduxit.
969 2462 1037 2527 Hao
1067 2463 1135 2526 eius
1164 2468 1347 2545 paupertate

194 2572 294 2635 ditati
326 2590 450 2636 snmus.
487 2570 669 2635 Dominus
703 2570 786 2634 enim
820 2588 1004 2653 pauperes
1042 2567 1137 2632 facit
1170 2572 1206 2632 et
1238 2568 1345 2635 ditat.

140 2678 282 2743 zoNam
320 2676 397 2757 quid
429 2677 489 2740 hoo
526 2674 570 2740 sit
605 2680 642 2739 ut
679 2675 829 2749 sciamus,
863 2674 946 2755 quod
985 2675 1129 2755 sequitur
1165 2673 1346 2737 audiamus:

192 2784 391 2850 Humiliat
414 2786 451 2847 et
480 2784 638 2857 exaltat3
667 2782 779 2864 utique
804 2782 956 2863 superbos
981 2779 1130 2843 humiliat
1154 2784 1186 2843 et
1208 2778 1346 2842 humiles

194 2891 329 2956 exaltat.
358 2887 452 2967 Quod
480 2890 563 2953 onim
592 2888 667 2953 alibi
691 2888 824 2969 legitur:
857 2888 955 2951 llous
981 2886 1156 2969 superbis
1180 2886 1345 2959 resistit,

194 2997 411 3061 humilibus
444 2999 572 3059 autem
605 2994 668 3058 dat
700 2996 875 3078 gratiam,
908 2994 968 3058 hoc
1002 3002 1088 3058 totus
1117 2993 1213 3057 habet
1243 3011 1345 3057 sermo

191 3105 306 3179 huius,
331 3104 422 3167 ouius
445 3121 559 3167 nomen
583 3102 809 3184 interpretatur
832 3101 934 3184 gratia
957 3101 1037 3164 eins.

135 3233 171 3275 2³
245 3211 311 3275 lam
336 3228 413 3273 uero
438 3208 522 3290 quod
545 3208 745 3290 adiungitur:
775 3207 947 3272 Suscitat
970 3227 988 3271 a
1010 3212 1111 3271 terra
1134 3224 1345 3290 pauperem,

193 3318 240 3382 de
271 3316 359 3381 nullo
392 3315 507 3379 melius
540 3334 633 3396 quam
667 3314 705 3377 de
737 3313 793 3377 illo
826 3313 988 3397 intellego,
1023 3314 1076 3394 qui
1106 3318 1258 3395 propter
1280 3332 1345 3377 nos

191 3442 345 3508 pauper
374 3422 503 3486 factus
531 3426 600 3498 ost,
635 3440 714 3485 oum
745 3421 853 3485 diues
883 3426 997 3497 esset,
1026 3424 1067 3483 ut
1091 3419 1172 3483 eius
1195 3438 1346 3501 pauper·

189 3539 290 3606 tate,
319 3529 407 3593 siout
433 3527 528 3611 paulo
557 3532 627 3591 ante
652 3527 773 3591 dietum
798 3532 857 3603 est,
889 3527 1103 3589 ditaremur.
1127 3527 1238 3607 Ipsum
1263 3525 1344 3588 enim

290 3790 543 3861 lCol.3.laqq.
599 3791 632 3844 13
651 3790 727 3843 Rom.
747 3788 772 3853 8,
792 3790 827 3843 3‘2
889 3790 1047 3851 llPslr'r,
1070 3788 1101 3841 10
1156 3784 1344 3849 narrent

189 3882 234 3936 26
252 3882 277 3934 2.
298 3878 359 3935 Cor.
379 3879 442 3942 8,9

236 4007 249 4059 l
271 4005 295 4057 si
313 4002 415 4056 mortui
435 4003 512 4072 estis]
532 4003 555 4055 si
575 4003 779 4056 consurrexistis
798 4018 869 4057 sacr.
885 4002 958 4057 Bibl.
997 4002 1012 4054 2
1033 4000 1078 4053 ubi
1097 4016 1182 4067 usque
1201 3997 1240 4051 ad
1257 3997 1345 4066 sapite

191 4096 214 4149 l.
239 4097 328 4146 dom.
348 4090 377 4145 h¹
461 4090 570 4145 dextera
586 4108 612 4160 9,
630 4093 662 4144 in
680 4108 765 4161 nrurp.
786 4090 815 4145 b²
877 4094 944 4144 out
962 4106 995 4143 en
1014 4094 1042 4142 et
1060 4088 1164 4141 cormb
1233 4088 1266 4139 13
1286 4102 1345 4139 cunr

187 4182 347 4255 pomoni
367 4179 605 4249 aoepaDomo.
662 4182 694 4234 17
714 4180 939 4248 derelinquensp
995 4180 1026 4231 18
1047 4184 1074 4230 et
1092 4192 1176 4230 ome
1233 4176 1264 4229 19
1279 4174 1346 4227 lauit

192 4270 329 4339 etaient]
351 4274 381 4323 et
399 4268 500 4322 diuites
518 4268 586 4323 iacit
603 4287 622 4319 α
687 4270 718 4323 21
741 4273 769 4321 et
788 4274 854 4321 ante
871 4266 964 4323 humil.
986 4284 1035 4321 om.
1057 4284 1070 4321 a
1150 4266 1184 4318 22
1203 4264 1345 4331 resistetp

190 4360 233 4415 27
251 4360 341 4413 iactus
361 4364 405 4411 eat
422 4374 525 4427 pauper
542 4374 558 4412 υ
