3192 4959
357 421 407 476 De
435 421 612 477 ciuitate
641 420 703 476 dei
730 421 798 476 lib.
826 423 884 477 XV.
913 439 989 494 cap.
1017 425 1061 480 26.
1089 425 1133 480 27.
1244 427 1306 491 119

156 619 234 683 tiam
275 616 428 682 ecclesiae
464 617 629 702 pertinere.
670 613 749 694 Quis
788 618 872 683 enim
904 618 967 683 uisi
999 622 1105 683 mente
1136 638 1306 701 peruersus

155 725 292 790 inaniter
329 725 466 807 scriptos
503 743 573 790 essa
611 725 780 790 contendat
816 723 915 790 libros
946 744 1003 808 per
1034 743 1186 789 annorum
1218 725 1308 790 milia

155 837 245 898 tanta
285 831 439 916 religione
480 835 513 895 et
548 833 613 895 tam
655 830 816 896 ordinatae
854 831 1067 897 successionis
1105 832 1307 897 obseruantia

155 937 348 1014 custoditos,
379 941 435 1003 aut
458 938 544 1002 solas
566 956 616 1003 res
645 941 752 1021 gestas
774 937 842 1002 illio
862 937 1041 1016 intuendas,
1069 937 1126 1002 ubi
1150 942 1245 1016 certe,
1269 941 1307 1002 ut

127 1046 216 1110 salia
240 1045 399 1124 omittam,
423 1044 451 1108 si
474 1044 685 1109 numerositas
709 1044 895 1108 animalium
918 1045 1054 1128 cogebat
1076 1064 1166 1110 arcae
1183 1047 1305 1110 tantam

154 1151 221 1216 lieri
242 1150 508 1235 magnitudinem,
526 1150 678 1216 inmunda
696 1151 770 1216 bina
794 1154 828 1215 et
849 1151 968 1216 munda
986 1155 1119 1234 septena
1135 1152 1306 1217 intromitti

154 1259 305 1324 animalia
328 1258 405 1340 quid
429 1259 573 1341 cogebat,
603 1277 676 1323 cum
700 1260 843 1341 aequalis
867 1257 992 1322 numeri
1014 1263 1147 1341 possent
1169 1263 1304 1341 utraque

154 1366 296 1432 seruari?
325 1365 390 1429 Aut
417 1383 492 1429 nero
516 1363 615 1440 Deus,
645 1365 700 1446 qui
728 1367 856 1448 proptor
883 1383 984 1448 genus
1007 1364 1216 1447 reparandum
1241 1383 1304 1431 ser·

154 1472 259 1538 nanda
299 1471 470 1555 praecepit,
507 1489 543 1535 eo
581 1471 674 1536 modo
711 1469 777 1547 illa,
812 1489 875 1553 quo
906 1471 1100 1549 instituerat,
1134 1472 1302 1538 restituere

117 1600 139 1638 n
155 1599 214 1645 non
241 1580 390 1644 ualebat?

197 1685 262 1765 Qui
290 1704 365 1752 uero
394 1705 454 1751 uon
478 1703 548 1750 esse
573 1689 673 1769 gesta,
705 1684 761 1749 sed
785 1686 870 1751 solas
894 1705 998 1750 rorum
1023 1685 1302 1769 significandarum

154 1794 273 1878 figuras
297 1811 367 1857 osse
391 1792 594 1870 contendunt,
623 1791 761 1875 primum
785 1791 954 1874 opinantur
974 1796 1040 1856 tam
1063 1811 1216 1876 magnum
1234 1791 1302 1857 fiori

154 1919 212 1966 nou
232 1899 378 1983 potuisse
398 1899 567 1976 diluuium,
590 1903 628 1962 ut
646 1897 820 1964 altissimos
838 1902 963 1965 montes
983 1899 1163 1981 quindecim
1183 1899 1301 1964 enbitis

155 2027 235 2091 aqua
254 2005 424 2072 crescendo
442 2004 686 2084 transcenderet,
706 2007 834 2088 propter
853 2003 981 2090 Olympi
1001 2005 1151 2071 uerticem
1171 2006 1301 2082 montis,

117 2129 139 2172 a
155 2135 248 2198 supra
282 2131 377 2196 quem
409 2111 614 2196 perhibentur
640 2111 741 2176 nubes
771 2131 832 2179 nou
856 2131 951 2194 posse
975 2130 1186 2189 concrescere,
1215 2112 1301 2195 quod

154 2225 216 2285 tam
241 2220 381 2286 sublime
405 2217 468 2282 iam
492 2218 614 2282 caelum
638 2218 691 2296 sit,
716 2221 751 2282 nt
773 2236 836 2283 non
858 2218 904 2283 ibi
927 2219 970 2283 sit
993 2237 1047 2283 aer
1068 2219 1131 2283 iste
1155 2218 1300 2297 crassior,

154 2328 205 2392 nbi
225 2326 316 2392 uenti
335 2325 469 2391 nebulae
483 2325 664 2405 imbresque
681 2323 871 2408 gignuntur3
889 2343 947 2389 nec
966 2325 1143 2390 adtendunt
1157 2325 1300 2391 omnium

155 2435 383 2500 elementorum
410 2431 641 2496 crassissimam
664 2434 780 2494 terram
803 2431 848 2496 ibi
872 2450 941 2496 esse
963 2431 1119 2513 potuisse.
1146 2433 1195 2496 An
1219 2431 1299 2497 forte

155 2543 269 2624 negant
298 2557 368 2604 esse
395 2543 513 2603 terram
540 2537 692 2602 uerticem
720 2538 861 2602 montis?
890 2535 980 2616 Quur
1006 2538 1106 2622 igitur
1132 2537 1299 2621 usquead

114 2665 139 2704 ro
155 2647 208 2711 illa
234 2645 315 2711 caeli
344 2645 448 2728 spatia
473 2642 567 2708 terris
592 2643 720 2709 exaltari
742 2642 885 2721 licuisse,
909 2647 942 2708 et
964 2646 1055 2727 aquis
1085 2645 1214 2710 exaltari
1236 2663 1298 2709 uon

156 2752 282 2818 licuisse
311 2751 516 2829 contendunt,
549 2769 622 2815 curu
651 2749 707 2816 isti
736 2769 897 2816 mensores
925 2753 958 2816 et
984 2769 1134 2834 pensores
1162 2753 1296 2816 elemen-

154 2865 256 2924 torum
280 2875 378 2941 aquas
401 2857 494 2922 terris
513 2855 700 2939 perhibeant
718 2856 897 2938 superiores
917 2855 1019 2939 adque
1037 2857 1193 2921 leuiores?
1213 2854 1297 2935 Quid

153 2967 258 3048 itaque
280 2965 413 3030 rationis
437 2963 593 3041 adferunt,
617 2981 713 3045 quare
736 2967 821 3027 terra
844 2963 971 3047 grauior
994 2967 1025 3028 et
1044 2962 1172 3029 inferior
1189 2964 1296 3030 locum

155 3072 231 3135 caeli
260 3069 490 3153 tranquillioris
522 3068 677 3134 inusserit
708 3087 765 3150 per
796 3069 960 3134 uolumina
991 3072 1041 3134 tot
1067 3088 1230 3146 annorum,
1265 3073 1297 3135 et

113 3199 136 3238 ra
154 3197 233 3258 aqua
260 3177 363 3242 leuior
391 3197 425 3242 ac
455 3175 597 3260 superior
624 3176 779 3259 permissa
806 3194 869 3240 nou
897 3177 941 3241 sit
967 3175 1028 3240 hoc
1054 3176 1157 3240 lacero
1180 3176 1295 3242 saltem

154 3283 193 3348 ad
214 3287 340 3367 tempus
363 3283 532 3367 exiguum?

198 3389 314 3455 Dicunt
344 3390 440 3454 etiam
468 3408 529 3455 nou
557 3389 701 3472 potuisse
726 3407 837 3471 capere
860 3406 949 3454 arcae
972 3389 1061 3455 illius
1085 3389 1294 3470 quantitatem

153 3495 333 3561 animalium
356 3515 472 3581 genera
495 3500 560 3562 tam
579 3496 682 3561 multa
700 3497 731 3560 iu
755 3499 892 3578 utroque
911 3515 999 3574 sexu,
1022 3495 1095 3560 bina
1114 3495 1152 3560 de
1170 3495 1295 3561 inmun-

154 3600 214 3676 dis,
246 3605 374 3686 septena
406 3603 443 3668 de
475 3601 612 3668 mundis.
645 3601 706 3681 Qui
739 3602 818 3666 milri
850 3601 1001 3666 uidentur
1032 3621 1094 3666 nou
1123 3606 1294 3685 conputare

111 3731 135 3770 a
152 3707 214 3771 nisi
240 3712 379 3775 trecenta
411 3709 519 3775 cubita
548 3709 758 3793 longitudinis
787 3714 820 3773 et
845 3709 1024 3774 latitudinis
1054 3709 1292 3793 quinquaginta,

189 3966 333 4021 ‘leoribtor
355 3967 391 4021 V¹
446 3969 586 4023 5tantum
612 3966 646 4021 V¹
700 3967 822 4036 drepar.
840 3983 961 4037 genuae
1016 3968 1050 4021 14
1069 3967 1212 4021 crescendo
1230 3984 1291 4036 cup.

153 4053 235 4108 lirae
319 4057 431 4128 olympii
454 4057 480 4110 V
568 4058 602 4110 15
621 4056 797 4126 perhibentur
817 4057 1005 4126 coeptas,-
1021 4055 1152 4125 perhibeu
1171 4055 1230 4122 (sic)
1256 4057 1291 4123 V;

152 4141 292 4212 perhibent
307 4162 322 4198 r
339 4145 439 4200 Domb.
495 4145 671 4200 conscendere
685 4162 733 4214 pr
771 4147 803 4200 16
822 4144 937 4199 sublime
960 4145 1294 4215 Vbeprpchomb.,·

153 4230 273 4286 sublimis
292 4249 335 4289 cu
423 4234 477 4288 iam
501 4233 851 4303 Vbe²prpofDomb.;
869 4250 948 4304 qnam
969 4233 1047 4287 ae¹o
1135 4233 1188 4288 iste
1207 4249 1292 4288 orae

152 4319 187 4373 21
208 4323 236 4372 ot
250 4337 375 4392 pensores
392 4339 454 4393 sup.
473 4325 521 4378 lin.
546 4323 571 4376 V
623 4324 657 4378 25
675 4324 810 4394 promissa
832 4323 856 4376 V
909 4324 944 4377 29
963 4322 1060 4392 quide
