3192 4959
298 456 350 509 De
378 456 553 511 ciuitate
581 456 642 510 dci
670 456 735 514 lib.
763 457 863 513 xvlss.
893 474 967 528 cap.
997 458 1110 513 10-12.
1218 461 1280 523 281

133 654 181 715 est
214 657 368 736 regnante
404 658 483 735 aput
517 653 666 736 Assyrios
704 657 817 719 octauo
856 654 976 719 decimo
1014 654 1162 737 Amynta,
1205 658 1283 737 aput

133 757 299 840 Sicyonios
329 763 416 823 sexto
445 758 566 824 decimo
592 759 720 839 Corace,
749 764 828 843 aput
849 760 986 846 Argiuos
1016 761 1138 825 decimo
1162 760 1281 838 Danao,

133 868 207 947 aput
231 865 443 931 Athenienses
468 870 579 949 quarto
603 867 821 933 Erichthonio.
1269 872 1272 883 ’

590 1058 727 1126 CAPUT
750 1060 821 1124 XII.

105 1200 184 1264 ⁵De
208 1200 332 1264 sacris
354 1200 539 1265 falsorum
565 1200 727 1279 deorum,
752 1220 846 1284 quac
870 1220 978 1285 reges
999 1200 1180 1297 Graeciae
1198 1202 1282 1267 illis

132 1306 369 1389 temporibus
409 1307 676 1385 instituerunt,
719 1327 811 1389 quae
854 1308 897 1371 ab
935 1308 1037 1373 exitu
1079 1309 1200 1372 lsrael
1242 1328 1282 1373 eu

131 1412 303 1498 Aegypto
336 1434 456 1497 usque
489 1414 533 1478 ad
559 1415 647 1479 Iesu
675 1413 778 1479 Naue
808 1415 952 1479 obitum
984 1415 1281 1483 dinumerantur.

172 1554 235 1617 Per
255 1555 335 1618 haec
357 1557 510 1638 tempora,
534 1555 567 1619 id
591 1559 640 1619 est
664 1556 702 1619 ab
727 1556 811 1620 exitu
836 1556 934 1620 Israel
958 1576 993 1621 en
1011 1556 1157 1639 Aegypto
1177 1576 1279 1639 usquo

132 1661 169 1724 ad
196 1665 335 1725 mortem
361 1662 436 1727 Iesu
463 1662 563 1740 Naue,
592 1660 763 1745 perquem
793 1663 931 1746 populus
959 1662 1044 1726 idern
1072 1667 1187 1727 terram
1210 1683 1282 1747 pro-

95 1768 295 1833 omissionis
328 1770 461 1851 accepit,
495 1788 583 1835 sacra
615 1774 690 1834 sunt
719 1769 869 1834 instituta
901 1769 950 1834 dis
982 1770 1072 1835 falsis
1106 1789 1124 1833 a
1151 1770 1281 1855 regibus

134 1873 294 1948 Graeciae,
325 1894 404 1957 quae
431 1876 616 1940 memoriam
640 1876 756 1940 diluuii
784 1879 816 1940 et
840 1876 877 1939 ab
903 1895 938 1940 eo
963 1876 1158 1940 liberationis
1182 1877 1283 1941 homi-

133 2002 204 2045 nnm
228 1982 380 2065 nitaeque
403 1986 479 2046 tunc
503 2002 709 2047 aerumnosae
731 1983 825 2047 modo
851 1982 986 2057 adalta,
1010 1984 1104 2049 modo
1128 1982 1167 2046 ad
1190 1984 1283 2065 plana

134 2090 339 2172 migrantium
371 2090 518 2153 sollemni
551 2090 735 2154 celebritate
761 2094 960 2156 reuocsrunt.
994 2088 1075 2154 Nam
1105 2094 1138 2154 et
1165 2090 1281 2173 Luper-

134 2212 238 2258 corum
258 2214 315 2278 per
334 2214 455 2259 sacram
474 2196 768 2261 uiam-adscensum
790 2196 893 2278 adque
914 2196 1101 2260 descensum
1122 2196 1167 2260 sic
1186 2196 1282 2261 inter-

96 2316 117 2352 1⁵
133 2304 308 2381 precantur,
340 2304 377 2366 ut
409 2302 448 2365 ab
477 2302 523 2366 eis
552 2301 721 2387 significari
755 2302 863 2366 dicant
889 2302 1043 2381 homines,
1074 2302 1127 2383 qui
1155 2306 1284 2385 propter

135 2426 233 2488 aquas
266 2408 504 2473 inundationem
541 2428 666 2473 summa
704 2410 861 2473 montium
894 2409 1078 2492 petiuerunt
1109 2412 1140 2473 ot
1172 2428 1282 2473 rursus

135 2514 242 2577 endem
266 2514 425 2579 residente
448 2514 488 2578 ad
510 2514 575 2578 ima
596 2515 768 2580 redierunt.
791 2516 852 2579 His
876 2516 1073 2597 temporibus
1092 2515 1281 2597 Dionysum,

136 2620 190 2700 qui⁴
215 2621 313 2683 etiam
340 2621 435 2685 hiber
460 2625 551 2703 pater
577 2621 682 2685 dictus
707 2626 758 2686 est
786 2624 913 2704 etpost
936 2624 1069 2685 mortem
1094 2620 1172 2685 derrs
1196 2619 1282 2684 habi-

133 2730 195 2798 tus,
219 2727 322 2791 uitem
346 2728 450 2792 ferunt
474 2727 651 2793 ostendisse
674 2728 706 2791 in
729 2728 837 2791 Attica
861 2730 943 2791 terra
961 2726 1081 2810 hospiti
1100 2746 1169 2792 suo.
1194 2728 1281 2791 Tunc

94 2833 274 2915 siponini
305 2833 461 2916 Delphico
494 2834 636 2899 instituti
669 2838 744 2899 sunt
774 2834 844 2899 ludi
875 2834 1001 2911 musici,
1038 2836 1075 2898 ut
1104 2834 1283 2915 placaretur

132 2940 178 3003 ira
219 2940 299 3020 eins,
343 2961 405 3023 qna
440 2941 596 3024 putabant
637 2940 780 3005 adflictos
818 2961 887 3005 esse
926 2940 1093 3005 sterilitate
1132 2941 1282 3006 Graeciae

133 3046 289 3131 regiones,
309 3049 462 3130 quianon
482 3046 678 3112 defenderint
696 3048 850 3129 templum
872 3048 951 3123 eius,
972 3048 1056 3130 quod
1075 3066 1127 3111 ron
1142 3046 1281 3125 Danaus,

132 3171 204 3217 cnm
244 3153 371 3218 easdem
407 3157 505 3218 terras
538 3152 622 3218 bello
660 3154 843 3227 inuasisset,
881 3154 1030 3217 incendit.
1068 3154 1136 3218 Hos
1174 3156 1279 3217 autem

130 3258 225 3324 ludos
258 3263 296 3324 nt
326 3260 538 3338 instituerent,
567 3260 692 3325 oraculo
721 3264 798 3325 sunt
826 3261 893 3325 eius
922 3260 1085 3325 admoniti.
1115 3262 1151 3324 ln
1175 3260 1282 3325 Attica

91 3380 115 3419 τὸ
131 3385 206 3430 nero
236 3386 288 3430 rex
315 3367 539 3433 Erichthonius
569 3368 598 3432 ci
625 3367 718 3432 ludos
747 3368 868 3450 primus
897 3367 1049 3444 inst'tnit,
1078 3386 1135 3431 nec
1161 3368 1189 3431 ei
1213 3369 1280 3431 tan-

131 3478 212 3551 tum,
245 3473 301 3537 sed
334 3474 429 3539 etiam
461 3474 634 3551 Mineruae,
667 3474 722 3537 ubi
755 3474 930 3557 praemium
963 3474 1141 3538 uictoribus
1175 3475 1279 3537 oleum

130 3580 316 3659 ponebatur,
354 3580 438 3664 quod
474 3581 543 3646 eius
576 3581 699 3645 fructus
731 3580 940 3645 inuentricem
973 3580 1162 3653 Mineruam,
1197 3580 1282 3643 sicut

131 3686 198 3750 nini
228 3686 377 3752 Liberum
404 3686 542 3751 tradunt.
571 3687 631 3751 Per
660 3706 714 3751 eos
739 3705 837 3751 annos
867 3706 979 3771 aroge
1002 3686 1127 3751 Xantho
1154 3684 1281 3750 Creten·

166 3992 184 4045 2
203 3957 290 4062 ddnao
309 4008 324 4045 c
384 3992 400 4045 6
419 3991 460 4060 ex]
481 3989 551 4059 dep
611 3992 626 4044 7
646 3988 681 4043 ad
699 3989 758 4044 iesu
778 3991 869 4061 (iesus,
889 4006 902 4043 s
921 4005 1001 4053 eras,
1017 4006 1049 4057 p;
1067 3987 1144 4041 hiesu
1162 3990 1191 4056 f)
1210 4005 1280 4042 naus

132 4081 238 4134 obitum
255 4082 361 4150 fppp,·
380 4080 414 4134 ad
433 4079 537 4134 obitum
556 4080 618 4133 Iesu
636 4079 714 4133 Neue
732 4096 748 4134 o
767 4080 866 4135 Domb.
940 4078 1078 4144 denumf
1120 4078 1136 4129 9
1155 4078 1279 4147 promise.

133 4169 438 4239 beppo,·repromiss.
459 4184 528 4237 apo
592 4169 626 4221 14
645 4185 712 4236 sep
778 4170 809 4222 17
831 4166 983 4237 dionysium
1002 4182 1099 4219 mccc
1156 4166 1188 4219 19
1207 4170 1281 4219 terra

133 4302 217 4340 om
269 4240 473 4354 20¹¹ispollini9
527 4284 559 4338 21
580 4284 731 4353 sterelitp
785 4286 820 4338 ‘24
840 4284 923 4337 attico
936 4282 1109 4352 p¹;acticae
1163 4282 1197 4333 25
1213 4282 1279 4334 cric-

134 4373 246 4444 thonp
