3192 4959
325 428 389 491 636
670 425 696 476 S.
725 423 882 476 Aurelii
910 422 1126 491 Augustini

324 617 419 683 etiam
440 617 554 691 dicere,
575 617 750 702 sacrilegia,
770 615 1463 699 11010101,11010110111110,00111111,010111-

324 724 429 789 siones
466 724 693 800 innocentium,
729 721 915 800 calumniae,
949 721 1246 800 circumuentioues,
1278 725 1464 806 praeuarica·

322 832 436 905 tiones,
465 831 546 895 salsa
575 830 770 909 testimonia,
800 830 909 912 iniqua
935 829 1064 909 iudicia,
1092 829 1276 907 uiolentiae,
1308 830 1464 895 latrocinia

324 943 356 1002 et
385 938 539 1020 quidquid
566 938 680 1002 talium
709 938 867 1002 malornm
896 938 928 1001 in
950 941 1090 1002 mentem
1115 955 1176 1001 non
1201 938 1291 1001 uenit
1314 941 1347 1001 et
1370 940 1463 1000 tamen
1557 949 1558 968 ³

323 1045 361 1110 de
393 1045 461 1109 uita
491 1045 555 1108 ista
586 1045 751 1108 hominum
782 1063 842 1108 non
872 1044 1015 1108 recedit?
1048 1043 1168 1108 Verum
1197 1043 1274 1108 haec
1308 1043 1495 1108 hominums

324 1155 399 1216 sunt
422 1151 588 1227 malorum,
613 1152 651 1217 ab
675 1152 731 1216 illa
753 1154 860 1216 tamen
885 1151 998 1217 erroris
1022 1154 1055 1216 et
1071 1151 1214 1234 peruersi
1234 1149 1352 1214 amoris
1371 1149 1464 1214 radice
1557 1143 1558 1148 ’

323 1258 494 1333 uenientia,
528 1272 601 1323 cum
634 1277 697 1341 qua
724 1257 827 1323 omnis
860 1257 945 1321 fflius
973 1256 1074 1322 Adam
1103 1258 1255 1322 nascitur.
1288 1256 1371 1322 Nam
1404 1256 1463 1338 quis

322 1366 447 1448 ignorat
474 1383 548 1429 oum
576 1369 692 1446 quanta
720 1365 900 1448 ignorantia
928 1365 1087 1440 ueritatis,
1117 1383 1198 1446 quae
1227 1363 1348 1428 iamin
1377 1363 1463 1427 11101-

322 1472 410 1536 tibus
440 1471 607 1536 manifesta
635 1474 694 1548 est,
728 1476 761 1536 et
788 1491 862 1535 cum
893 1473 1010 1553 quanta
1038 1471 1232 1535 abundantio
1259 1488 1361 1535 uanae
1388 1470 1463 1553 cupi·

323 1578 444 1655 ditatis,
472 1597 553 1660 quae
575 1578 608 1645 in
631 1579 739 1660 pueris
762 1578 876 1661 incipit
898 1595 1059 1660 apparere,
1086 1578 1182 1644 homo
1206 1576 1318 1641 ueniat
1338 1578 1371 1642 in
1394 1578 1463 1641 hanc
1478 1597 1498 1636 0

323 1685 433 1761 uitam,
457 1684 504 1748 ita
526 1687 572 1761 ut,
597 1685 625 1748 si
649 1685 830 1750 dimittatur
852 1684 962 1750 uiuere
986 1686 1023 1748 ut
1045 1685 1125 1749 uelit
1149 1688 1182 1748 et
1199 1684 1302 1749 facere
1321 1681 1463 1766 quidquid
1557 1713 1558 1736 1

323 1789 412 1866 uelit,
450 1790 481 1854 in
520 1791 597 1856 haeo
628 1791 767 1857 facinora
806 1793 838 1854 01
869 1789 1002 1874 flagitia,
1036 1809 1115 1872 quae
1154 1791 1400 1856 commemoraui
1437 1793 1463 1852 et

323 1915 403 1978 quae
440 1916 685 1962 commemorare
721 1917 782 1963 non
816 1897 918 1979 potui,
955 1897 1009 1961 uel
1042 1899 1157 1961 cuncta
1187 1897 1241 1961 uel
1272 1899 1374 1962 multa
1404 1915 1463 1978 per·
1557 1903 1558 1934 ³

322 2004 451 2068 ueniat?

367 2108 431 2175 Sed
459 2110 567 2174 diuina
590 2110 817 2194 gubernatione
841 2130 902 2175 non
926 2110 1011 2175 omni
1041 2108 1134 2174 modo
1159 2109 1323 2174 deserente
1347 2109 1463 2173 demna-
1479 2128 1497 2168 a
1557 2111 1558 2154 l

321 2221 372 2281 tos
405 2220 438 2280 et
464 2217 531 2282 Deo
564 2236 625 2282 non
658 2217 839 2282 continente
866 2218 897 2280 in
927 2217 974 2280 ira
1002 2236 1060 2281 sua
1087 2217 1309 2282 miserationes
1337 2216 1462 2282 suasio

320 2322 400 2405 ipsis
434 2324 580 2388 sensibus
614 2322 737 2408 generis
770 2322 901 2387 humani
936 2324 1106 2406 prohibitio
1136 2327 1169 2387 et
1196 2323 1332 2388 eruditio
1363 2326 1463 2387 001110

322 2430 411 2507 istas,
440 2449 512 2493 oum
541 2428 657 2511 quibus
687 2429 858 2507 nascimur,
888 2429 1033 2493 tenebras
1062 2429 1200 2512 uigilant
1227 2432 1259 2494 et
1283 2432 1388 2494 contra
1410 2428 1462 2492 hos

320 2535 447 2618 inpetus
481 2535 693 2618 obponuntur,
732 2536 843 2617 plenae
876 2537 982 2598 tamen
1017 2535 1111 2599 etiam
1145 2536 1233 2618 ipsae
1266 2535 1407 2600 laborum
1435 2539 1462 2598 et

322 2641 476 2705 dolorum.
501 2640 584 2721 Quid
609 2643 692 2705 enirn
717 2642 778 2705 sibi
802 2641 917 2706 uolunt
939 2641 1147 2706 multimodae
1171 2642 1365 2716 formidines,
1389 2659 1461 2724 quae
1477 2661 1500 2698 10

321 2748 503 2813 cohibendis
531 2749 737 2830 paruulorum
769 2749 965 2812 uanitstibos
999 2749 1210 2814 adhibentur?
1245 2746 1329 2827 Quid
1358 2750 1462 2830 paeda-

322 2855 409 2938 gogi,
434 2854 510 2935 quid
532 2855 690 2936 magistri,
716 2854 793 2936 quid
816 2855 945 2931 ferulae,
965 2855 1041 2936 quid
1058 2855 1137 2928 lora,
1157 2855 1232 2936 quid
1252 2855 1370 2940 uirgae,
1394 2851 1462 2936 quid

322 2961 488 3043 disciplina
521 2960 587 3036 illa,
620 2981 682 3042 qua
714 2961 871 3044 scriptura
904 2965 1013 3025 sancta
1044 2961 1122 3025 dicit
1153 2961 1262 3026 dilecti
1295 2962 1352 3026 lilii
1372 2963 1462 3025 latera

322 3085 391 3130 esse
425 3066 594 3143 tundenda,
628 3087 666 3131 ne
700 3071 822 3131 crescat
851 3068 1026 3132 indomitus
1060 3067 1242 3151 domarique
1274 3070 1338 3133 iam
1371 3067 1460 3130 durus

321 3176 377 3236 aut
403 3173 457 3235 uix
481 3173 584 3254 possit
606 3177 663 3236 ant
684 3174 820 3238 fortasse
850 3193 906 3238 nec
929 3176 1056 3256 possit?
1085 3173 1169 3253 Quid
1198 3175 1305 3260 agitur
1327 3174 1374 3238 his
1395 3191 1460 3256 poe·
1475 3189 1498 3230 ¹⁵

321 3277 370 3341 nis
403 3277 561 3354 omnibus,
594 3278 655 3342 nisi
684 3281 721 3342 ut
748 3279 927 3344 debelletur
953 3279 1099 3360 inperitia
1129 3289 1161 3344 et
1192 3299 1290 3362 praua
1313 3280 1459 3364 cupiditas

320 3384 500 3462 infrenetur,
539 3405 611 3449 cum
650 3372 766 3467 quibus
804 3387 897 3450 malis
933 3387 964 3450 in
1003 3386 1063 3451 hoc
1101 3387 1263 3451 saeculum
1302 3385 1458 3452 uenimus?

321 3488 405 3568 Quid
438 3494 487 3554 est
518 3491 613 3570 enim,
648 3492 733 3574 quod
766 3512 839 3557 oum
871 3493 977 3557 labore
1011 3493 1225 3568 meminimus
1265 3495 1332 3559 sine
1363 3493 1458 3557 labore

320 3597 555 3670 obliuiscimur;
590 3617 663 3662 cum
694 3598 802 3663 labore
841 3600 1004 3674 discimus,
1044 3600 1111 3664 sine
1149 3600 1255 3666 labore
1294 3601 1457 3666 nescimus:

411 3825 443 3877 16
461 3823 505 3878 Ps.
526 3823 570 3890 76,
590 3824 623 3878 10
678 3825 712 3878 23
731 3824 814 3878 Εο011.
835 3825 878 3888 30,
901 3825 933 3878 12

357 3948 375 4002 8
394 3965 448 4017 qua
468 3949 569 4002 aetiam
587 3967 605 4018 9
678 3947 794 4002 infantia
814 3948 838 4018 p¹
910 3951 941 4002 17
961 3949 1080 4004 humana
1098 3950 1114 4003 b
1176 3949 1235 4004 'sed
1254 3949 1394 4020 prohibitio
1408 3962 1455 4012 ep:

320 4036 368 4091 sed
385 4038 509 4108 phitiob
623 4037 755 4104 cnmriral,
778 4039 852 4092 male
870 4055 939 4092 corr.
959 4055 993 4092 010
1011 4038 1150 4105 0011111101,
1170 4039 1185 4092 1
1298 4041 1328 4094 18
1348 4042 1372 4091 et
1389 4051 1454 4089 11111-

320 4119 374 4222 031,
393 4170 427 4207 eo:
445 4157 473 4205 et
492 4121 608 4222 coniqbi
625 4169 702 4215 corr,
722 4154 738 4207 b
836 4155 868 4208 19
888 4155 990 4223 impetu
1010 4155 1232 4224 supponunturb
1339 4153 1454 4222 plansee

319 4243 350 4295 21
373 4242 589 4311 quohibondisp
660 4243 865 4311 cupiditatibus,
883 4245 1013 4312 10010119.
1034 4243 1062 4296 al
1081 4243 1297 4311 nanitntibns,p
1349 4243 1380 4295 24
1395 4243 1451 4292 ton-

319 4328 408 4383 denda
422 4347 443 4397 p
507 4333 541 4382 25
560 4331 647 4398 possit
667 4331 732 4382 utb
814 4329 929 4384 fortasse
948 4347 999 4386 om.
1019 4349 1041 4398 ρ,
1060 4331 1175 4385 inclusit
1194 4331 1293 4387 Domb.
1371 4342 1415 4381 non
1433 4339 1450 4374 α
