3192 4959
262 479 313 532 Ile
340 479 514 532 ciuitate
544 478 607 532 dei
634 477 699 531 lib.
728 478 843 532 xv1111.
874 497 947 549 cap.
980 481 1020 534 16.
1053 482 1094 536 17.
1187 487 1253 549 403

108 675 213 751 titillo,
246 675 331 756 qnod
363 675 517 758 adgranat
559 675 705 741 animam.
747 675 869 740 Idcirco
911 695 1014 740 rerum
1052 677 1139 741 uitae
1175 677 1250 742 huic

107 783 226 846 mortali
257 783 506 846 necessariarum
538 783 683 862 utrisque
710 781 893 847 hominibus
923 787 954 847 et
981 783 1108 866 utrique
1142 783 1251 848 domui

108 888 277 952 communis
310 891 361 952 est
392 908 488 963 usus;
522 888 578 952 sed
609 887 681 951 dois
710 887 821 952 utendi
850 889 965 972 cuique
994 909 1072 954 suus
1103 891 1250 973 proprius

106 996 300 1077 multumque
323 995 480 1059 diuersus.
503 995 553 1059 Ita
577 995 674 1058 etiam
698 999 821 1059 terrena
840 995 965 1074 ciuitas
987 1015 1067 1078 quae
1086 1017 1147 1060 non
1167 997 1251 1060 uiuit

79 1121 137 1165 rer
167 1101 239 1176 lide,
272 1105 426 1165 terrenam
458 1120 568 1185 pacem
602 1101 724 1182 adpetit
750 1100 782 1165 in
812 1121 911 1183 eoque
940 1101 1051 1186 defigit
1073 1102 1250 1186 imperandi

106 1207 346 1291 oboediendique
385 1207 585 1273 concordiam
619 1207 750 1282 ciuium,
784 1211 821 1271 ut
854 1207 897 1272 sit
929 1207 974 1274 eis
1008 1207 1047 1272 de
1077 1209 1173 1273 rebus
1210 1209 1250 1272 ad

104 1319 264 1380 mortalem
287 1317 389 1380 uitam
411 1313 642 1397 pertinentibus
666 1314 875 1378 humanarum
898 1315 1051 1398 quaedam
1071 1315 1249 1398 conpositio

104 1424 311 1487 uoluptatum.
345 1421 467 1487 Ciuitas
501 1425 608 1485 autem
640 1421 789 1488 caelestis
823 1423 877 1484 uel
913 1421 1021 1503 potius
1057 1441 1130 1504 pars
1169 1423 1248 1501 eins,

104 1549 176 1610 quae
203 1529 236 1593 in
264 1531 322 1593 hac
351 1529 546 1592 mortalitate
573 1529 790 1612 peregrinatur
818 1531 850 1592 et
878 1527 961 1592 uiuit
989 1547 1024 1592 ex
1047 1528 1118 1607 fide,
1151 1529 1248 1592 etiam

68 1653 88 1690 n
102 1635 160 1700 ista
184 1655 263 1719 pace
287 1655 416 1700 necesse
441 1639 491 1700 est
513 1638 631 1716 utatur,
656 1635 755 1699 donee
777 1635 857 1719 ipsa,
888 1635 939 1700 oui
962 1636 1036 1700 talis
1060 1655 1119 1716 par
1142 1653 1250 1699 neces·

102 1743 178 1805 saria
201 1746 262 1816 est,
287 1741 466 1805 mortalitas
489 1745 645 1815 transeat3
670 1760 706 1805 ao
729 1759 786 1823 por
810 1742 879 1818 hoc,
900 1741 977 1805 dum
997 1745 1074 1823 aput
1092 1745 1247 1805 terrenam

102 1848 259 1912 ciuitatem
284 1847 376 1911 uelut
399 1847 559 1930 captiuam
583 1848 683 1911 uitam
703 1865 780 1910 suae
800 1847 1062 1931 peregrinationis
1082 1849 1158 1932 agit,
1182 1847 1247 1912 iam

99 1955 303 2036 promissione
334 1954 541 2018 redemtionis
573 1957 606 2017 et
638 1954 718 2018 dono
753 1953 888 2036 spiritali
920 1957 1081 2035 tamquam
1115 1955 1247 2037 pignore

100 2064 224 2144 accepto
247 2058 376 2143 legibus
400 2063 541 2124 terrenae
565 2060 718 2135 ciuitatis,
743 2059 860 2142 quibus
880 2059 957 2124 haec
977 2060 1247 2136 administrantur,

64 2183 175 2247 oquae
208 2165 436 2230 sustentandae
467 2166 594 2231 mortali
626 2167 713 2230 uitae
746 2166 989 2231 adcommodata
1013 2170 1097 2244 sunt,
1126 2167 1248 2231 obtem-

98 2291 200 2352 perare
224 2292 286 2336 non
311 2272 446 2346 dubitat,
471 2276 517 2350 nt,
538 2272 685 2355 quoniam
705 2274 882 2337 communis
903 2275 952 2337 est
969 2273 1040 2355 ipsa
1058 2273 1248 2342 mortalitas.

98 2383 240 2443 seruetur
261 2378 293 2442 in
317 2379 413 2442 rebus
437 2378 476 2443 ad
500 2397 569 2443 eam
593 2379 825 2460 pertinentibus
844 2379 926 2443 inter
946 2379 1109 2444 ciuitatem
1128 2382 1247 2444 utram·

97 2503 155 2565 que
187 2485 362 2548 concordia.
396 2484 514 2549 Verum
548 2486 621 2566 quia
653 2488 776 2549 terrena
804 2485 919 2550 ciuitas
950 2485 1064 2548 habuit
1092 2485 1246 2567 quosdam

97 2611 169 2656 suos
194 2592 367 2674 sapientes,
393 2610 471 2674 quos
496 2591 605 2655 diuina
626 2591 774 2674 inprobat
797 2591 974 2674 disciplina,
999 2592 1053 2674 qui
1072 2593 1124 2656 uel
1143 2592 1245 2674 suspi-

58 2700 155 2763 acati
182 2697 237 2762 uel
265 2698 392 2780 decepti
421 2717 439 2762 a
467 2697 674 2762 daemonibus
702 2698 865 2763 crederent
892 2701 1013 2762 multos
1043 2698 1118 2762 deos
1142 2699 1246 2762 conri-

94 2803 215 2868 liandos
239 2825 311 2869 esse
333 2805 429 2869 rebus
453 2805 611 2881 humente,
636 2806 828 2889 adquorum
849 2805 975 2870 diuersa
995 2805 1130 2888 quodam
1150 2805 1245 2870 modo

95 2912 196 2975 ollioie
218 2911 347 2975 diuersa
370 2911 499 2976 subdita
522 2912 724 2994 pertinerent,
749 2913 788 2976 ad
812 2911 910 2976 alium
934 2931 1059 2994 corpus,
1084 2912 1123 2976 ad
1146 2912 1245 2976 aliurn

94 3018 245 3095 animum,
269 3018 366 3100 inque
389 3019 459 3100 ipso
485 3037 612 3099 corpore
637 3019 675 3082 ad
700 3020 797 3082 alium
823 3022 928 3102 caput,
958 3019 997 3082 ad
1021 3019 1119 3082 alium
1143 3018 1244 3081 cerui-

93 3141 158 3188 cem
192 3129 225 3188 et
257 3127 362 3188 cetera
395 3125 524 3208 singula
556 3125 596 3188 ad
629 3125 789 3208 singulos;
824 3125 972 3189 similiter
1003 3125 1034 3188 in
1068 3125 1172 3190 enirno
1205 3125 1244 3189 ad

54 3249 78 3288 a
92 3230 187 3294 alium
211 3231 385 3315 ingenium,
410 3231 449 3295 ad
468 3232 567 3295 alium
587 3231 771 3308 doctrinam,
796 3232 836 3296 ad
861 3233 958 3296 alium
977 3231 1067 3308 iram,
1087 3232 1126 3295 ad
1146 3231 1242 3296 aliurn

92 3338 396 3419 concupiscentiam
437 3337 534 3419 inquo
575 3338 655 3420 ipsis
692 3337 788 3401 rebus
825 3338 912 3402 uitae
950 3337 1165 3403 adiacentibus
1204 3337 1243 3400 ad

90 3444 185 3507 alium
213 3463 325 3526 pecus,
359 3443 398 3508 ad
426 3444 523 3509 alium
551 3445 705 3521 triticum,
734 3445 773 3508 ad
803 3445 901 3510 alium
931 3445 1052 3520 ninum,
1082 3445 1121 3509 ad
1144 3443 1243 3508 alium

178 3689 192 3740 l
216 3687 279 3756 Sap.
300 3687 326 3750 9,
348 3689 384 3741 15

124 3811 135 3862 l
156 3810 296 3880 incircop
402 3813 419 3865 2
438 3811 594 3866 hominibus
614 3811 740 3865 fidelibus
765 3816 794 3866 et
813 3813 1005 3882 infidelibusp
1114 3811 1151 3881 et]
1173 3811 1243 3880 adp

88 3899 199 3967 duras]
218 3915 316 3952 census
335 3917 353 3952 a
407 3900 550 3969 tuiditp
607 3900 793 4005 tideoque·c
847 3901 1046 3956 doboadiendi
1067 3905 1094 3953 et
1111 3917 1129 3968 q
1201 3901 1240 3953 eis

87 4031 135 4068 ona
150 4033 173 4084 p
231 4016 385 4085 Suolunt.]
405 4017 585 4085 ciuitatump
655 4017 688 4069 12
708 4017 844 4086 agittienr,
865 4034 878 4070 e
898 4034 931 4072 ro.
952 4021 1012 4076 2.e
1067 4017 1101 4069 20
1121 4013 1238 4084 decepti]

87 4102 219 4174 decedip
255 4105 288 4158 21
311 4104 347 4158 ad
366 4121 478 4174 quornm
495 4123 513 4157 a
524 4105 539 4158 b
550 4122 683 4174 oppam·
701 4112 783 4174 atque
804 4105 838 4159 ad
858 4122 949 4158 eorum
965 4124 978 4174 ρ
993 4105 1092 4160 Domo.
1130 4105 1164 4157 22
1179 4119 1239 4172 per·

86 4193 206 4247 tinerent
226 4194 304 4248 codd.
323 4210 352 4257 v‚·
370 4195 506 4263 pertinere
526 4193 551 4263 ρ1
570 4194 669 4248 Domo.
734 4195 768 4247 23
787 4211 842 4263 aqq.
863 4201 894 4248 rot
912 4195 1005 4248 editur
1023 4193 1116 4260 codd.‚·
1134 4192 1240 4245 animus

86 4281 1241 4353 ceruix-doctrina—ire—concupiscentia—nummi·-nauigatio—uictoriae·-

86 4371 410 4441 partus-ferunditaso
465 4373 500 4425 26
520 4372 554 4425 ad
573 4372 657 4425 aliurn
677 4388 759 4441 pecus
775 4412 781 4423 .
795 4415 801 4425 .
817 4372 939 4426 triticum
958 4389 1008 4426 orn.
1028 4373 1053 4426 e¹

1151 4475 1201 4530 26*
