3192 4959
323 436 389 499 294
669 434 694 488 S.
723 434 880 488 Aurelii
908 434 1123 506 Augustini

324 627 363 691 ab
392 646 428 691 eo
456 628 584 710 quippe,
613 628 668 708 qui
694 626 780 691 filius
808 626 931 692 Aeneae
964 628 1086 709 primus
1120 628 1225 693 dietus
1258 634 1309 695 est
1336 630 1455 708 Siluius,

324 733 437 798 ceteris
461 733 643 797 subsecutis
668 738 700 796 et
721 732 848 815 propria
869 733 997 797 nomina
1018 734 1250 816 inponebantur
1273 740 1305 801 et
1327 736 1386 801 hoo
1403 756 1455 801 non

324 840 427 905 defuit
449 843 707 923 cognomentum
731 840 817 904 siout
838 840 932 925 longe
955 843 1066 923 postea
1085 840 1236 907 Caesares
1256 844 1456 927 cognominati

325 949 409 1024 sunt,
442 946 496 1028 qui
534 951 758 1011 successerunt
790 944 917 1011 Caesari
949 946 1108 1031 Augusto.
1146 948 1324 1030 Reprobato
1362 954 1455 1015 autem

324 1052 430 1131 Saule,
457 1072 496 1117 ne
524 1052 693 1135 quisquam
721 1072 758 1117 ex
785 1054 853 1117 eius
883 1052 980 1137 stirpe
1007 1057 1163 1139 regnaret,
1192 1074 1293 1137 eoque
1320 1056 1488 1121 defunctos

322 1159 428 1224 Dauid
452 1159 610 1223 suecessit
631 1159 664 1223 in
687 1178 818 1243 regnum
843 1162 918 1241 post
940 1178 1037 1225 annos
1062 1179 1080 1223 a
1103 1159 1209 1225 Saulis
1236 1162 1368 1245 imperio
1392 1182 1456 1245 qua·

324 1267 476 1351 draginta.
504 1267 592 1330 Tune
617 1266 828 1331 Athenienses
860 1267 976 1331 habere
1009 1267 1119 1332 deinde
1151 1287 1241 1352 reges
1274 1276 1348 1352 post
1375 1269 1457 1335 Codri

322 1372 487 1437 interitum
511 1372 701 1437 destiterunt
724 1376 756 1437 et
778 1373 985 1457 magistratus
1010 1374 1125 1439 habere
1150 1380 1321 1459 coeperunt
1339 1376 1457 1441 admini-

324 1477 468 1543 strandae
490 1478 709 1560 reipublicae.
733 1478 813 1543 Post
832 1479 948 1557 Dauid,
972 1480 1028 1562 qui
1051 1481 1146 1545 etiam
1170 1481 1239 1563 ipse
1264 1481 1458 1565 quadraginta

322 1585 469 1668 regnauit
491 1604 599 1663 annos,
623 1585 708 1649 filins
733 1586 802 1650 eius
826 1584 975 1651 Salomon
999 1606 1053 1651 rex
1076 1588 1295 1651 Israelitarum
1318 1586 1388 1665 suit,
1411 1588 1459 1669 qui
1473 1612 1492 1651 n

323 1692 479 1774 templum
506 1691 586 1755 illud
613 1691 847 1756 nobilissimum
877 1693 937 1757 Dei
961 1693 1289 1776 Hierosolymitanum
1318 1694 1457 1760 condidit.

325 1797 423 1863 Cuius
447 1802 588 1880 tempore
613 1801 691 1881 aput
713 1798 841 1863 Latinos
862 1799 988 1864 condita
1008 1806 1058 1864 est
1075 1800 1165 1878 Albe,
1186 1820 1222 1865 es
1240 1819 1304 1883 qua
1321 1800 1459 1883 deinceps

323 1923 385 1967 non
422 1903 616 1978 Latinorum,
654 1904 710 1970 sed
745 1904 940 1969 Albanorum
972 1925 1064 1990 reges
1097 1908 1261 1990 appellari,
1293 1907 1324 1971 in
1357 1908 1457 1972 sedem

322 2010 547 2087 tumulatio,
567 2014 746 2093 coeperunt.
765 2010 929 2075 Salomoni
948 2013 1105 2077 suecessit
1122 2012 1208 2077 filius
1228 2014 1297 2078 eius
1316 2014 1458 2093 Roboam,

325 2116 384 2180 sub
413 2135 474 2199 quo
501 2116 533 2180 in
561 2116 624 2181 duo
652 2136 749 2201 regna
774 2118 915 2199 populns
942 2118 997 2183 ille
1026 2118 1150 2183 diuisus
1179 2122 1238 2197 est,
1264 2122 1297 2184 et
1324 2120 1458 2204 singulae
1475 2144 1496 2186 e

322 2225 428 2304 partes
452 2242 528 2287 suos
552 2223 696 2307 singulos
719 2242 810 2307 reges
834 2224 948 2289 habere
972 2227 1150 2307 coeperunt.

774 2399 911 2465 CAPUT
935 2400 1020 2466 XXI.

326 2540 381 2605 De
408 2542 577 2625 regibus
605 2542 724 2620 Latii,
754 2561 921 2623 qnorum
948 2543 1102 2624 primus
1126 2544 1283 2609 Aeneas
1313 2548 1352 2609 ot
1378 2544 1459 2609 duo·

521 2649 702 2713 decimus
726 2648 956 2713 Auentinus
981 2648 1019 2713 di
1042 2650 1144 2714 faeti
1169 2654 1271 2716 sunt.

366 2794 493 2857 Latium
521 2794 596 2874 post
617 2790 752 2867 Aenean,
779 2810 871 2874 quem
902 2792 995 2855 deum
1024 2792 1175 2868 fecerunt,
1200 2792 1348 2856 undecim
1375 2808 1457 2874 reges
1474 2803 1496 2841 a

322 2900 444 2975 habuit,
469 2917 601 2980 quorum
625 2897 732 2961 nullus
757 2898 835 2961 deus
859 2897 963 2962 factus
988 2901 1044 2963 est.
1068 2898 1247 2963 Auentinus
1271 2902 1386 2975 autem,
1409 2895 1458 2979 qui

322 3005 508 3071 duodecimo
530 3005 601 3069 loeo
621 3006 747 3069 Aenean
766 3004 919 3087 sequitur,
941 3024 1013 3069 oum
1033 3009 1118 3070 esset
1136 3008 1314 3088 prostratus
1333 3005 1363 3069 in
1381 3002 1458 3068 bello

323 3116 355 3175 et
378 3112 523 3194 sepultus
547 3110 579 3174 in
603 3129 638 3174 eo
661 3112 779 3185 monte,
805 3112 859 3192 qui
883 3111 979 3175 etiam
1002 3129 1086 3176 nuno
1110 3111 1178 3175 eius
1201 3111 1327 3177 nomine
1349 3127 1458 3174 nuncu-

321 3222 425 3299 patur,
450 3218 581 3283 deorum
609 3216 733 3295 talium,
758 3218 868 3299 quales
898 3216 959 3281 sibi
987 3217 1155 3293 faciebant,
1180 3236 1310 3281 numero
1339 3218 1388 3281 est
1411 3213 1458 3277 nd·

322 3326 419 3389 ditus.
448 3325 512 3389 Alii
540 3344 615 3389 sane
642 3325 812 3388 noluerunt
840 3342 911 3387 eum
940 3324 971 3387 in
1000 3323 1120 3405 proelio
1150 3324 1286 3388 seribere
1316 3324 1456 3395 occisum,
1473 3336 1496 3375 2⁵

322 3430 458 3496 sednon
478 3431 679 3513 conparuisse
698 3431 855 3505 dixerunt3
876 3448 934 3495 neo
953 3449 989 3493 ex
1009 3431 1077 3495 eius
1096 3429 1253 3495 uocabulo
1273 3430 1457 3512 appellatum

321 3541 472 3615 montem,
496 3538 552 3603 sed
575 3557 612 3602 ex
630 3536 769 3601 aduentu
789 3538 897 3601 auium
918 3537 1038 3603 dietum
1057 3536 1263 3603 Auentinum.
1288 3536 1368 3603 Post
1382 3534 1458 3597 hune

321 3663 382 3708 non
410 3650 460 3709 est
487 3644 565 3709 deus
593 3644 697 3708 sactus
725 3645 757 3707 in
780 3643 872 3707 Latio
900 3644 962 3709 nisi
984 3644 1141 3709 Romulus
1171 3643 1315 3708 eonditor
1337 3642 1455 3707 Romae.

321 3751 406 3815 Inter
432 3750 532 3815 istum
560 3754 667 3815 autem
697 3753 729 3815 et
755 3749 847 3813 illum
876 3770 965 3833 roges
999 3751 1197 3832 reperiuntur·
1229 3750 1303 3829 duo,
1331 3762 1454 3833 quorum

321 3857 443 3938 primus
468 3860 526 3934 est,
550 3860 588 3921 ut
611 3876 683 3920 eum
706 3856 888 3939 Vergiliano
913 3874 1008 3920 uersu
1034 3858 1177 3937 eloquar:
1471 3868 1495 3909 ³⁰

411 4048 427 4100 s
446 4048 512 4117 aeg.
532 4046 568 4110 11,
587 4049 604 4101 a

356 4170 491 4241 erup
536 4170 809 4239 8admagistrandne
828 4170 888 4239 regi
906 4170 1065 4239 publieaee
1113 4169 1145 4222 10
1165 4169 1222 4223 eius
1241 4184 1326 4227 om.e
1370 4170 1402 4224 20
1418 4166 1451 4219 i·

321 4265 415 4315 cerunt
433 4262 566 4331 beppa‚·
584 4262 685 4314 fecerat
704 4278 736 4327 a,·
755 4260 876 4313 feserunt
892 4264 965 4330 pfo
1020 4262 1053 4313 25
1072 4259 1099 4312 in
1120 4275 1170 4315 om.
1190 4276 1204 4311 e
1257 4260 1292 4313 26
1312 4275 1370 4313 eum
1388 4257 1450 4311 dire·

319 4352 408 4417 runtp
479 4347 887 4417 necabeppaf;sedneoo
941 4347 1240 4409 iidietumesseaf
1291 4345 1452 4415 uoragine
