<?xml version="1.0" encoding="UTF-8"?>
<!DOCTYPE html PUBLIC "-//W3C//DTD XHTML 1.0 Transitional//EN"
    "http://www.w3.org/TR/xhtml1/DTD/xhtml1-transitional.dtd">
<html xmlns="http://www.w3.org/1999/xhtml" xml:lang="en" lang="en">
 <head>
  <title>
</title>
<meta http-equiv="Content-Type" content="text/html;charset=utf-8" />
  <meta name='ocr-system' content='tesseract 3.04.00' />
  <meta name='ocr-capabilities' content='ocr_page ocr_carea ocr_par ocr_line ocrx_word'/>
</head>
<body>
  <div class='ocr_page' id='page_1' title='image "./corpusscriptoru07wiengoog/corpusscriptoru07wiengoog_0594.png"; bbox 0 0 3192 4959; ppageno 0'>
   <div class='ocr_carea' id='block_1_1' title="bbox 321 457 1135 528">
    <p class='ocr_par' dir='ltr' id='par_1_1' title="bbox 321 457 1135 528">
     <span class='ocr_line' id='line_1_1' title="bbox 321 457 1135 528; baseline -0.016 -5"><span class='ocrx_word' id='word_1_1' title='bbox 321 462 385 524; x_wconf 78' lang='grc'>574</span> <span class='ocrx_word' id='word_1_2' title='bbox 678 460 704 513; x_wconf 84' lang='lat' dir='ltr'>S.</span> <span class='ocrx_word' id='word_1_3' title='bbox 733 457 890 512; x_wconf 73' lang='lat' dir='ltr'>Aurelii</span> <span class='ocrx_word' id='word_1_4' title='bbox 918 459 1135 528; x_wconf 74' lang='lat' dir='ltr'><strong>Augustini</strong></span> 
     </span>
    </p>
   </div>
   <div class='ocr_carea' id='block_1_2' title="bbox 310 653 1493 3617">
    <p class='ocr_par' dir='ltr' id='par_1_2' title="bbox 310 653 1493 3617">
     <span class='ocr_line' id='line_1_2' title="bbox 320 653 1462 738; baseline 0.004 -21"><span class='ocrx_word' id='word_1_5' title='bbox 320 654 461 718; x_wconf 78' lang='lat' dir='ltr'>dimittet</span> <span class='ocrx_word' id='word_1_6' title='bbox 491 654 584 718; x_wconf 90' lang='lat' dir='ltr'>uobis</span> <span class='ocrx_word' id='word_1_7' title='bbox 612 653 707 718; x_wconf 89' lang='lat' dir='ltr'>Pater</span> <span class='ocrx_word' id='word_1_8' title='bbox 739 655 847 718; x_wconf 89' lang='lat' dir='ltr'>uester</span> <span class='ocrx_word' id='word_1_9' title='bbox 881 654 1053 718; x_wconf 89' lang='lat' dir='ltr'>cottidiana</span> <span class='ocrx_word' id='word_1_10' title='bbox 1087 674 1185 736; x_wconf 91' lang='lat' dir='ltr'>parua</span> <span class='ocrx_word' id='word_1_11' title='bbox 1217 660 1362 738; x_wconf 81' lang='lat' dir='ltr'>peccata,</span> <span class='ocrx_word' id='word_1_12' title='bbox 1400 658 1462 723; x_wconf 89' lang='lat' dir='ltr'>aed:</span> 
     </span>
     <span class='ocr_line' id='line_1_3' title="bbox 320 760 1463 847; baseline 0.002 -23"><span class='ocrx_word' id='word_1_13' title='bbox 320 761 526 838; x_wconf 83' lang='lat' dir='ltr'>Dimittat,</span> <span class='ocrx_word' id='word_1_14' title='bbox 560 760 674 842; x_wconf 86' lang='lat' dir='ltr'>inquit,</span> <span class='ocrx_word' id='word_1_15' title='bbox 709 760 830 824; x_wconf 89' lang='lat' dir='ltr'>uobis</span> <span class='ocrx_word' id='word_1_16' title='bbox 858 763 1029 842; x_wconf 88' lang='lat' dir='ltr'>peccata</span> <span class='ocrx_word' id='word_1_17' title='bbox 1057 764 1205 826; x_wconf 87' lang='lat' dir='ltr'>uestra.</span> <span class='ocrx_word' id='word_1_18' title='bbox 1239 761 1463 847; x_wconf 81' lang='lat' dir='ltr'>Qualicunrque</span> 
     </span>
     <span class='ocr_line' id='line_1_4' title="bbox 319 868 1464 954; baseline 0.002 -22"><span class='ocrx_word' id='word_1_19' title='bbox 319 887 393 951; x_wconf 88' lang='lat' dir='ltr'>orgo</span> <span class='ocrx_word' id='word_1_20' title='bbox 418 869 471 932; x_wconf 93' lang='lat' dir='ltr'>uel</span> <span class='ocrx_word' id='word_1_21' title='bbox 495 869 748 950; x_wconf 89' lang='lat' dir='ltr'>quantacumque</span> <span class='ocrx_word' id='word_1_22' title='bbox 773 868 848 945; x_wconf 84' lang='lat' dir='ltr'>sint,</span> <span class='ocrx_word' id='word_1_23' title='bbox 873 869 998 932; x_wconf 88' lang='lat' dir='ltr'>etiamsi</span> <span class='ocrx_word' id='word_1_24' title='bbox 1023 868 1153 934; x_wconf 83' lang='lat' dir='ltr'>cottidie</span> <span class='ocrx_word' id='word_1_25' title='bbox 1176 874 1399 954; x_wconf 89' lang='lat' dir='ltr'>perpetrentur</span> <span class='ocrx_word' id='word_1_26' title='bbox 1416 891 1464 934; x_wconf 87' lang='lat' dir='ltr'>uec</span> 
     </span>
     <span class='ocr_line' id='line_1_5' title="bbox 319 973 1461 1060; baseline 0.003 -23"><span class='ocrx_word' id='word_1_27' title='bbox 319 974 357 1038; x_wconf 91' lang='lat' dir='ltr'>ab</span> <span class='ocrx_word' id='word_1_28' title='bbox 387 974 432 1037; x_wconf 89' lang='lat' dir='ltr'>eis</span> <span class='ocrx_word' id='word_1_29' title='bbox 461 974 527 1037; x_wconf 88' lang='lat' dir='ltr'>uita</span> <span class='ocrx_word' id='word_1_30' title='bbox 561 973 703 1037; x_wconf 88' lang='lat' dir='ltr'>discedat</span> <span class='ocrx_word' id='word_1_31' title='bbox 731 973 762 1036; x_wconf 92' lang='lat' dir='ltr'>in</span> <span class='ocrx_word' id='word_1_32' title='bbox 791 973 907 1037; x_wconf 89' lang='lat' dir='ltr'>melius</span> <span class='ocrx_word' id='word_1_33' title='bbox 937 979 1146 1039; x_wconf 90' lang='lat' dir='ltr'>commutata:</span> <span class='ocrx_word' id='word_1_34' title='bbox 1179 995 1235 1058; x_wconf 90' lang='lat' dir='ltr'>per</span> <span class='ocrx_word' id='word_1_35' title='bbox 1259 976 1461 1060; x_wconf 75' lang='lat' dir='ltr'><strong>elemosynam</strong></span> 
     </span>
     <span class='ocr_line' id='line_1_6' title="bbox 318 1081 1493 1164; baseline 0 -20"><span class='ocrx_word' id='word_1_36' title='bbox 318 1081 430 1145; x_wconf 91' lang='lat' dir='ltr'>ueniae</span> <span class='ocrx_word' id='word_1_37' title='bbox 453 1099 515 1144; x_wconf 93' lang='lat' dir='ltr'>non</span> <span class='ocrx_word' id='word_1_38' title='bbox 539 1083 672 1164; x_wconf 81' lang='lat' dir='ltr'>negatae</span> <span class='ocrx_word' id='word_1_39' title='bbox 695 1081 817 1145; x_wconf 83' lang='lat' dir='ltr'>remitti</span> <span class='ocrx_word' id='word_1_40' title='bbox 842 1081 903 1145; x_wconf 89' lang='lat' dir='ltr'>sibi</span> <span class='ocrx_word' id='word_1_41' title='bbox 926 1100 1021 1164; x_wconf 90' lang='lat' dir='ltr'>posse</span> <span class='ocrx_word' id='word_1_42' title='bbox 1045 1085 1265 1162; x_wconf 90' lang='lat' dir='ltr'>praesumunt.</span> <span class='ocrx_word' id='word_1_43' title='bbox 1485 1109 1493 1144; x_wconf 81' lang='lat' dir='ltr'>s</span> 
     </span>
     <span class='ocr_line' id='line_1_7' title="bbox 364 1186 1461 1272; baseline 0.001 -20"><span class='ocrx_word' id='word_1_44' title='bbox 364 1187 427 1259; x_wconf 87' lang='lat' dir='ltr'>Sed</span> <span class='ocrx_word' id='word_1_45' title='bbox 449 1186 539 1263; x_wconf 78' lang='lat' dir='ltr'>bene,</span> <span class='ocrx_word' id='word_1_46' title='bbox 564 1187 649 1269; x_wconf 92' lang='lat' dir='ltr'>quod</span> <span class='ocrx_word' id='word_1_47' title='bbox 671 1187 727 1251; x_wconf 90' lang='lat' dir='ltr'>isti</span> <span class='ocrx_word' id='word_1_48' title='bbox 747 1188 858 1272; x_wconf 90' lang='lat' dir='ltr'>dignas</span> <span class='ocrx_word' id='word_1_49' title='bbox 878 1207 933 1270; x_wconf 95' lang='lat' dir='ltr'>pro</span> <span class='ocrx_word' id='word_1_50' title='bbox 953 1189 1093 1270; x_wconf 87' lang='lat' dir='ltr'>peccatis</span> <span class='ocrx_word' id='word_1_51' title='bbox 1113 1188 1314 1270; x_wconf 81' lang='lat' dir='ltr'>elemosynas</span> <span class='ocrx_word' id='word_1_52' title='bbox 1335 1209 1461 1254; x_wconf 89' lang='lat' dir='ltr'>commo·</span> 
     </span>
     <span class='ocr_line' id='line_1_8' title="bbox 317 1293 1459 1378; baseline 0.002 -20"><span class='ocrx_word' id='word_1_53' title='bbox 317 1297 393 1358; x_wconf 88' lang='lat' dir='ltr'>nent</span> <span class='ocrx_word' id='word_1_54' title='bbox 420 1313 490 1358; x_wconf 89' lang='lat' dir='ltr'>esse</span> <span class='ocrx_word' id='word_1_55' title='bbox 519 1293 696 1369; x_wconf 62' lang='lat' dir='ltr'>faciendam</span> <span class='ocrx_word' id='word_1_56' title='bbox 731 1294 879 1375; x_wconf 87' lang='lat' dir='ltr'>quoniam</span> <span class='ocrx_word' id='word_1_57' title='bbox 909 1294 936 1358; x_wconf 90' lang='lat' dir='ltr'>si</span> <span class='ocrx_word' id='word_1_58' title='bbox 965 1294 1105 1358; x_wconf 81' lang='lat' dir='ltr'>dicerent</span> <span class='ocrx_word' id='word_1_59' title='bbox 1133 1297 1382 1378; x_wconf 77' lang='lat' dir='ltr'>qualescumque</span> <span class='ocrx_word' id='word_1_60' title='bbox 1408 1297 1459 1360; x_wconf 88' lang='lat' dir='ltr'>cle·</span> 
     </span>
     <span class='ocr_line' id='line_1_9' title="bbox 318 1399 1459 1485; baseline 0.001 -20"><span class='ocrx_word' id='word_1_61' title='bbox 318 1419 466 1484; x_wconf 89' lang='lat' dir='ltr'>mosynas</span> <span class='ocrx_word' id='word_1_62' title='bbox 486 1420 541 1483; x_wconf 93' lang='lat' dir='ltr'>pro</span> <span class='ocrx_word' id='word_1_63' title='bbox 561 1400 701 1480; x_wconf 91' lang='lat' dir='ltr'>peccatis</span> <span class='ocrx_word' id='word_1_64' title='bbox 723 1403 755 1464; x_wconf 89' lang='lat' dir='ltr'>et</span> <span class='ocrx_word' id='word_1_65' title='bbox 774 1399 958 1464; x_wconf 85' lang='lat' dir='ltr'>cottidianis</span> <span class='ocrx_word' id='word_1_66' title='bbox 974 1404 1006 1464; x_wconf 90' lang='lat' dir='ltr'>et</span> <span class='ocrx_word' id='word_1_67' title='bbox 1019 1403 1143 1484; x_wconf 87' lang='lat' dir='ltr'>magnis</span> <span class='ocrx_word' id='word_1_68' title='bbox 1165 1404 1196 1464; x_wconf 90' lang='lat' dir='ltr'>et</span> <span class='ocrx_word' id='word_1_69' title='bbox 1215 1405 1459 1485; x_wconf 89' lang='lat' dir='ltr'>quantacumque</span> 
     </span>
     <span class='ocr_line' id='line_1_10' title="bbox 318 1505 1458 1590; baseline 0.003 -19"><span class='ocrx_word' id='word_1_70' title='bbox 318 1508 475 1571; x_wconf 90' lang='lat' dir='ltr'>scelerum</span> <span class='ocrx_word' id='word_1_71' title='bbox 500 1505 728 1571; x_wconf 90' lang='lat' dir='ltr'>consuetudine</span> <span class='ocrx_word' id='word_1_72' title='bbox 752 1506 1002 1571; x_wconf 76' lang='lat' dir='ltr'>misecicordiam</span> <span class='ocrx_word' id='word_1_73' title='bbox 1026 1527 1121 1590; x_wconf 87' lang='lat' dir='ltr'>posse</span> <span class='ocrx_word' id='word_1_74' title='bbox 1140 1509 1298 1590; x_wconf 85' lang='lat' dir='ltr'>inpetrare</span> <span class='ocrx_word' id='word_1_75' title='bbox 1319 1509 1458 1574; x_wconf 89' lang='lat' dir='ltr'>diuinam.</span> 
     </span>
     <span class='ocr_line' id='line_1_11' title="bbox 317 1613 1491 1695; baseline 0.001 -18"><span class='ocrx_word' id='word_1_76' title='bbox 317 1617 355 1677; x_wconf 93' lang='lat' dir='ltr'>ut</span> <span class='ocrx_word' id='word_1_77' title='bbox 382 1633 419 1677; x_wconf 89' lang='lat' dir='ltr'>ea</span> <span class='ocrx_word' id='word_1_78' title='bbox 447 1613 620 1677; x_wconf 88' lang='lat' dir='ltr'>cottidiana</span> <span class='ocrx_word' id='word_1_79' title='bbox 647 1613 792 1678; x_wconf 87' lang='lat' dir='ltr'>remissio</span> <span class='ocrx_word' id='word_1_80' title='bbox 822 1617 1017 1695; x_wconf 86' lang='lat' dir='ltr'>sequeretur,</span> <span class='ocrx_word' id='word_1_81' title='bbox 1048 1614 1193 1678; x_wconf 91' lang='lat' dir='ltr'>uiderent</span> <span class='ocrx_word' id='word_1_82' title='bbox 1217 1635 1251 1679; x_wconf 90' lang='lat' dir='ltr'>sc</span> <span class='ocrx_word' id='word_1_83' title='bbox 1275 1635 1343 1680; x_wconf 89' lang='lat' dir='ltr'>rem</span> <span class='ocrx_word' id='word_1_84' title='bbox 1366 1615 1491 1678; x_wconf 77' lang='lat' dir='ltr'>dicerem</span> 
     </span>
     <span class='ocr_line' id='line_1_12' title="bbox 317 1719 1456 1804; baseline -0.001 -20"><span class='ocrx_word' id='word_1_85' title='bbox 317 1720 486 1784; x_wconf 88' lang='lat' dir='ltr'>absurdam</span> <span class='ocrx_word' id='word_1_86' title='bbox 520 1720 622 1801; x_wconf 88' lang='lat' dir='ltr'>adque</span> <span class='ocrx_word' id='word_1_87' title='bbox 654 1719 833 1785; x_wconf 90' lang='lat' dir='ltr'>ridiculam.</span> <span class='ocrx_word' id='word_1_88' title='bbox 869 1719 921 1786; x_wconf 88' lang='lat' dir='ltr'>Sic</span> <span class='ocrx_word' id='word_1_89' title='bbox 950 1721 1032 1785; x_wconf 90' lang='lat' dir='ltr'>enim</span> <span class='ocrx_word' id='word_1_90' title='bbox 1062 1725 1250 1804; x_wconf 87' lang='lat' dir='ltr'>cogerentur</span> <span class='ocrx_word' id='word_1_91' title='bbox 1282 1723 1374 1786; x_wconf 90' lang='lat' dir='ltr'>fateri</span> <span class='ocrx_word' id='word_1_92' title='bbox 1400 1721 1456 1784; x_wconf 91' lang='lat' dir='ltr'>heri</span> 
     </span>
     <span class='ocr_line' id='line_1_13' title="bbox 316 1827 1454 1908; baseline -0.002 -18"><span class='ocrx_word' id='word_1_93' title='bbox 316 1845 422 1908; x_wconf 83' lang='lat' dir='ltr'>posse,</span> <span class='ocrx_word' id='word_1_94' title='bbox 455 1829 492 1890; x_wconf 91' lang='lat' dir='ltr'>nt</span> <span class='ocrx_word' id='word_1_95' title='bbox 525 1827 787 1908; x_wconf 88' lang='lat' dir='ltr'>opulentissimus</span> <span class='ocrx_word' id='word_1_96' title='bbox 821 1827 915 1891; x_wconf 77' lang='lat' dir='ltr'>honio</span> <span class='ocrx_word' id='word_1_97' title='bbox 950 1827 1058 1892; x_wconf 90' lang='lat' dir='ltr'>decem</span> <span class='ocrx_word' id='word_1_98' title='bbox 1087 1828 1262 1892; x_wconf 89' lang='lat' dir='ltr'>nummulis</span> <span class='ocrx_word' id='word_1_99' title='bbox 1292 1827 1409 1893; x_wconf 88' lang='lat' dir='ltr'>diurnis</span> <span class='ocrx_word' id='word_1_100' title='bbox 1430 1829 1454 1889; x_wconf 94' lang='lat' dir='ltr'>in</span> 
     </span>
     <span class='ocr_line' id='line_1_14' title="bbox 318 1932 1455 2015; baseline -0.002 -19"><span class='ocrx_word' id='word_1_101' title='bbox 318 1932 516 2014; x_wconf 87' lang='lat' dir='ltr'>elemosynas</span> <span class='ocrx_word' id='word_1_102' title='bbox 540 1932 680 2015; x_wconf 87' lang='lat' dir='ltr'>inpensis</span> <span class='ocrx_word' id='word_1_103' title='bbox 704 1932 877 1997; x_wconf 89' lang='lat' dir='ltr'>homicidia</span> <span class='ocrx_word' id='word_1_104' title='bbox 901 1937 933 1996; x_wconf 91' lang='lat' dir='ltr'>et</span> <span class='ocrx_word' id='word_1_105' title='bbox 957 1933 1112 1997; x_wconf 88' lang='lat' dir='ltr'>adulteria</span> <span class='ocrx_word' id='word_1_106' title='bbox 1136 1937 1167 1998; x_wconf 87' lang='lat' dir='ltr'>et</span> <span class='ocrx_word' id='word_1_107' title='bbox 1185 1933 1306 1998; x_wconf 85' lang='lat' dir='ltr'>nefaria</span> <span class='ocrx_word' id='word_1_108' title='bbox 1325 1951 1455 2015; x_wconf 89' lang='lat' dir='ltr'>quaeque</span> 
     </span>
     <span class='ocr_line' id='line_1_15' title="bbox 316 2038 1454 2122; baseline 0.002 -20"><span class='ocrx_word' id='word_1_109' title='bbox 316 2039 400 2102; x_wconf 89' lang='lat' dir='ltr'>facta</span> <span class='ocrx_word' id='word_1_110' title='bbox 427 2039 604 2105; x_wconf 88' lang='lat' dir='ltr'>redimeret.</span> <span class='ocrx_word' id='word_1_111' title='bbox 635 2038 726 2118; x_wconf 83' lang='lat' dir='ltr'>Quod</span> <span class='ocrx_word' id='word_1_112' title='bbox 756 2041 784 2102; x_wconf 92' lang='lat' dir='ltr'>si</span> <span class='ocrx_word' id='word_1_113' title='bbox 808 2038 1073 2104; x_wconf 89' lang='lat' dir='ltr'>absurdissimum</span> <span class='ocrx_word' id='word_1_114' title='bbox 1103 2041 1204 2122; x_wconf 91' lang='lat' dir='ltr'>adque</span> <span class='ocrx_word' id='word_1_115' title='bbox 1228 2041 1454 2104; x_wconf 87' lang='lat' dir='ltr'>insanissimum</span> 
     </span>
     <span class='ocr_line' id='line_1_16' title="bbox 317 2144 1488 2233; baseline 0.002 -26"><span class='ocrx_word' id='word_1_116' title='bbox 317 2145 669 2229; x_wconf 84' lang='lat' dir='ltr'>estdicere,p1·ofecto</span> <span class='ocrx_word' id='word_1_117' title='bbox 694 2144 721 2208; x_wconf 91' lang='lat' dir='ltr'>si</span> <span class='ocrx_word' id='word_1_118' title='bbox 746 2149 924 2227; x_wconf 88' lang='lat' dir='ltr'>quaeratur,</span> <span class='ocrx_word' id='word_1_119' title='bbox 949 2166 1029 2228; x_wconf 91' lang='lat' dir='ltr'>quae</span> <span class='ocrx_word' id='word_1_120' title='bbox 1054 2147 1166 2233; x_wconf 83' lang='lat' dir='ltr'>dignae</span> <span class='ocrx_word' id='word_1_121' title='bbox 1191 2147 1256 2211; x_wconf 88' lang='lat' dir='ltr'>sint</span> <span class='ocrx_word' id='word_1_122' title='bbox 1278 2168 1335 2232; x_wconf 92' lang='lat' dir='ltr'>pro</span> <span class='ocrx_word' id='word_1_123' title='bbox 1358 2166 1454 2229; x_wconf 88' lang='lat' dir='ltr'>pecca·</span> <span class='ocrx_word' id='word_1_124' title='bbox 1469 2172 1488 2210; x_wconf 85' lang='lat' dir='ltr'>u</span> 
     </span>
     <span class='ocr_line' id='line_1_17' title="bbox 317 2251 1453 2338; baseline 0.003 -24"><span class='ocrx_word' id='word_1_125' title='bbox 317 2251 359 2314; x_wconf 90' lang='lat' dir='ltr'>tis</span> <span class='ocrx_word' id='word_1_126' title='bbox 388 2252 597 2335; x_wconf 71' lang='lat' dir='ltr'>elemosynae</span> <span class='ocrx_word' id='word_1_127' title='bbox 627 2252 664 2316; x_wconf 91' lang='lat' dir='ltr'>de</span> <span class='ocrx_word' id='word_1_128' title='bbox 694 2253 810 2336; x_wconf 91' lang='lat' dir='ltr'>quibus</span> <span class='ocrx_word' id='word_1_129' title='bbox 835 2253 930 2317; x_wconf 90' lang='lat' dir='ltr'>etiam</span> <span class='ocrx_word' id='word_1_130' title='bbox 955 2253 1074 2318; x_wconf 80' lang='lat' dir='ltr'>Christi</span> <span class='ocrx_word' id='word_1_131' title='bbox 1097 2272 1284 2338; x_wconf 83' lang='lat' dir='ltr'>praecursor</span> <span class='ocrx_word' id='word_1_132' title='bbox 1307 2255 1360 2318; x_wconf 88' lang='lat' dir='ltr'>ille</span> <span class='ocrx_word' id='word_1_133' title='bbox 1383 2254 1453 2318; x_wconf 90' lang='lat' dir='ltr'>dice·</span> 
     </span>
     <span class='ocr_line' id='line_1_18' title="bbox 316 2357 1451 2444; baseline 0.002 -23"><span class='ocrx_word' id='word_1_134' title='bbox 316 2357 388 2422; x_wconf 87' lang='lat' dir='ltr'>bat:</span> <span class='ocrx_word' id='word_1_135' title='bbox 411 2359 556 2423; x_wconf 87' lang='lat' dir='ltr'>Facite</span> <span class='ocrx_word' id='word_1_136' title='bbox 576 2378 668 2442; x_wconf 87' lang='lat' dir='ltr'>ergo</span> <span class='ocrx_word' id='word_1_137' title='bbox 688 2359 852 2424; x_wconf 90' lang='lat' dir='ltr'>fructus</span> <span class='ocrx_word' id='word_1_138' title='bbox 873 2359 1018 2444; x_wconf 89' lang='lat' dir='ltr'>dignos</span> <span class='ocrx_word' id='word_1_139' title='bbox 1039 2361 1331 2444; x_wconf 81' lang='lat' dir='ltr'>paenitentiae,</span> <span class='ocrx_word' id='word_1_140' title='bbox 1355 2360 1451 2444; x_wconf 90' lang='lat' dir='ltr'>procul</span> 
     </span>
     <span class='ocr_line' id='line_1_19' title="bbox 317 2464 1450 2550; baseline 0 -22"><span class='ocrx_word' id='word_1_141' title='bbox 317 2464 413 2529; x_wconf 93' lang='lat' dir='ltr'>dnbio</span> <span class='ocrx_word' id='word_1_142' title='bbox 442 2485 503 2530; x_wconf 93' lang='lat' dir='ltr'>non</span> <span class='ocrx_word' id='word_1_143' title='bbox 531 2466 732 2530; x_wconf 88' lang='lat' dir='ltr'>inuenientur</span> <span class='ocrx_word' id='word_1_144' title='bbox 760 2487 813 2530; x_wconf 88' lang='lat' dir='ltr'>eas</span> <span class='ocrx_word' id='word_1_145' title='bbox 841 2467 954 2545; x_wconf 86' lang='lat' dir='ltr'>facere,</span> <span class='ocrx_word' id='word_1_146' title='bbox 984 2468 1039 2550; x_wconf 93' lang='lat' dir='ltr'>qui</span> <span class='ocrx_word' id='word_1_147' title='bbox 1062 2468 1163 2532; x_wconf 91' lang='lat' dir='ltr'>uitam</span> <span class='ocrx_word' id='word_1_148' title='bbox 1187 2487 1279 2532; x_wconf 90' lang='lat' dir='ltr'>suam</span> <span class='ocrx_word' id='word_1_149' title='bbox 1301 2464 1450 2550; x_wconf 90' lang='lat' dir='ltr'>usquead</span> 
     </span>
     <span class='ocr_line' id='line_1_20' title="bbox 315 2573 1448 2657; baseline 0.001 -22"><span class='ocrx_word' id='word_1_150' title='bbox 315 2575 450 2636; x_wconf 89' lang='lat' dir='ltr'>mortem</span> <span class='ocrx_word' id='word_1_151' title='bbox 493 2573 737 2637; x_wconf 88' lang='lat' dir='ltr'>cottidianorum</span> <span class='ocrx_word' id='word_1_152' title='bbox 779 2573 947 2638; x_wconf 89' lang='lat' dir='ltr'>criminum</span> <span class='ocrx_word' id='word_1_153' title='bbox 989 2575 1220 2657; x_wconf 90' lang='lat' dir='ltr'>perpetratione</span> <span class='ocrx_word' id='word_1_154' title='bbox 1263 2574 1448 2648; x_wconf 71' lang='lat' dir='ltr'>confodiunt</span> 
     </span>
     <span class='ocr_line' id='line_1_21' title="bbox 314 2679 1483 2764; baseline 0.001 -23"><span class='ocrx_word' id='word_1_155' title='bbox 314 2679 463 2762; x_wconf 82' lang='lat' dir='ltr'>primum,</span> <span class='ocrx_word' id='word_1_156' title='bbox 498 2679 572 2760; x_wconf 90' lang='lat' dir='ltr'>quia</span> <span class='ocrx_word' id='word_1_157' title='bbox 602 2679 634 2742; x_wconf 91' lang='lat' dir='ltr'>in</span> <span class='ocrx_word' id='word_1_158' title='bbox 668 2679 845 2744; x_wconf 84' lang='lat' dir='ltr'>auferendis</span> <span class='ocrx_word' id='word_1_159' title='bbox 878 2680 972 2744; x_wconf 89' lang='lat' dir='ltr'>rebus</span> <span class='ocrx_word' id='word_1_160' title='bbox 1007 2681 1117 2746; x_wconf 86' lang='lat' dir='ltr'>alienis</span> <span class='ocrx_word' id='word_1_161' title='bbox 1145 2681 1240 2764; x_wconf 89' lang='lat' dir='ltr'>longe</span> <span class='ocrx_word' id='word_1_162' title='bbox 1268 2682 1358 2764; x_wconf 85' lang='lat' dir='ltr'>plura</span> <span class='ocrx_word' id='word_1_163' title='bbox 1387 2679 1483 2744; x_wconf 81' lang='lat' dir='ltr'>diri-n</span> 
     </span>
     <span class='ocr_line' id='line_1_22' title="bbox 312 2787 1448 2872; baseline 0.002 -24"><span class='ocrx_word' id='word_1_164' title='bbox 312 2787 415 2868; x_wconf 87' lang='lat' dir='ltr'>piant,</span> <span class='ocrx_word' id='word_1_165' title='bbox 442 2788 616 2869; x_wconf 83' lang='lat' dir='ltr'>exquibus</span> <span class='ocrx_word' id='word_1_166' title='bbox 640 2788 809 2871; x_wconf 83' lang='lat' dir='ltr'>perexigua</span> <span class='ocrx_word' id='word_1_167' title='bbox 831 2788 1025 2870; x_wconf 87' lang='lat' dir='ltr'>pauperibus</span> <span class='ocrx_word' id='word_1_168' title='bbox 1054 2788 1216 2872; x_wconf 89' lang='lat' dir='ltr'>largiendo</span> <span class='ocrx_word' id='word_1_169' title='bbox 1242 2788 1399 2854; x_wconf 85' lang='lat' dir='ltr'>Christum</span> <span class='ocrx_word' id='word_1_170' title='bbox 1420 2805 1448 2850; x_wconf 85' lang='lat' dir='ltr'>se</span> 
     </span>
     <span class='ocr_line' id='line_1_23' title="bbox 313 2892 1447 2977; baseline 0 -22"><span class='ocrx_word' id='word_1_171' title='bbox 313 2892 352 2955; x_wconf 91' lang='lat' dir='ltr'>ad</span> <span class='ocrx_word' id='word_1_172' title='bbox 376 2894 436 2957; x_wconf 92' lang='lat' dir='ltr'>hoc</span> <span class='ocrx_word' id='word_1_173' title='bbox 460 2913 589 2977; x_wconf 88' lang='lat' dir='ltr'>pascere</span> <span class='ocrx_word' id='word_1_174' title='bbox 613 2893 803 2972; x_wconf 78' lang='lat' dir='ltr'>existimant,</span> <span class='ocrx_word' id='word_1_175' title='bbox 830 2897 866 2958; x_wconf 93' lang='lat' dir='ltr'>ut</span> <span class='ocrx_word' id='word_1_176' title='bbox 887 2894 1049 2959; x_wconf 86' lang='lat' dir='ltr'>licentiam</span> <span class='ocrx_word' id='word_1_177' title='bbox 1079 2896 1321 2960; x_wconf 88' lang='lat' dir='ltr'>malefactorum</span> <span class='ocrx_word' id='word_1_178' title='bbox 1345 2893 1447 2960; x_wconf 88' lang='lat' dir='ltr'>abillo</span> 
     </span>
     <span class='ocr_line' id='line_1_24' title="bbox 314 3000 1446 3083; baseline 0.001 -21"><span class='ocrx_word' id='word_1_179' title='bbox 314 3018 348 3062; x_wconf 94' lang='lat' dir='ltr'>se</span> <span class='ocrx_word' id='word_1_180' title='bbox 376 3001 491 3064; x_wconf 90' lang='lat' dir='ltr'>emisse</span> <span class='ocrx_word' id='word_1_181' title='bbox 519 3000 572 3063; x_wconf 91' lang='lat' dir='ltr'>uel</span> <span class='ocrx_word' id='word_1_182' title='bbox 601 3000 731 3064; x_wconf 90' lang='lat' dir='ltr'>cottidie</span> <span class='ocrx_word' id='word_1_183' title='bbox 759 3000 868 3083; x_wconf 90' lang='lat' dir='ltr'>potius</span> <span class='ocrx_word' id='word_1_184' title='bbox 894 3021 995 3065; x_wconf 90' lang='lat' dir='ltr'>emere</span> <span class='ocrx_word' id='word_1_185' title='bbox 1021 3002 1183 3066; x_wconf 89' lang='lat' dir='ltr'>eredentes</span> <span class='ocrx_word' id='word_1_186' title='bbox 1208 3003 1314 3067; x_wconf 89' lang='lat' dir='ltr'>securi</span> <span class='ocrx_word' id='word_1_187' title='bbox 1337 3002 1446 3066; x_wconf 90' lang='lat' dir='ltr'>damna-</span> 
     </span>
     <span class='ocr_line' id='line_1_25' title="bbox 312 3104 1447 3190; baseline 0.001 -24"><span class='ocrx_word' id='word_1_188' title='bbox 312 3104 389 3167; x_wconf 88' lang='lat' dir='ltr'>bilia</span> <span class='ocrx_word' id='word_1_189' title='bbox 420 3109 508 3169; x_wconf 89' lang='lat' dir='ltr'>tanta</span> <span class='ocrx_word' id='word_1_190' title='bbox 542 3107 752 3171; x_wconf 86' lang='lat' dir='ltr'>committant.</span> <span class='ocrx_word' id='word_1_191' title='bbox 785 3105 846 3185; x_wconf 83' lang='lat' dir='ltr'>Qui</span> <span class='ocrx_word' id='word_1_192' title='bbox 876 3108 903 3171; x_wconf 93' lang='lat' dir='ltr'>si</span> <span class='ocrx_word' id='word_1_193' title='bbox 931 3127 987 3190; x_wconf 92' lang='lat' dir='ltr'>pro</span> <span class='ocrx_word' id='word_1_194' title='bbox 1021 3127 1082 3172; x_wconf 90' lang='lat' dir='ltr'>uno</span> <span class='ocrx_word' id='word_1_195' title='bbox 1116 3109 1235 3172; x_wconf 88' lang='lat' dir='ltr'>scelere</span> <span class='ocrx_word' id='word_1_196' title='bbox 1269 3109 1370 3172; x_wconf 90' lang='lat' dir='ltr'>omnia</span> <span class='ocrx_word' id='word_1_197' title='bbox 1399 3124 1447 3170; x_wconf 87' lang='lat' dir='ltr'>sua</span> 
     </span>
     <span class='ocr_line' id='line_1_26' title="bbox 312 3209 1480 3296; baseline 0.001 -23"><span class='ocrx_word' id='word_1_198' title='bbox 312 3209 538 3276; x_wconf 88' lang='lat' dir='ltr'>distribuerent</span> <span class='ocrx_word' id='word_1_199' title='bbox 565 3211 783 3296; x_wconf 88' lang='lat' dir='ltr'>indigentibus</span> <span class='ocrx_word' id='word_1_200' title='bbox 812 3214 963 3277; x_wconf 87' lang='lat' dir='ltr'>membris</span> <span class='ocrx_word' id='word_1_201' title='bbox 989 3213 1117 3289; x_wconf 81' lang='lat' dir='ltr'>Christi,</span> <span class='ocrx_word' id='word_1_202' title='bbox 1146 3213 1206 3279; x_wconf 92' lang='lat' dir='ltr'>nisi</span> <span class='ocrx_word' id='word_1_203' title='bbox 1232 3215 1414 3279; x_wconf 89' lang='lat' dir='ltr'>desisterent</span> <span class='ocrx_word' id='word_1_204' title='bbox 1433 3231 1480 3275; x_wconf 73' lang='lat' dir='ltr'>aa</span> 
     </span>
     <span class='ocr_line' id='line_1_27' title="bbox 311 3317 1445 3405; baseline 0.009 -26"><span class='ocrx_word' id='word_1_205' title='bbox 311 3317 431 3381; x_wconf 87' lang='lat' dir='ltr'>talibus</span> <span class='ocrx_word' id='word_1_206' title='bbox 464 3317 558 3381; x_wconf 87' lang='lat' dir='ltr'>factis</span> <span class='ocrx_word' id='word_1_207' title='bbox 591 3318 734 3383; x_wconf 89' lang='lat' dir='ltr'>habendo</span> <span class='ocrx_word' id='word_1_208' title='bbox 769 3320 941 3402; x_wconf 86' lang='lat' dir='ltr'>caritatem,</span> <span class='ocrx_word' id='word_1_209' title='bbox 976 3339 1055 3402; x_wconf 86' lang='lat' dir='ltr'>qnae</span> <span class='ocrx_word' id='word_1_210' title='bbox 1088 3341 1148 3386; x_wconf 93' lang='lat' dir='ltr'>non</span> <span class='ocrx_word' id='word_1_211' title='bbox 1182 3322 1251 3404; x_wconf 86' lang='lat' dir='ltr'>agit</span> <span class='ocrx_word' id='word_1_212' title='bbox 1287 3339 1445 3405; x_wconf 68' lang='lat' dir='ltr'>perperam,</span> 
     </span>
     <span class='ocr_line' id='line_1_28' title="bbox 311 3422 1446 3511; baseline 0 -25"><span class='ocrx_word' id='word_1_213' title='bbox 311 3423 432 3505; x_wconf 87' lang='lat' dir='ltr'>aliquid</span> <span class='ocrx_word' id='word_1_214' title='bbox 464 3423 511 3486; x_wconf 90' lang='lat' dir='ltr'>eis</span> <span class='ocrx_word' id='word_1_215' title='bbox 543 3422 693 3508; x_wconf 89' lang='lat' dir='ltr'>prodesse</span> <span class='ocrx_word' id='word_1_216' title='bbox 725 3444 786 3488; x_wconf 92' lang='lat' dir='ltr'>non</span> <span class='ocrx_word' id='word_1_217' title='bbox 820 3429 937 3508; x_wconf 89' lang='lat' dir='ltr'>potest.</span> <span class='ocrx_word' id='word_1_218' title='bbox 972 3424 1034 3504; x_wconf 83' lang='lat' dir='ltr'>Qui</span> <span class='ocrx_word' id='word_1_219' title='bbox 1062 3445 1136 3510; x_wconf 88' lang='lat' dir='ltr'>ergo</span> <span class='ocrx_word' id='word_1_220' title='bbox 1166 3427 1278 3510; x_wconf 88' lang='lat' dir='ltr'>dignas</span> <span class='ocrx_word' id='word_1_221' title='bbox 1305 3447 1359 3511; x_wconf 92' lang='lat' dir='ltr'>pro</span> <span class='ocrx_word' id='word_1_222' title='bbox 1389 3425 1446 3489; x_wconf 91' lang='lat' dir='ltr'>suis</span> 
     </span>
     <span class='ocr_line' id='line_1_29' title="bbox 310 3530 1444 3617; baseline -0.001 -24"><span class='ocrx_word' id='word_1_223' title='bbox 310 3530 449 3611; x_wconf 88' lang='lat' dir='ltr'>peccatis</span> <span class='ocrx_word' id='word_1_224' title='bbox 479 3531 676 3614; x_wconf 77' lang='lat' dir='ltr'>elemosynas</span> <span class='ocrx_word' id='word_1_225' title='bbox 704 3531 790 3610; x_wconf 84' lang='lat' dir='ltr'>lacit,</span> <span class='ocrx_word' id='word_1_226' title='bbox 819 3533 907 3614; x_wconf 90' lang='lat' dir='ltr'>prius</span> <span class='ocrx_word' id='word_1_227' title='bbox 938 3553 990 3598; x_wconf 87' lang='lat' dir='ltr'>cas</span> <span class='ocrx_word' id='word_1_228' title='bbox 1020 3534 1122 3598; x_wconf 88' lang='lat' dir='ltr'>lacere</span> <span class='ocrx_word' id='word_1_229' title='bbox 1145 3534 1259 3617; x_wconf 88' lang='lat' dir='ltr'>incipit</span> <span class='ocrx_word' id='word_1_230' title='bbox 1283 3555 1301 3599; x_wconf 90' lang='lat' dir='ltr'>a</span> <span class='ocrx_word' id='word_1_231' title='bbox 1324 3553 1355 3599; x_wconf 91' lang='lat' dir='ltr'>sc</span> <span class='ocrx_word' id='word_1_232' title='bbox 1375 3533 1444 3616; x_wconf 93' lang='lat' dir='ltr'>ipso.</span> 
     </span>
    </p>
   </div>
   <div class='ocr_carea' id='block_1_3' title="bbox 400 3791 898 3862">
    <p class='ocr_par' dir='ltr' id='par_1_3' title="bbox 400 3791 898 3862">
     <span class='ocr_line' id='line_1_30' title="bbox 400 3791 898 3862; baseline 0.006 -18"><span class='ocrx_word' id='word_1_233' title='bbox 400 3791 502 3844; x_wconf 80' lang='lat' dir='ltr'>1rn1c.</span> <span class='ocrx_word' id='word_1_234' title='bbox 522 3791 583 3856; x_wconf 80' lang='lat' dir='ltr'>aa</span> <span class='ocrx_word' id='word_1_235' title='bbox 638 3793 672 3847; x_wconf 86' lang='lat' dir='ltr'>aa</span> <span class='ocrx_word' id='word_1_236' title='bbox 693 3792 716 3846; x_wconf 91' lang='lat'>1.</span> <span class='ocrx_word' id='word_1_237' title='bbox 737 3791 797 3846; x_wconf 78' lang='lat' dir='ltr'>cor.</span> <span class='ocrx_word' id='word_1_238' title='bbox 820 3793 898 3862; x_wconf 76' lang='lat' dir='ltr'>raa</span> 
     </span>
    </p>
   </div>
   <div class='ocr_carea' id='block_1_4' title="bbox 308 3913 1444 4434">
    <p class='ocr_par' dir='ltr' id='par_1_4' title="bbox 308 3913 1444 4434">
     <span class='ocr_line' id='line_1_31' title="bbox 347 3913 1444 3992; baseline 0.005 -28"><span class='ocrx_word' id='word_1_239' title='bbox 347 3913 359 3964; x_wconf 94' lang='lat'>1</span> <span class='ocrx_word' id='word_1_240' title='bbox 380 3916 493 3982; x_wconf 85' lang='lat' dir='ltr'>peccata</span> <span class='ocrx_word' id='word_1_241' title='bbox 510 3929 586 3982; x_wconf 81' lang='lat' dir='ltr'>oass.;</span> <span class='ocrx_word' id='word_1_242' title='bbox 605 3918 718 3982; x_wconf 87' lang='lat' dir='ltr'>peccata</span> <span class='ocrx_word' id='word_1_243' title='bbox 737 3918 828 3968; x_wconf 86' lang='lat' dir='ltr'>uestra</span> <span class='ocrx_word' id='word_1_244' title='bbox 846 3932 862 3969; x_wconf 86' lang='lat' dir='ltr'><strong><em>v</em></strong></span> <span class='ocrx_word' id='word_1_245' title='bbox 926 3919 943 3970; x_wconf 78' lang='grc'>4</span> <span class='ocrx_word' id='word_1_246' title='bbox 962 3916 1085 3971; x_wconf 85' lang='lat' dir='ltr'>discedat</span> <span class='ocrx_word' id='word_1_247' title='bbox 1106 3919 1266 3992; x_wconf 77' lang='lat' dir='ltr'>ubeppe;</span> <span class='ocrx_word' id='word_1_248' title='bbox 1284 3917 1403 3974; x_wconf 86' lang='lat' dir='ltr'>descedat</span> <span class='ocrx_word' id='word_1_249' title='bbox 1418 3931 1444 3985; x_wconf 82' lang='lat' dir='ltr'>p:</span> 
     </span>
     <span class='ocr_line' id='line_1_32' title="bbox 309 3998 1443 4074; baseline 0.004 -22"><span class='ocrx_word' id='word_1_250' title='bbox 309 3998 484 4055; x_wconf 79' lang='lat' dir='ltr'>discedente</span> <span class='ocrx_word' id='word_1_251' title='bbox 610 4005 627 4056; x_wconf 89' lang='lat'>6</span> <span class='ocrx_word' id='word_1_252' title='bbox 651 4010 822 4057; x_wconf 87' lang='lat' dir='ltr'>commonent</span> <span class='ocrx_word' id='word_1_253' title='bbox 847 4005 1032 4074; x_wconf 88' lang='lat' dir='ltr'>eleemosynas</span> <span class='ocrx_word' id='word_1_254' title='bbox 1051 4024 1066 4060; x_wconf 88' lang='lat' dir='ltr'>o</span> <span class='ocrx_word' id='word_1_255' title='bbox 1175 4004 1404 4074; x_wconf 77' lang='lat' dir='ltr'>corrrrnonentelle,</span> <span class='ocrx_word' id='word_1_256' title='bbox 1421 4003 1443 4056; x_wconf 88' lang='lat' dir='ltr'>le</span> 
     </span>
     <span class='ocr_line' id='line_1_33' title="bbox 308 4093 1442 4161; baseline 0.003 -20"><span class='ocrx_word' id='word_1_257' title='bbox 308 4105 418 4157; x_wconf 59' lang='lat' dir='ltr'>eramo</span> <span class='ocrx_word' id='word_1_258' title='bbox 490 4093 555 4154; x_wconf 77' lang='lat' dir='ltr'>Set</span> <span class='ocrx_word' id='word_1_259' title='bbox 574 4093 668 4146; x_wconf 86' lang='lat' dir='ltr'>cottid.</span> <span class='ocrx_word' id='word_1_260' title='bbox 686 4111 705 4161; x_wconf 82' lang='lat' dir='ltr'>p</span> <span class='ocrx_word' id='word_1_261' title='bbox 789 4095 1184 4149; x_wconf 72' lang='lat' dir='ltr'>ilmisericordia..dininac</span> <span class='ocrx_word' id='word_1_262' title='bbox 1273 4098 1306 4152; x_wconf 87' lang='grc'>10</span> <span class='ocrx_word' id='word_1_263' title='bbox 1324 4113 1374 4150; x_wconf 87' lang='lat' dir='ltr'>rem</span> <span class='ocrx_word' id='word_1_264' title='bbox 1392 4109 1442 4146; x_wconf 79' lang='lat' dir='ltr'>ser</span> 
     </span>
     <span class='ocr_line' id='line_1_34' title="bbox 311 4179 1440 4252; baseline 0.004 -22"><span class='ocrx_word' id='word_1_265' title='bbox 311 4179 341 4230; x_wconf 92' lang='lat' dir='ltr'>ll</span> <span class='ocrx_word' id='word_1_266' title='bbox 363 4184 505 4247; x_wconf 85' lang='lat' dir='ltr'>cogeretur</span> <span class='ocrx_word' id='word_1_267' title='bbox 522 4180 603 4234; x_wconf 80' lang='lat' dir='ltr'>lateri</span> <span class='ocrx_word' id='word_1_268' title='bbox 622 4182 736 4250; x_wconf 88' lang='lat' dir='ltr'>posscb</span> <span class='ocrx_word' id='word_1_269' title='bbox 839 4183 871 4235; x_wconf 84' lang='grc'>12</span> <span class='ocrx_word' id='word_1_270' title='bbox 891 4182 977 4236; x_wconf 87' lang='lat' dir='ltr'>decim</span> <span class='ocrx_word' id='word_1_271' title='bbox 996 4184 1178 4252; x_wconf 79' lang='lat' dir='ltr'>nummolisy</span> <span class='ocrx_word' id='word_1_272' title='bbox 1287 4181 1440 4238; x_wconf 83' lang='lat' dir='ltr'>dintnmisb</span> 
     </span>
     <span class='ocr_line' id='line_1_35' title="bbox 310 4267 1439 4342; baseline 0.001 -24"><span class='ocrx_word' id='word_1_273' title='bbox 310 4267 342 4319; x_wconf 88' lang='grc'>13</span> <span class='ocrx_word' id='word_1_274' title='bbox 362 4267 484 4335; x_wconf 81' lang='lat' dir='ltr'>expensis</span> <span class='ocrx_word' id='word_1_275' title='bbox 505 4287 522 4320; x_wconf 88' lang='grc' dir='ltr'>α</span> <span class='ocrx_word' id='word_1_276' title='bbox 596 4268 628 4322; x_wconf 88' lang='grc'>14</span> <span class='ocrx_word' id='word_1_277' title='bbox 648 4274 710 4323; x_wconf 87' lang='lat' dir='ltr'>cto</span> <span class='ocrx_word' id='word_1_278' title='bbox 801 4273 989 4326; x_wconf 79' lang='lat' dir='ltr'>inanissimum</span> <span class='ocrx_word' id='word_1_279' title='bbox 1009 4291 1027 4325; x_wconf 87' lang='lat' dir='ltr'>a</span> <span class='ocrx_word' id='word_1_280' title='bbox 1105 4273 1140 4326; x_wconf 85' lang='grc'>20</span> <span class='ocrx_word' id='word_1_281' title='bbox 1159 4274 1275 4342; x_wconf 90' lang='lat' dir='ltr'>primum</span> <span class='ocrx_word' id='word_1_282' title='bbox 1296 4276 1349 4342; x_wconf 86' lang='lat' dir='ltr'>bo‚·</span> <span class='ocrx_word' id='word_1_283' title='bbox 1365 4271 1439 4342; x_wconf 87' lang='lat' dir='ltr'>primo</span> 
     </span>
     <span class='ocr_line' id='line_1_36' title="bbox 308 4357 1439 4434; baseline 0.007 -28"><span class='ocrx_word' id='word_1_284' title='bbox 308 4369 455 4423; x_wconf 79' lang='lat' dir='ltr'>aepppa</span> <span class='ocrx_word' id='word_1_285' title='bbox 491 4357 665 4425; x_wconf 81' lang='lat' dir='ltr'>23seom.p</span> <span class='ocrx_word' id='word_1_286' title='bbox 702 4359 879 4428; x_wconf 81' lang='lat' dir='ltr'>27dignusp</span> <span class='ocrx_word' id='word_1_287' title='bbox 918 4357 1439 4434; x_wconf 67' lang='lat' dir='ltr'>aaincipiobeamineipiatononh</span> 
     </span>
    </p>
   </div>
   <div class='ocr_carea' id='block_1_5' title="bbox 0 0 1600 4953">
    <p class='ocr_par' dir='ltr' id='par_1_5' title="bbox 0 0 1600 4953">
     <span class='ocr_line' id='line_1_37' title="bbox 0 0 1600 4953; baseline 0 0"><span class='ocrx_word' id='word_1_288' title='bbox 0 0 1600 4953; x_wconf 95' lang='lat' dir='ltr'> </span> 
     </span>
    </p>
   </div>
  </div>
 </body>
</html>
