3192 4959
320 453 382 516 140
659 449 686 501 S.
715 447 872 502 Aurelii
899 445 1119 516 Augustini

317 645 413 710 areeri
438 643 515 726 quid
538 645 682 726 oporteat
704 640 757 706 uel
781 640 966 723 oportuerit,
988 639 1059 723 ipse
1082 638 1183 716 nouit,
1207 640 1312 705 sciens
1337 640 1465 705 uniuer-

318 751 422 817 sitatis
449 750 720 834 pulehritudinem
749 767 885 832 quarum
912 747 1051 830 partium
1082 748 1136 812 uel
1167 745 1379 812 similitudine
1410 749 1465 812 uel

317 857 502 923 diuersitate
526 859 679 922 contexat.
704 853 766 921 Sed
789 853 845 938 qui
867 857 971 920 totum
995 852 1150 937 inspicere
1167 872 1229 919 non
1247 856 1365 936 potest,
1383 855 1464 918 tam-

317 983 411 1046 quam
440 963 640 1029 deformitate
668 961 768 1045 partis
797 960 977 1040 offenditur,
1001 960 1148 1043 quoniam
1178 959 1231 1025 aui
1255 964 1410 1044 congruat
1431 963 1467 1025 et

317 1089 379 1154 quo
399 1069 554 1134 referatur
570 1069 705 1154 ignorat.
726 1066 878 1133 Pluribus
898 1086 993 1150 quam
1013 1066 1116 1149 quinis
1136 1063 1246 1150 digitis
1264 1066 1297 1130 in
1315 1065 1464 1132 manibus
1494 1085 1506 1124 a

316 1174 507 1259 etpedibus
531 1175 619 1241 nasei
642 1175 787 1240 homines
811 1173 975 1250 nouimus3
1008 1176 1041 1238 et
1069 1174 1148 1238 liaeo
1169 1171 1273 1239 leuior
1294 1176 1347 1238 est
1368 1193 1465 1256 quam

316 1284 382 1348 ulla
410 1281 574 1356 distantia3
605 1280 661 1345 sed
690 1284 795 1344 tamen
824 1279 919 1357 absit,
946 1285 985 1343 ut
1008 1278 1079 1363 quis
1102 1279 1149 1344 ita
1170 1278 1318 1363 desipiat,
1340 1283 1380 1344 ut
1403 1279 1464 1343 exi·

317 1389 425 1455 stimet
456 1387 487 1452 iu
521 1406 651 1452 numero
679 1385 890 1452 humanorum
920 1385 1092 1471 digitorum
1121 1405 1242 1452 enasse
1270 1385 1464 1465 Creatorem,

316 1495 463 1578 quamuis
490 1495 634 1560 nesciens
664 1512 746 1576 quur
773 1493 833 1559 hoo
861 1492 983 1558 feeerit.
1011 1494 1062 1557 lta
1085 1493 1147 1558 etsi
1169 1492 1270 1557 maior
1291 1492 1465 1558 diuersitas

316 1603 445 1678 oriatur,
475 1600 537 1666 soit
564 1601 618 1665 ille
648 1600 724 1683 quid
752 1601 862 1684 egerit,
892 1598 984 1665 ouius
1013 1617 1108 1681 opera
1133 1600 1219 1664 iuste
1242 1617 1335 1664 nemo
1359 1618 1464 1682 repre
1482 1617 1507 1658 ro

315 1709 435 1773 hendit.
455 1710 543 1791 Aput
560 1707 739 1791 Hipponem
759 1707 899 1772 Zaritum
919 1711 970 1772 est
988 1708 1083 1772 homo
1099 1708 1190 1790 quasi
1203 1707 1330 1772 lunatas
1342 1707 1465 1773 habens

315 1815 439 1899 plantas
464 1819 496 1879 et
517 1814 549 1879 in
574 1815 619 1880 eis
643 1813 736 1880 binos
758 1815 979 1879 tantummodo
999 1813 1129 1899 digitos,
1148 1813 1270 1879 similes
1289 1817 1323 1880 et
1341 1833 1465 1878 manus.

317 1920 351 1987 Si
379 1921 485 2002 aliqua
512 1940 589 2006 gens
616 1920 691 1986 talis
720 1923 816 1994 esset,
840 1920 889 1986 illi
912 1920 1057 1985 curiosae
1080 1920 1183 2003 adque
1206 1920 1346 1986 mirabili
1370 1919 1465 1985 adde·

314 2031 401 2092 retur
430 2027 592 2094 historiae.
620 2025 706 2092 Num
733 2027 834 2112 igitur
856 2027 957 2091 istum
979 2030 1109 2110 propter
1130 2028 1190 2093 hoo
1214 2027 1404 2111 negabimus
1426 2047 1465 2092 er

314 2135 370 2200 illo
399 2153 473 2214 uno,
506 2135 560 2218 qui
588 2134 710 2218 primus
738 2137 864 2199 oreatus
893 2136 952 2211 est,
986 2153 1056 2199 essa
1079 2137 1310 2218 propagatum?
1343 2134 1465 2200 Andro·
1482 2153 1507 2193 ra

316 2241 400 2325 gyni,
429 2259 509 2323 quos
538 2240 634 2306 etiam
652 2240 935 2325 Hermaphroditos
960 2245 1155 2323 nuneupaut,
1183 2242 1331 2324 quamuis
1355 2241 1464 2305 admo
1577 2304 1578 2307 ,

315 2348 390 2412 dum
423 2347 484 2412 rari
517 2347 590 2428 sint,
624 2347 752 2412 difficile
787 2351 971 2412 esttamen
999 2351 1037 2412 ut
1063 2348 1261 2431 temporibus
1286 2347 1401 2425 desint,
1430 2349 1464 2412 in
1577 2360 1579 2459 1

315 2455 431 2536 quibus
460 2453 506 2518 sie
534 2457 667 2536 uterque
696 2471 789 2520 serus
813 2457 953 2538 apparet,
976 2458 1024 2530 ut,
1048 2473 1085 2519 ex
1108 2472 1172 2537 qno
1195 2455 1303 2538 potius
1326 2453 1465 2520 debeant

315 2560 456 2643 aooipare
486 2579 610 2634 nomen,
642 2560 800 2625 incertum
834 2561 891 2636 sit;
924 2579 943 2624 a
974 2561 1104 2626 meliore
1131 2564 1247 2639 tamen,
1280 2562 1342 2626 hoe
1370 2565 1464 2626 esta

314 2667 501 2744 masculino,
529 2669 568 2730 ut
593 2667 839 2750 appellarentur,
867 2667 1019 2749 loquendi
1047 2668 1244 2734 eonsuetudo
1271 2667 1462 2750 praeualuit
1480 2687 1506 2726 aa

314 2772 395 2836 Nam
418 2792 510 2838 nemo
536 2791 685 2856 umquam
707 2757 972 2858 Androgyuaeeas
1000 2777 1056 2839 aut
1077 2774 1359 2857 Hermaphroditus
1383 2795 1463 2840 nun·

315 2879 456 2962 oupardt.
479 2877 563 2944 Ante
587 2897 683 2944 annos
707 2880 840 2962 aliquot,
864 2883 972 2946 nostra
990 2885 1075 2945 eerte
1093 2880 1256 2957 memoria,
1278 2879 1311 2944 in
1332 2879 1463 2947 Oriente
1575 2928 1577 2983 p

315 2984 429 3066 duplex
465 2983 559 3049 homo
596 2987 690 3049 uatus
724 2989 773 3050 est
810 2985 1028 3069 superioribus
1059 2987 1221 3064 membris,
1257 2986 1462 3058 inferioribus
1574 3050 1575 3059 ,

315 3089 457 3174 simplex.
481 3089 562 3155 Nam
587 3092 649 3158 duo
674 3098 762 3158 erant
785 3093 898 3175 eapita,
923 3094 986 3158 duo
1009 3097 1147 3176 pectora,
1168 3097 1320 3176 quattuor
1337 3115 1462 3172 manus,

314 3201 425 3260 uenter
452 3199 559 3262 autem
586 3217 681 3274 unus,
706 3200 739 3262 at
760 3198 857 3279 pedes
883 3198 956 3275 duo,
986 3199 1072 3263 siout
1094 3200 1148 3263 nni
1172 3199 1309 3276 homini;
1339 3205 1373 3264 et
1397 3205 1461 3265 tam
1478 3217 1506 3260 eo
1574 3210 1576 3245 l

315 3302 368 3367 diu
401 3302 492 3381 uixit,
525 3307 562 3368 ut
594 3305 713 3369 multos
747 3305 785 3368 ad
820 3325 891 3369 euru
925 3304 1101 3370 uidendum
1133 3307 1219 3370 fama
1251 3307 1460 3372 eontraheret
1573 3296 1574 3303 ἵ

315 3407 394 3489 Quis
418 3412 525 3474 autem
549 3428 658 3475 omnes
683 3429 929 3476 commemorare
952 3413 1057 3495 possit
1079 3412 1234 3477 humanos
1256 3413 1344 3478 fetus
1366 3413 1461 3498 longe

349 3720 365 3774 2
384 3719 428 3774 uel
448 3727 514 3775 ante
532 3721 611 3779 simil.
626 3739 678 3777 om.
698 3722 723 3776 V
775 3723 819 3777 uel
840 3727 869 3787 et
886 3723 1065 3779 similitudine
1084 3725 1129 3780 uel
1148 3724 1338 3780 diuersitatee
1374 3726 1460 3780 'lulla

313 3809 404 3878 bepp
422 3809 536 3876 Domb.;
553 3809 602 3864 illa
624 3811 702 3866 Van
792 3813 809 3866 9
828 3813 906 3881 quasi
924 3829 995 3866 nese.
1010 3830 1033 3881 p
1119 3813 1153 3869 10
1166 3819 1232 3883 post
1250 3815 1424 3885 reprehendit
1436 3831 1462 3883 p

313 3896 408 3952 habet:
431 3897 537 3953 Marcus
562 3901 733 3970 euangelista
757 3900 837 3955 dixit:
862 3900 969 3955 domine
992 3901 1055 3955 lesu
1077 3901 1145 3972 Xpe.
1169 3907 1201 3956 ut
1224 3904 1290 3974 quid
1312 3903 1460 3973 molonga

313 3988 452 4041 annotasti
469 3991 574 4057 ispeotu
592 3991 641 4042 tuo
662 3989 793 4059 originem
815 3989 911 4044 ducere
981 3992 1010 4044 11
1031 3990 1159 4061 ipponem
1183 3991 1314 4062 Vabpp
1386 3993 1461 4046 Zari-

312 4077 370 4128 turn
394 4073 510 4148 Vdpp5
534 4076 634 4130 narium
659 4095 692 4146 a‚·
715 4076 844 4132 diaritum
867 4095 948 4149 ομ·
969 4079 1145 4149 Diarrhytum
1168 4097 1185 4135 o
1293 4083 1328 4135 14
1350 4065 1462 4152 propter

313 4152 443 4218 istumV
511 4165 721 4233 negauimusV
791 4184 822 4220 ex
841 4185 894 4221 uno
912 4167 991 4222 illoo
1055 4167 1248 4238 1511111111ι
1317 4171 1461 4225 litterate

312 4269 393 4308 maso.
412 4271 463 4308 om.
483 4253 509 4306 V
551 4257 583 4308 21
605 4256 793 4326 androginieas
813 4273 866 4326 ⁶95
884 4256 1063 4326 androgineas
1081 4273 1201 4326 marga
1254 4259 1289 4312 22
1308 4257 1462 4330 aliquosp'

312 4343 346 4394 25
365 4346 455 4395 tamen
476 4341 521 4396 din
546 4343 572 4396 V
623 4345 657 4398 26
676 4345 927 4399 10111111111111111ι
981 4347 1015 4398 27
1034 4347 1121 4399 omnis
1140 4362 1153 4400 e
