3192 4959
312 447 376 509 620
660 444 685 496 S.
715 445 872 497 Aurelii
900 443 1118 513 Augustini

312 641 396 701 certe
429 637 542 714 maius,
576 656 671 718 quam
702 636 735 700 in
767 637 832 700 ista
863 655 936 702 esse
965 636 1165 719 corruptione
1193 637 1310 718 potnit,
1343 638 1376 701 in
1409 639 1461 702 illa

310 744 374 807 iam
401 742 627 808 inmortalitate
656 761 727 808 esso
755 742 908 807 debebit?
942 742 976 809 si
1004 747 1112 808 autem
1139 741 1201 809 nori
1229 744 1359 824 redibit,
1389 765 1460 828 ergo

311 849 433 930 peribit
463 849 532 929 Quo
560 850 655 913 modo
678 849 787 933 igitur,
812 849 969 931 inquiunt,
1000 849 1135 932 capillus
1160 851 1274 934 capitis
1298 871 1360 915 non
1385 853 1461 934 peri-

311 957 382 1020 bit?
418 956 466 1020 De
501 955 604 1020 macie
637 975 761 1038 quoque
798 957 852 1020 uel
883 956 1074 1040 pinguedine
1107 957 1257 1022 similiter
1288 959 1459 1040 disputant.

312 1062 394 1127 Nam
428 1063 456 1126 si
487 1062 636 1144 aequales
671 1081 782 1126 omues
813 1065 915 1140 erunt,
948 1082 1010 1128 non
1038 1063 1150 1145 utique
1179 1064 1234 1128 alii
1267 1065 1378 1144 macri,
1409 1066 1490 1129 aliis

311 1170 447 1252 pingues
475 1173 576 1233 erunt.
604 1168 744 1233 Accedet
768 1189 844 1253 ergo
869 1169 941 1234 aliis
966 1168 1097 1252 aliquid,
1126 1171 1198 1236 aliis
1222 1171 1403 1246 minuetum
1426 1191 1458 1236 ac

311 1294 367 1357 per
394 1276 455 1341 hoc
482 1296 555 1351 non,
584 1275 669 1359 quod
697 1280 774 1352 erat,
804 1275 1031 1360 recipiendum,
1061 1276 1117 1340 sed
1141 1277 1259 1342 alicubi
1284 1277 1456 1342 addendum

312 1385 372 1458 est,
397 1382 482 1464 quod
504 1402 565 1447 non
588 1383 660 1461 fuit,
685 1386 717 1447 et
740 1383 860 1448 alicubi
883 1383 1087 1466 perdendum,
1112 1382 1196 1466 quod
1220 1383 1292 1448 fuit.

355 1489 404 1554 De
435 1489 514 1572 ipsis
548 1490 645 1554 etiam
678 1491 934 1573 corruptionibus
968 1495 1000 1555 et
1028 1491 1261 1572 dilapsionibus
1296 1510 1456 1575 corporum

312 1601 520 1673 mortuorum,
551 1616 624 1662 cum
652 1596 741 1662 aliud
768 1601 913 1662 uertatur
939 1598 969 1662 in
997 1599 1175 1680 puluerem,
1203 1597 1233 1661 in
1259 1617 1352 1662 auras
1377 1599 1455 1662 eliud
1471 1615 1489 1650 u

313 1703 486 1781 exhaletur,
511 1705 575 1767 sint
599 1723 679 1786 quos
702 1704 836 1782 bestiae,
866 1704 931 1770 sint
954 1723 1034 1786 quos
1057 1704 1141 1788 ignis
1165 1705 1318 1782 absumit,
1342 1706 1454 1769 nauhu·

312 1810 364 1894 gio
397 1812 449 1874 uel
482 1811 736 1894 quibuscumque
766 1810 858 1894 aquis
886 1811 932 1875 ita
960 1811 1089 1893 quidam
1116 1816 1257 1893 pereant,
1289 1815 1327 1875 ut
1354 1831 1453 1877 eorum

313 1935 421 1980 carnes
449 1918 480 1982 in
505 1938 647 1984 umorem
671 1919 806 2000 putredo
832 1919 999 1997 dissoluat,
1029 1938 1090 1983 non
1115 1919 1319 1984 mediocriter
1341 1939 1453 2003 permo-

313 2026 428 2087 uentur
458 2024 561 2106 adque
590 2023 695 2088 omnia
722 2025 786 2089 ista
812 2023 956 2107 recolligi
984 2024 1015 2088 in
1045 2041 1171 2088 carnem
1200 2027 1232 2088 et
1255 2024 1453 2108 redintegrari

311 2149 406 2212 posse
433 2149 495 2194 non
524 2129 663 2195 credunt.
692 2128 926 2195 Consectantur
949 2131 1045 2195 etiam
1070 2149 1213 2214 quasque
1236 2131 1404 2195 foeditates
1426 2136 1453 2194 et
1469 2153 1487 2192 u

312 2225 401 2314 uitia,
430 2238 499 2301 siue
528 2237 674 2302 accidant
697 2239 766 2302 siue
790 2241 970 2316 nascantur,
995 2238 1050 2302 ubi
1074 2241 1107 2302 et
1130 2240 1328 2303 monstrosos
1350 2239 1450 2318 partus

312 2363 386 2408 oum
409 2343 535 2408 horrore
554 2344 656 2427 adque
674 2345 827 2409 inrisione
846 2347 1103 2422 commemorant,
1124 2348 1156 2408 et
1173 2345 1348 2426 requirunt,
1368 2361 1451 2425 qnae·
1559 2357 1560 2386 ³

311 2470 383 2514 num
422 2451 577 2533 cuiusque
610 2450 819 2516 deformitatis
857 2451 1047 2516 resurrectio
1080 2451 1123 2514 sit
1154 2451 1273 2515 futura.
1308 2445 1340 2515 Si
1376 2450 1449 2514 eninr

313 2557 391 2621 nihil
423 2559 487 2622 tale
510 2557 611 2621 redire
640 2557 671 2620 in
700 2575 814 2639 corpus
844 2557 981 2621 hominis
1014 2557 1194 2634 dixerimus,
1222 2557 1447 2639 responsionem

313 2667 449 2728 nostram
480 2665 518 2728 de
541 2665 622 2730 locis
650 2664 829 2739 uulnerum,
860 2683 932 2728 cnm
958 2664 1074 2745 quibus
1099 2664 1273 2728 Dominum
1298 2663 1447 2728 Christum
1464 2683 1486 2720 a»

311 2772 519 2836 resurrexisse
552 2771 780 2854 praedicamus,
819 2791 852 2834 se
890 2772 1108 2836 confutaturos
1141 2789 1211 2836 esse
1244 2771 1446 2853 praesumunt

313 2875 374 2942 Sed
401 2878 483 2942 inter
510 2878 588 2943 haec
612 2879 716 2942 omnia
740 2878 885 2959 quaestio
910 2878 1100 2942 difficillima
1126 2877 1182 2943 illa
1205 2878 1395 2962 proponitur,
1419 2874 1446 2936 in
1558 2913 1559 2968 3

312 2983 404 3047 cuius
428 3003 552 3048 carnem
575 2983 715 3048 reditura
738 2985 782 3048 sit
806 3002 888 3061 caro,
918 3003 980 3066 qua
1005 3003 1118 3068 corpus
1143 2985 1276 3049 alterius
1300 2981 1446 3049 uescentis

313 3089 450 3154 humana
477 3091 600 3155 uiscera
626 3091 710 3154 fame
734 3091 932 3172 conpellente
957 3092 1106 3156 nutritur.
1135 3091 1170 3155 ln
1195 3109 1319 3156 carnem
1343 3089 1445 3172 quippe

313 3215 465 3262 conuersa
497 3203 546 3261 est
577 3198 657 3275 eius,
691 3197 745 3280 qui
777 3197 896 3262 talibus
929 3197 1010 3262 uixit
1037 3197 1207 3274 alimentis,
1241 3201 1275 3263 et
1302 3217 1345 3274 ea,
1376 3212 1445 3276 quae
1461 3211 1485 3250 ²⁵

312 3303 430 3368 macies
467 3304 658 3381 ostenderat,
700 3305 891 3369 detrimenta
932 3305 1103 3388 subpleuit.
1145 3304 1262 3370 Utrum
1300 3323 1369 3388 ergo
1401 3299 1444 3364 illi
1557 3381 1558 3396 3

313 3410 422 3475 redeat
451 3411 572 3476 homini
609 3411 700 3476 cuius
733 3429 805 3476 caro
842 3412 931 3494 prius
964 3411 1036 3488 fuit,
1070 3431 1109 3476 an
1145 3409 1194 3476 illi
1226 3412 1333 3494 potius
1363 3407 1443 3472 cuins

313 3521 424 3599 postea
445 3519 529 3582 factu
553 3521 612 3595 est,
637 3519 676 3583 ad
698 3518 758 3582 hoc
781 3522 1016 3600 percontentur,
1040 3523 1077 3584 ut
1100 3517 1194 3582 fidem
1219 3512 1443 3583 resurrectionis

350 3783 362 3833 l
383 3781 506 3850 nragisp
609 3779 638 3832 in
656 3780 705 3832 illa
722 3779 776 3832 iarn
795 3779 992 3833 inmortalitate
1012 3795 1089 3846 epau
1107 3779 1134 3832 in
1153 3777 1203 3832 illa
1221 3779 1250 3832 id
1270 3785 1284 3833 d
1303 3779 1397 3832 inmort
1414 3771 1444 3827 b:

311 3870 340 3923 in
358 3870 408 3924 illa
425 3868 621 3922 inmortalitate
641 3885 715 3935 opor
733 3867 849 3934 Domb‚;
866 3867 893 3920 iu
914 3867 962 3920 illo
980 3873 1059 3946 mort.
1080 3885 1094 3936 ρ
1191 3867 1208 3920 3
1228 3865 1362 3933 Quomodo
1371 3901 1441 3918 .....

312 3986 413 4057 peribit
430 3985 517 4039 crab
589 3985 674 4053 igitur
692 3999 768 4049 uasa,
788 3999 887 4052 ergov
961 3947 1246 4052 capillus—peribibe
1323 3981 1378 4035 Set
1394 3975 1439 4028 ali·

312 4075 474 4131 cubi..fuit
493 4091 543 4127 om.
564 4073 618 4142 12¹0
671 4073 833 4126 9autema
885 4073 915 4126 11
938 4072 1112 4140 exaletureq
1165 4071 1441 4126 sint-sintiarar.e

312 4165 431 4218 absumit
449 4181 541 4234 eppa
559 4163 672 4228 Domb.,·
690 4161 844 4231 absumpsit
863 4161 946 4230 abp;
966 4160 1123 4215 absurnato
1201 4179 1261 4216 oum
1280 4157 1406 4229 naufragio
1423 4169 1440 4203 o

311 4253 398 4308 naufr.
424 4269 509 4321 usqrce
536 4253 576 4305 ud
598 4255 711 4321 pereant
733 4268 784 4304 om.
809 4250 833 4303 e¹
962 4252 994 4303 lo
1023 4249 1148 4304 accidunt
1170 4251 1352 4319 ube¹p¹pn‚·
1377 4261 1440 4301 arec-

312 4343 379 4395 dant
396 4339 508 4410 e²9²pc
