3192 4959
287 435 348 518 104
512 504 515 510 Ι
630 431 656 486 S.
682 432 838 506 Aurelii
866 434 1083 503 Augustini

284 624 454 691 dilexisset.
474 625 585 690 Potuit
604 628 711 690 autem
731 626 862 691 uiuente
881 626 986 692 adhuc
1003 627 1140 692 Lamech
1160 630 1262 711 adque
1280 633 1431 714 regnante

282 731 350 795 fieri
383 731 550 810 diluuium,
579 733 616 796 ut
642 732 750 815 ipsum
779 752 852 798 cum
881 733 953 798 aliis
981 734 1128 798 omuibus
1160 736 1354 816 hominihus,
1384 755 1432 800 ex·

284 838 385 922 ceptis
415 839 469 920 qui
496 838 527 902 in
557 857 628 902 arca
655 839 794 916 fuerunt,
824 858 918 922 quem
945 839 1091 923 perderet
1117 841 1281 906 inueniret.
1318 841 1432 925 Neque

285 945 369 1009 enim
392 945 568 1010 mirandum
589 947 648 1022 est,
669 945 696 1010 si
716 946 802 1030 uaria
823 947 1001 1029 quantitate
1019 947 1259 1013 numerositatis
1278 967 1433 1013 annorum

282 1051 470 1133 interposita
491 1069 547 1133 per
570 1055 635 1115 tam
658 1051 785 1136 longam
811 1055 947 1117 aetatem
971 1053 1010 1117 ab
1029 1053 1131 1119 Adam
1150 1073 1253 1136 usque
1272 1054 1431 1119 diluuium
1460 1079 1474 1134 p

281 1177 342 1223 nou
375 1157 514 1240 aequalis
547 1159 668 1222 numeri
697 1158 915 1242 generationes
943 1159 1058 1224 habuit
1086 1163 1220 1242 utraque
1252 1161 1431 1245 progenies,

283 1263 339 1328 sed
366 1283 422 1346 per
451 1263 528 1329 Cain
556 1267 689 1347 septem,
717 1284 774 1347 per
802 1264 879 1330 Seth
908 1268 1015 1330 autem
1043 1266 1167 1345 decem3
1201 1267 1358 1350 septimus
1382 1272 1432 1332 est

283 1371 374 1448 enim,
400 1374 436 1436 nt
463 1371 526 1434 iam
555 1369 628 1448 dixi,
653 1371 690 1435 ab
714 1371 816 1437 Adam
844 1371 994 1450 Lamech,
1019 1372 1161 1438 decimus
1184 1373 1267 1450 Noe;
1301 1377 1334 1438 et
1358 1374 1431 1438 ideo

283 1496 343 1540 non
367 1496 450 1542 unus
474 1476 559 1541 filius
582 1477 730 1554 Lamech,
756 1478 841 1542 sicut
861 1479 894 1542 iu
917 1479 1031 1544 ceteris
1057 1480 1216 1564 superins,
1241 1480 1297 1545 sed
1322 1481 1432 1564 plures

283 1584 521 1647 commemorati
545 1583 724 1666 suntquis
746 1583 903 1649 incertum
929 1589 997 1650 erat
1019 1585 1090 1668 quis
1114 1584 1144 1650 ei
1167 1585 1283 1651 inisset
1304 1590 1431 1652 mortuo
1451 1613 1477 1652 ro

283 1707 501 1766 successurus,
537 1690 563 1753 si
595 1689 747 1774 regnandi
778 1693 907 1774 tempus
943 1692 1026 1756 inter
1060 1691 1167 1774 ipsum
1206 1695 1237 1757 et
1273 1692 1433 1757 diluuium

283 1796 499 1862 remansisset.

328 1901 390 1968 Sed
423 1921 549 1985 quoquo
581 1902 676 1967 modo
710 1921 744 1966 se
775 1904 893 1968 habeat
920 1905 989 1969 siue
1017 1924 1072 1988 per
1101 1905 1328 1989 primogenitos
1361 1907 1433 1970 siue

284 2028 340 2092 per
371 2027 461 2093 reges
491 2029 526 2074 er
556 2009 631 2074 Cain
660 2011 901 2094 generationum
929 2011 1003 2077 ordo
1032 2010 1212 2088 decurrens,
1239 2011 1321 2076 illud
1353 2012 1434 2077 mihi

283 2116 369 2181 nullo
389 2119 482 2198 pacto
502 2115 764 2199 praetereundum
786 2116 913 2183 silentio
932 2116 1070 2196 uidetur,
1090 2118 1186 2202 quod,
1205 2136 1279 2182 cum
1294 2118 1433 2182 Lamech
1454 2144 1477 2185 n

284 2221 441 2306 septimus
466 2223 504 2288 ab
527 2222 629 2287 Adam
653 2222 771 2288 fuisset
792 2222 954 2302 iuuentus,
972 2227 1023 2288 tot
1045 2224 1113 2289 eius
1137 2223 1335 2289 adnumerati
1358 2227 1436 2288 srrnt

283 2328 351 2406 filii,
380 2329 478 2395 donec
511 2328 701 2393 undenarius
732 2346 885 2393 numerus
917 2329 1101 2412 inpleretur,
1135 2322 1197 2412 quo
1235 2327 1435 2414 significatur

283 2437 460 2518 peccatum.
484 2435 654 2499 Adduntnr
677 2435 760 2498 enim
782 2438 848 2500 tres
872 2435 930 2500 filii
954 2440 985 2500 et
1003 2456 1067 2501 uua
1085 2437 1160 2501 filia.
1184 2435 1306 2516 Uxores
1324 2439 1434 2501 autem

288 2541 375 2606 alind
397 2545 532 2625 possunt
556 2541 747 2625 significare,
766 2561 828 2606 non
852 2541 913 2606 hoo
936 2542 1021 2625 quod
1044 2562 1126 2608 nuuc
1149 2542 1434 2607 commendandum

284 2648 422 2714 uidetur.
457 2648 550 2713 Nunc
578 2649 660 2712 enim
690 2648 729 2712 de
758 2649 1015 2732 generationibus
1042 2649 1217 2732 loquimur,
1250 2649 1324 2714 illae
1356 2668 1433 2715 uero
1453 2677 1480 2716 ro

283 2754 366 2818 unde
399 2755 463 2819 sint
496 2755 630 2840 genitae,
659 2755 794 2818 tacitum
827 2758 887 2820 est.
928 2752 1084 2833 Quoniam
1117 2774 1191 2840 ergo
1224 2757 1274 2821 lex
1306 2756 1434 2820 denario

284 2880 414 2925 numero
451 2861 660 2943 praedicatur,
698 2861 781 2925 uude
820 2865 870 2926 est
906 2862 1122 2927 memorabilis
1159 2862 1214 2927 ille
1251 2862 1436 2946 decalogus,

283 2968 424 3050 profecto
444 2987 594 3032 numerus
614 2967 818 3050 undenarius,
838 2968 987 3049 quoniam
1005 2969 1239 3052 transgreditur
1257 2968 1435 3048 denarium,

284 3073 568 3157 transgressionem
596 3073 677 3157 legis
707 3092 743 3137 ao
771 3093 828 3157 per
855 3075 915 3138 hoc
943 3077 1111 3158 peccatum
1144 3074 1312 3159 significat.
1349 3077 1437 3142 Hinc

284 3183 335 3243 est
362 3177 445 3261 quod
474 3179 505 3240 iu
535 3178 737 3243 tabernaculo
767 3179 953 3261 testimonii,
978 3179 1063 3263 quod
1090 3184 1158 3244 erat
1184 3181 1216 3245 in
1244 3183 1357 3247 itinere
1379 3204 1437 3266 po·
1455 3211 1481 3262 rs

284 3285 353 3366 puli
376 3285 435 3349 Dei
458 3285 550 3349 uelut
572 3286 729 3367 templum
750 3284 1011 3374 ambulatorium,
1036 3286 1182 3351 undecim
1205 3287 1280 3353 uela
1308 3289 1438 3354 cilicina

283 3392 351 3456 fieri
380 3395 548 3474 praecepta
576 3396 658 3456 sunt.
696 3392 732 3455 ln
761 3390 866 3456 cilicio
895 3392 1011 3476 quippe
1039 3393 1215 3459 recordatio
1245 3397 1296 3458 est
1321 3415 1438 3476 pecca-

285 3501 390 3562 torum
417 3500 545 3581 propter
575 3498 693 3563 haedos
718 3498 755 3563 ad
782 3499 944 3564 sinistram
966 3500 1105 3578 futuros3
1140 3501 1223 3584 quod
1246 3501 1437 3568 confitentes

283 3605 315 3668 in
349 3605 452 3669 cilicio
485 3601 716 3687 prosternimur
747 3608 913 3689 tamquam
946 3605 1087 3671 dicentes
1120 3607 1205 3690 quod
1242 3607 1274 3673 in
1309 3609 1436 3691 psalmo

373 3865 407 3918 25
426 3862 509 3917 Exod.
529 3864 573 3926 26,
593 3865 607 3918 7

320 4045 336 4096 2
356 4041 425 4110 fieri]
445 4041 528 4096 flliie
582 4041 598 4095 3
618 4043 644 4095 in
664 4043 736 4112 arca]
756 4047 888 4097 naturae
941 4045 958 4097 4
977 4045 1157 4099 numerositas
1176 4043 1199 4099 e¹
1264 4048 1280 4101 5
1300 4045 1334 4100 ab
1355 4046 1438 4102 adam

283 4131 412 4202 ereptio.
433 4147 446 4184 e
518 4147 602 4201 usque
626 4130 687 4200 Vp,-
705 4148 790 4201 usque
809 4132 844 4186 ad
863 4131 984 4201 ahepe
1058 4134 1091 4189 10
1109 4135 1199 4189 suerat
1216 4154 1231 4205 ρ
1305 4136 1336 4189 ll
1358 4136 1383 4190 ai
1403 4154 1440 4192 ex

283 4223 400 4276 incorr.
425 4219 451 4273 V
485 4220 518 4274 13
538 4219 707 4289 quomodoh
745 4221 778 4274 15
797 4219 984 4276 uidereturV
1026 4222 1060 4277 20
1079 4240 1129 4278 nec
1148 4224 1251 4278 enimc
1291 4226 1326 4280 24
1345 4230 1439 4281 trans-

285 4337 420 4410 gressioe
475 4336 671 4406 horruerim
692 4353 705 4389 e
760 4337 794 4390 28
814 4303 948 4408 prohed‘es
972 4337 998 4390 V
