3192 4959
348 449 400 503 De
428 449 605 504 ciuitate
632 449 695 504 dei
722 450 788 506 lib.
811 451 926 506 XVIIII.
954 469 1029 522 cap.
1053 453 1098 508 23.
1233 456 1297 520 417

148 645 269 729 angelis
301 649 335 710 ot
365 643 541 710 uirtutibus
574 645 646 723 Dei,
673 665 754 727 quos
781 645 987 712 beatissimos
1013 650 1177 729 tamquam
1210 646 1298 714 ciues

145 752 178 816 in
209 752 271 816 hac
297 755 407 816 nostra
431 751 685 836 peregrinatione
712 753 840 817 mortali
868 771 1056 817 ueneremur
1084 757 1117 816 et
1144 773 1299 832 amarum,

146 857 318 923 sacrificari
348 861 439 924 uetat
468 859 615 924 intonans
644 859 677 923 in
708 858 780 942 lege
813 878 881 934 sua,
915 878 1008 941 quam
1039 859 1127 924 dedit
1153 861 1299 927 Hebraeo

145 964 266 1047 populo
299 983 369 1041 sno,
403 969 435 1028 et
466 963 560 1029 ualde
592 964 759 1029 minaciter
791 964 917 1030 dicens:
951 963 1205 1033 sacrificans
1239 969 1300 1035 dis

116 1092 130 1131 a
147 1069 442 1135 eradicabitur.
465 1069 508 1134 Et
531 1090 569 1134 ne
588 1071 758 1153 qnisquam
776 1074 906 1154 putaret
924 1072 1132 1138 daemonibus
1150 1075 1300 1158 pessimis

144 1177 344 1259 terrenisque
376 1177 553 1258 spiritibus,
586 1195 667 1260 quos
693 1179 756 1242 iste
784 1178 864 1243 dicit
891 1178 1041 1244 minimos
1070 1181 1124 1244 uel
1150 1181 1300 1258 minores

145 1303 185 1347 ne
217 1283 414 1348 sacrificetur
445 1302 517 1349 esse
547 1288 753 1367 praeceptum
790 1285 880 1367 (quia
913 1288 945 1349 et
975 1285 1038 1368 ipsi
1070 1286 1101 1352 in
1135 1289 1301 1372 scripturis

146 1390 268 1455 sanctis
300 1389 378 1454 dieti
410 1394 487 1454 sunt
517 1389 560 1468 di,
592 1409 654 1457 non
681 1390 909 1471 Hebraeorum,
943 1393 999 1458 sed
1027 1393 1187 1476 gentium
1217 1395 1301 1477 qnod

146 1495 312 1561 euidenter
328 1497 360 1560 in
378 1496 503 1579 psalmo
518 1497 723 1581 septuaginta
740 1498 928 1582 interpretes
943 1503 1128 1582 posuerunt,
1144 1500 1301 1566 dicentes:

103 1625 129 1664 ro
147 1601 347 1681 Quoniam
375 1599 536 1689 [omnes]
565 1602 603 1667 di
626 1606 811 1688 gentium
835 1604 1068 1690 daemonia),
1098 1643 1141 1652 -
1165 1625 1202 1671 ne
1227 1607 1299 1688 quis

146 1728 224 1793 ergo
252 1712 381 1793 putaret
404 1708 478 1774 istis
507 1709 635 1792 quidem
663 1710 839 1775 daemoniis
866 1711 1075 1793 prohibitum,
1109 1713 1302 1778 caelestibus

146 1823 258 1881 antem
285 1816 340 1881 uel
367 1816 516 1881 omnibus
544 1816 598 1881 uel
621 1817 783 1900 aliquibus
812 1817 982 1883 sacrificari
1006 1837 1076 1884 csse
1099 1819 1302 1901 permissum,

146 1942 221 1990 mox
248 1923 388 1988 addidit:
417 1923 508 1987 Nisi
538 1924 706 1988 Domino
735 1923 826 2000 soli,
849 1925 882 1988 id
912 1927 962 1990 est
989 1925 1051 1990 nisi
1075 1925 1211 1990 Domino
1235 1930 1303 1989 tan·

145 2035 235 2110 tum;
270 2048 310 2094 ne
341 2030 421 2094 forte
454 2031 486 2094 in
520 2049 568 2106 eo,
601 2031 686 2112 quod
719 2031 780 2094 ait:
814 2031 982 2097 Domino
1016 2033 1103 2110 soli,
1129 2032 1301 2097 Dominum

102 2159 129 2200 rs
147 2138 252 2202 solem
283 2136 391 2201 credat
423 2155 494 2201 esse
526 2136 695 2220 quispiam,
728 2138 780 2202 cui
811 2137 1051 2202 sacrificandum
1074 2141 1183 2221 putet;
1217 2139 1303 2221 quod

146 2263 210 2309 non
247 2242 295 2307 ita
331 2262 402 2308 esse
437 2242 689 2326 intellegendum
724 2243 758 2308 in
791 2245 960 2327 scripturis
990 2243 1119 2310 Graecis
1152 2245 1305 2310 facillime

145 2349 315 2434 reperitur.

193 2457 285 2522 Dens
315 2456 415 2540 igitur
445 2456 673 2533 Hebraeorum,
707 2456 758 2521 cui
790 2459 856 2521 tnm
889 2475 1039 2540 magnum
1067 2459 1176 2524 tantus
1206 2459 1302 2524 etiam

145 2566 212 2630 iste
239 2563 451 2647 philosophus
478 2561 625 2645 perhibet
650 2563 884 2642 testimonium,
912 2563 1016 2647 legem
1046 2564 1133 2628 dedit
1155 2564 1303 2632 Hebraeo

99 2692 128 2732 ao
145 2671 271 2754 populo
300 2689 367 2746 suo,
395 2668 540 2735 Hebraeo
569 2688 713 2736 sermone
741 2669 964 2752 couscriptum,
993 2689 1054 2736 non
1079 2671 1245 2737 obscuram
1271 2675 1303 2736 ot

144 2777 356 2862 incognitam,
388 2776 445 2841 sed
477 2777 623 2842 omnibus
660 2777 724 2842 iam
756 2775 905 2861 gentibus
938 2777 1143 2856 diffamatam,
1175 2778 1207 2842 in
1241 2797 1302 2859 quu

143 2886 221 2969 lege
249 2883 404 2966 scriptum
433 2886 498 2949 est:
533 2882 790 2948 Sacrificans
820 2883 881 2948 dis
909 2884 1194 2949 eradicabitur
1220 2885 1304 2950 nisi

144 2989 321 3056 Domino
348 2993 515 3054 tantum.
544 2986 629 3068 Quid
656 3009 737 3073 opus
766 2989 871 3056 estin
896 2990 955 3055 hac
979 2991 1048 3056 eius
1072 2992 1143 3074 lege
1168 2991 1302 3074 eiusque

143 3097 316 3182 prophetis
344 3096 383 3160 de
410 3096 469 3160 bae
496 3115 529 3160 re
553 3097 656 3161 multe
677 3097 875 3180 perquirere;
904 3097 1002 3162 immo
1028 3116 1088 3162 non
1111 3099 1304 3182 perquirere,

97 3224 125 3262 »ὁ
143 3225 213 3271 non
242 3205 327 3268 enim
355 3203 504 3268 abstrusa
530 3203 584 3268 uel
610 3222 680 3268 rara
703 3207 788 3282 sunt,
819 3205 874 3269 sed
899 3206 1007 3286 aperta
1030 3210 1062 3270 et
1086 3204 1193 3268 erebra
1217 3203 1306 3269 colli-

142 3331 224 3399 gere
252 3315 287 3375 et
312 3311 344 3376 in
371 3311 431 3375 hac
459 3311 675 3393 disputatione
697 3330 768 3375 mea
794 3329 922 3394 ponere,
952 3310 1068 3394 quibus
1091 3311 1163 3375 luce
1189 3311 1305 3376 clarius

141 3422 282 3505 apparet
309 3417 391 3482 nulli
419 3417 546 3482 omniuo
575 3417 638 3481 nisi
665 3421 790 3482 tantum
814 3417 875 3482 sibi
899 3417 1002 3482 Deum
1026 3437 1139 3482 uerum
1163 3420 1196 3481 et
1219 3435 1306 3482 sum-

141 3546 239 3592 mum
272 3524 417 3590 uoluisse
449 3522 642 3588 sacrificari?
678 3523 761 3588 Ecce
793 3524 853 3589 hcc
886 3543 985 3588 unum
1021 3523 1171 3602 breuiter,
1207 3523 1305 3586 immo

141 3631 321 3720 granditer,
351 3630 524 3708 minaciter,
554 3629 611 3694 sed
633 3629 790 3695 ueraciter
813 3629 935 3695 dictum
959 3630 998 3693 ab
1022 3629 1077 3693 illo
1101 3629 1180 3704 Deo,
1210 3647 1306 3710 quem

95 3759 123 3799 ω
140 3748 215 3807 tam
241 3739 432 3804 excellenter
449 3757 559 3802 eorum
578 3736 758 3802 doctissimi
776 3737 968 3818 praedicant,
989 3736 1136 3800 audiatur
1154 3735 1308 3798 timeatur

140 3848 322 3932 inpleatur,
357 3864 396 3910 ne
433 3843 670 3909 inoboedientes
707 3843 877 3908 eradicatio
916 3845 1138 3925 consequatur.
1178 3839 1307 3906 Sacri-

239 4055 259 4108 4
278 4051 364 4109 Exod
382 4052 426 4119 22,
445 4053 481 4107 20
538 4052 572 4107 10
589 4051 635 4105 Ps.
654 4053 698 4116 95,
718 4054 734 4106 5

181 4183 200 4237 3
220 4178 326 4250 populo
344 4195 392 4232 sno
410 4177 495 4232 Hebr.
514 4195 531 4233 o
596 4178 629 4232 10
648 4193 741 4230 ornnes
760 4193 812 4230 om.
832 4191 898 4245 cyp
964 4175 997 4228 14
1017 4173 1124 4227 domino
1145 4172 1236 4240 beqp
1249 4189 1262 4239 ρ
1274 4191 1307 4237 α,·

141 4271 203 4326 nisi
221 4268 344 4323 Domino
364 4283 407 4321 av
481 4267 514 4321 15
533 4269 674 4336 putetpp
691 4265 809 4332 Domo,
827 4267 907 4335 putat
927 4265 983 4318 rell.
1003 4280 1019 4317 c
1091 4263 1125 4316 25
1145 4261 1272 4314 obstrusa
1289 4277 1307 4329 9

141 4363 182 4416 26
202 4355 535 4428 disputationelaponere,
553 4371 580 4408 m
600 4370 679 4419 rrae,
697 4370 715 4422 q

175 4485 263 4527 XXXX
278 4483 338 4532 Aug.
354 4491 424 4531 opera
438 4479 514 4522 Saeuo
529 4479 548 4522 V
563 4490 617 4531 pers
631 4479 662 4520 11.
1234 4454 1269 4506 27
