3192 4959
305 390 356 443 De
384 391 559 444 ciuitate
588 391 649 444 dei
677 391 742 445 lib.
772 392 871 447 XVIII.
902 409 976 462 cap.
1005 394 1047 448 45.
1077 394 1120 447 46.
1217 396 1281 460 343

138 585 237 667 plicis,
273 585 331 649 sed
361 585 429 649 iure
461 586 605 651 uictoris.
639 592 671 651 et
702 586 742 651 ad
770 590 880 653 sancta
907 590 1100 663 sanctorum,
1130 607 1191 670 quo
1221 589 1282 653 nisi

138 711 296 756 summum
329 692 524 757 sacerdotem
557 712 617 756 non
651 694 769 757 licebat
800 694 926 774 intrare,
956 713 1015 757 non
1041 697 1078 757 111
1106 697 1282 768 uenerator,

139 798 190 861 sed
217 802 254 861 61
283 798 462 880 profanator
489 800 626 876 accedit;
655 799 901 883 continuatoque
930 800 1066 883 Hyrcani
1097 800 1282 883 pontificatu

138 907 167 966 et
197 904 387 988 subiugatao
419 904 507 989 genti
543 905 682 987 inposito
715 905 847 969 custode
884 905 1062 987 Antipatro,
1095 924 1175 987 quos
1207 908 1283 969 tnnc

110 1015 356 1092 sprocnratores
380 1010 546 1087 uocabant,
570 1012 713 1076 uinctum
740 1031 847 1077 secum
871 1012 1089 1077 Aristobolum
1116 1011 1214 1075 ducit.
1239 1010 1283 1075 Ex

137 1118 187 1181 illo
211 1118 325 1182 Iudaei
348 1118 443 1182 etiam
463 1118 621 1183 tributarii
640 1119 855 1183 Romanorum
875 1138 944 1183 6666
965 1121 1144 1201 coeperunt.
1169 1118 1285 1182 Postea

139 1223 270 1288 Cassius
294 1224 388 1288 etiam
411 1226 565 1306 templum
589 1225 787 1308 exspoliauit.
807 1224 928 1289 Deinde
948 1228 1022 1307 post
1044 1244 1162 1307 paucos
1187 1242 1284 1288 66666

138 1331 228 1394 611616
262 1330 422 1395 Herodem
459 1332 667 1415 alienigenam
698 1351 806 1415 regern
843 1332 958 1397 habere
991 1334 1182 1411 meruerunt,
1222 1349 1284 1412 quo

137 1442 287 1521 regnante
323 1443 417 1502 natus
454 1441 505 1502 661
542 1438 698 1505 Christus.
736 1439 803 1503 lam
842 1440 925 1503 enirn
960 1444 1090 1503 uenerat
1121 1436 1283 1520 plenitudo

101 1544 292 1625 rotemporis
333 1544 512 1628 significata
546 1544 732 1628 prophetico
774 1545 889 1627 spiritu
925 1565 982 1627 per
1018 1565 1053 1610 os
1090 1544 1285 1627 patriarchae

112 1651 240 1727 laceb,
266 1650 323 1714 ubi
346 1651 405 1715 ait:
433 1651 516 1717 Non
541 1650 715 1715 deficiet
737 1652 928 1735 princeps
957 1670 999 1715 ex
1023 1652 1132 1726 luda,
1156 1669 1284 1733 neque

140 1758 209 1821 dux
244 1757 292 1822 de
324 1757 549 1823 femoribus
587 1758 686 1835 6166,
721 1758 844 1823 donoc
878 1758 1019 1822 ueniat
1044 1757 1109 1822 cui
1132 1756 1285 1840 reposi-

139 1871 216 1927 1616
243 1867 318 1943 661,
343 1868 382 1929 61
403 1864 493 1948 ipse
517 1865 774 1947 exspectatio
796 1865 987 1949 gentium.
1007 1862 1166 1947 Nonergo
1183 1863 1285 1928 deluit

139 1971 328 2036 ludaeorum
360 1971 505 2054 princeps
539 1991 575 2036 ex
606 1970 733 2035 Iudaeis
765 1990 867 2053 usque
904 1972 943 2035 ad
981 1971 1078 2036 istum
1115 1970 1286 2049 Herodem,

102 2097 124 2138 rs
141 2098 230 2159 quem
264 2078 404 2159 primum
436 2082 626 2160 acceperuut
657 2077 867 2160 alienigenam
896 2097 1012 2161 regem.
1045 2076 1183 2159 Tempus
1212 2096 1287 2161 ergo

140 2187 199 2249 iam
232 2189 312 2261 erat,
346 2188 383 2249 ut
413 2184 537 2249 ueniret
567 2185 632 2259 ille,
666 2185 717 2249 cui
753 2185 930 2266 repositum
968 2189 1043 2262 erat,
1082 2184 1166 2266 quod
1203 2204 1286 2249 nouo

139 2291 332 2373 promissum
356 2295 406 2355 est
427 2293 631 2368 testamento,
653 2296 691 2355 61
712 2290 782 2374 ipse
806 2294 891 2355 66661
914 2290 1107 2374 exspectatio
1132 2290 1285 2375 gentium.

139 2398 219 2461 11611
253 2401 363 2463 autem
394 2417 455 2462 non
484 2402 604 2481 posset,
629 2401 666 2461 ut
688 2400 907 2479 exspectarent
934 2416 1007 2461 aum
1036 2401 1145 2482 gentes
1174 2400 1287 2461 uentu-

140 2526 217 2580 rum,
247 2504 335 2569 sicut
362 2524 435 2568 eum
464 2503 620 2568 cernimus
644 2503 829 2586 exspectari,
853 2508 890 2567 61
913 2503 1022 2568 ueniat
1045 2504 1083 2567 ad
1107 2503 1286 2568 laciendum

101 2612 294 2677 diudicium
328 2611 360 2675 in
387 2611 530 2676 claritate
557 2612 727 2694 potentiae,
755 2610 816 2675 nisi
845 2610 932 2693 prius
956 2610 988 2674 in
1018 2629 1089 2674 eum
1114 2609 1286 2685 crederent,

141 2738 210 2783 cum
244 2718 336 2783 66611
367 2717 407 2783 ad
437 2717 621 2801 patiendum
654 2716 809 2781 iudicium
838 2716 870 2781 in
900 2716 1081 2780 bumilitate
1103 2716 1285 2799 patientiae.

548 2911 684 2976 CAPUT
707 2910 881 2975 XXXXVI.

142 3054 306 3118 1166116
330 3053 563 3118 8616616116
583 3053 724 3128 nostri,
750 3052 969 3116 secundum
989 3052 1093 3133 quod
1114 3050 1286 3115 Verbum

141 3180 230 3224 6616
259 3160 510 3237 factumest,
536 3159 642 3224 etde
667 3158 927 3241 dispersione
957 3157 1194 3223 ludaeorum
1219 3178 1288 3240 per

101 3305 124 3344 2,
248 3286 385 3332 omnes
410 3272 563 3351 gentes,
589 3267 700 3331 sicut
722 3267 859 3329 luerat
880 3266 1179 3347 prophetatum.

183 3410 350 3492 Regnante
387 3428 462 3500 ergo
498 3409 625 3473 Herode
657 3410 689 3473 in
720 3409 847 3486 Iudaea,
881 3412 958 3491 aput
989 3407 1148 3473 Romanos
1182 3409 1287 3471 autem

140 3517 200 3579 iam
235 3518 362 3581 mutato
394 3516 439 3580 rei
470 3514 617 3597 publicae
650 3520 735 3580 statu
769 3516 941 3597 imperante
976 3514 1108 3580 Caesare
1140 3514 1287 3597 Augusto

232 3769 264 3821 ll
287 3765 354 3820 Gen.
372 3768 417 3828 49,
438 3766 471 3820 10

176 3891 330 3946 3116666611
348 3888 375 3945 61
414 3890 569 3959 4161166116
589 3888 700 3943 custode
718 3889 785 3942 Anti
804 3906 888 3945 6166
929 3890 1129 3957 1116616166
1169 3886 1288 3940 8611616

143 3998 225 4035 ome
309 3996 400 4049 regem
420 3980 562 4047 alienige
626 3979 784 4046 ducuerat}
806 3984 864 4031 erat
877 3995 899 4045 p
971 3978 1002 4031 13
1022 3976 1080 4045 ipse
1101 3977 1152 4029 erit
1166 3992 1203 4043 p;
1220 3975 1287 4043 ipse,

144 4115 174 4151 m.
195 4096 520 4165 66166661666666
590 4096 622 4148 15
642 4095 717 4163 ergo]
737 4094 845 4162 enimp
916 4094 947 4148 16
959 4108 1071 4198 ί661166
1140 4092 1172 4145 18
1192 4093 1288 4161 gentes

144 4230 237 4268 enmv
330 4212 363 4265 19
382 4211 526 4265 66616616
607 4209 846 4264 20166161116166
919 4209 945 4262 in
966 4209 1007 4261 ola
1028 4213 1072 4273 (z
1092 4210 1119 4261 in
1139 4208 1289 4275 saeculata

144 4306 174 4357 21
196 4300 336 4355 66661116
390 4301 424 4353 23
442 4300 528 4354 nostri
547 4316 597 4354 om.
613 4317 635 4367 p
690 4300 867 4354 2111161616,
884 4318 905 4368 p
