3192 4959
642 423 669 476 S.
697 421 854 476 Aurelii
882 423 1101 492 Augustini

756 615 894 682 CAPUT
917 617 988 682 VII.

297 741 351 804 An
381 759 491 806 omne
520 739 749 805 bestiarum
779 760 906 826 genus
935 741 1057 806 etiam
1089 743 1394 808 remotissimae
1426 762 1446 807 a

296 847 422 912 terris
457 847 620 912 insulae
653 865 696 910 ex
733 865 775 912 eo
813 865 976 912 numero
1014 849 1261 933 acceperint,
1299 851 1366 932 qui
1404 850 1444 914 in

404 971 496 1020 aroa
519 974 537 1020 a
561 953 715 1018 diluuii
741 954 1015 1018 inundatione
1043 959 1235 1020 seruatus
1261 960 1335 1021 est.

342 1076 403 1142 Sed
429 1077 571 1161 quaestio
598 1081 647 1144 est
670 1077 708 1144 da
733 1078 818 1144 omni
842 1097 956 1162 genere
978 1078 1163 1156 bestiarum,
1183 1098 1263 1162 quae
1287 1081 1347 1144 snb
1368 1099 1446 1144 eura
1475 1108 1485 1142 a
1575 1152 1576 1165 χ

296 1183 462 1248 hominum
484 1204 545 1249 non
570 1189 645 1252 sunt
667 1202 769 1268 nequa
793 1185 890 1249 aienti
912 1203 1006 1249 ranae
1027 1187 1200 1250 nascuntur
1218 1205 1254 1250 ex
1272 1189 1367 1261 terra,
1387 1185 1444 1249 sed

296 1291 364 1355 sola
392 1291 616 1358 commixtione
649 1292 744 1356 maris
778 1294 812 1356 et
842 1291 976 1356 feminae
1004 1295 1229 1376 propagantur,
1258 1293 1343 1357 siout
1374 1292 1443 1374 lupi

296 1397 399 1478 adque
429 1397 524 1464 huius
553 1397 782 1477 modioetera,
808 1415 870 1479 qno
900 1397 994 1463 modo
1017 1401 1092 1480 post
1114 1397 1283 1476 diluuium,
1308 1417 1371 1481 quo
1396 1417 1443 1476 ea,

296 1522 375 1585 quae
403 1505 434 1568 in
464 1523 535 1569 arca
561 1523 623 1568 non
652 1507 750 1580 erant,
775 1507 889 1568 eurota
913 1503 1019 1568 deleta
1040 1507 1126 1582 sunt,
1150 1504 1247 1569 etiarn
1270 1504 1302 1568 in
1326 1503 1443 1569 insulis

296 1629 366 1674 ossa
398 1611 569 1693 potuerint,
603 1610 630 1674 si
662 1613 806 1694 reparata
841 1629 903 1674 non
939 1615 1014 1675 sunt
1050 1611 1111 1674 nisi
1144 1630 1180 1675 ex
1212 1610 1273 1688 his,
1307 1630 1442 1692 qnorum
1462 1637 1485 1678 a
1575 1658 1576 1669 η

296 1736 411 1801 genera
432 1717 464 1782 in
488 1721 622 1799 utroque
647 1735 723 1782 sexu
747 1735 819 1781 arca
842 1717 994 1781 seruauit.
1031 1717 1172 1782 Possunt
1199 1718 1329 1800 quidem
1358 1718 1443 1783 credi

296 1823 334 1887 ad
358 1823 480 1887 insulas
504 1823 639 1888 natando
659 1824 822 1900 transisse,
843 1823 899 1888 sed
919 1824 1087 1905 proximas.
1112 1824 1193 1889 Sunt
1215 1828 1323 1889 autem
1347 1845 1442 1908 quae-

296 1939 367 1994 dam
391 1933 455 1994 tam
481 1932 575 2014 longe
599 1931 721 2012 positae
745 1951 763 1994 a
787 1930 1021 1996 contineutibus
1044 1931 1149 2004 terris,
1168 1935 1206 1996 ut
1222 1931 1263 1995 ad
1280 1950 1335 1996 eas
1354 1931 1442 1996 nulia

295 2037 442 2101 uideatur
477 2039 584 2101 natare
620 2039 763 2118 potuisse
801 2037 986 2102 bestiarum.
1024 2033 1117 2115 Quod
1149 2038 1178 2102 si
1209 2038 1355 2104 homiues
1388 2057 1442 2102 eas

294 2147 404 2228 captas
432 2163 540 2210 seeum
569 2144 761 2210 aduexerunt
788 2148 821 2208 st
849 2144 1008 2209 eomodo
1036 2144 1093 2209 ubi
1119 2144 1304 2211 habitabant
1332 2165 1442 2210 earnm
1461 2173 1485 2214 n
1575 2176 1576 2201 1

294 2269 410 2335 genera
436 2251 645 2316 instituerunt
671 2249 810 2315 uenandi
837 2250 955 2327 studio,
982 2249 1051 2314 fieri
1077 2251 1223 2333 potuisse
1255 2251 1441 2317 incredibile

294 2378 356 2424 non
380 2361 443 2436 est;
468 2357 615 2442 quamuis
639 2359 730 2422 iussu
753 2357 814 2421 Dei
837 2357 907 2422 siue
930 2357 1089 2438 permissu
1111 2358 1206 2422 edam
1231 2377 1325 2443 opero
1349 2378 1442 2444 ange-

291 2467 395 2530 lorum
429 2463 608 2549 negandum
641 2483 702 2528 nou
736 2463 778 2528 sit
809 2462 954 2546 potuisse
981 2463 1154 2528 transferri.
1191 2462 1225 2529 Si
1254 2483 1329 2528 uero
1357 2469 1441 2529 tarra

293 2575 416 2637 oxomae
441 2575 516 2635 sunt
539 2569 714 2634 seeundum
738 2569 891 2654 originem
917 2568 1061 2652 primam,
1086 2569 1211 2652 quando
1235 2570 1315 2634 dixit
1335 2571 1440 2636 Deus:

292 2678 499 2744 Producat
527 2678 636 2740 terra
665 2675 836 2739 animam
863 2675 1010 2749 uiuam,
1037 2676 1139 2740 multo
1169 2676 1286 2741 elarius
1310 2681 1486 2758 apparet„

292 2803 351 2848 non
381 2787 447 2848 tam
475 2782 717 2865 reparandorum
748 2780 932 2846 animalium
961 2800 1058 2846 causa
1084 2802 1178 2864 quarn
1204 2783 1441 2866 figurandarum

292 2890 452 2954 uariarum
472 2889 615 2972 gentium
634 2891 764 2971 propter
782 2887 935 2953 ecelesiae
955 2892 1187 2954 sacramentnm
1200 2889 1231 2953 in
1247 2907 1320 2954 sroa
1337 2889 1441 2954 fnisse

292 2996 397 3060 omnia
425 3014 550 3079 genera,
574 2995 601 3060 si
629 2995 661 3058 in
690 2995 815 3070 insulis,
839 3013 902 3077 quo
931 2995 1063 3059 transire
1086 3015 1148 3060 non
1171 2999 1313 3079 possent,
1336 2997 1440 3060 multa

292 3101 440 3167 animalia
463 3105 547 3167 terra
569 3101 725 3184 produxit.

742 3257 880 3325 CAPUT
901 3259 989 3325 viri.

290 3383 346 3448 Au
371 3404 414 3450 er
436 3385 662 3468 propagine
685 3384 807 3448 Adam
831 3386 898 3449 uel
921 3384 1109 3450 filiorum
1131 3385 1213 3450 Noe
1242 3385 1437 3468 quaedam

408 3509 555 3576 genera
583 3492 787 3556 hominum
818 3494 1052 3556 monstrosa
1082 3491 1323 3575 prodierint.

335 3612 503 3694 Quaeritur
526 3615 633 3692 etiam,
654 3616 760 3678 utrum
785 3634 821 3678 es
844 3613 919 3680 filiis
938 3615 1007 3679 Noa
1030 3616 1084 3679 uel
1105 3615 1214 3697 potius
1237 3635 1275 3679 es
1296 3615 1352 3680 illo
1372 3635 1439 3682 uuo

288 3721 424 3800 homine,
444 3721 526 3786 uude
551 3721 647 3785 etiam
670 3721 733 3802 ipsi
757 3722 937 3802 ert'teruut‚
956 3727 1130 3804 propagata
1153 3741 1225 3786 essa
1246 3721 1438 3787 credendum

376 3912 411 3967 20
431 3911 497 3966 Gau.
519 3913 542 3972 i,
561 3913 597 3965 24

324 4038 340 4088 5
360 4039 402 4090 est
416 4041 481 4105 post
499 4035 646 4089 irentiarurn
659 4035 777 4104 ponito
841 4036 857 4088 6
876 4051 959 4089 neco
1014 4035 1048 4090 10
1067 4036 1090 4088 si
1108 4053 1164 4105 rep.
1184 4053 1237 4091 non
1255 4039 1320 4090 sunt
1338 4053 1390 4092 ono.
1409 4038 1438 4091 e¹

289 4127 321 4179 13
341 4125 464 4195 apositse
488 4124 513 4176 V
585 4127 618 4178 15
637 4128 763 4229 captasse
782 4141 873 4176 seeum
889 4141 907 4194 9
980 4124 1012 4177 18
1031 4128 1105 4177 terra
1127 4123 1180 4177 Va
1197 4125 1311 4190 Domb.,·
1329 4141 1344 4178 e
1362 4129 1439 4179 terra

287 4241 367 4311 bpo5
386 4245 507 4295 exterra
521 4257 555 4308 p;
575 4245 662 4294 terrae
682 4240 720 4306 0¹5
740 4243 837 4294 eterra
854 4239 880 4294 ι’
944 4241 977 4293 19
997 4237 1080 4310 dirsp
1133 4241 1168 4294 26
1187 4241 1335 4310 propagine
1351 4257 1437 4310 ρᾳυς

287 4330 480 4400 propagatione
498 4329 538 4396 sp
549 4331 572 4390 f
587 4329 686 4383 Domi.
