3192 4959
321 453 387 515 240
667 448 694 501 S.
723 447 879 500 Aurelii
907 447 1124 515 Augustini

322 643 497 726 oportebat,
535 661 615 723 quae
647 642 794 724 superius
829 660 1016 707 aerumnosa
1048 640 1188 705 defleuit.
1226 642 1359 724 Propter
1391 663 1466 725 quae

322 756 354 814 et
385 750 437 814 hio
465 750 623 831 sequitur:
653 749 900 813 Erardesoit
931 748 1041 813 siout
1068 748 1177 831 ignis
1207 749 1262 813 ira
1290 754 1377 815 tua:
1401 770 1467 815 nie·

322 862 456 921 mento
482 876 582 939 quae
606 860 669 920 est
692 876 774 920 mea
793 855 1042 921 substantia
1061 854 1150 919 Nihil
1169 855 1220 919 hio
1240 858 1357 921 melius
1377 876 1466 940 quarn

320 964 390 1047 ipse
417 963 508 1027 Iesus
536 962 735 1045 intellegitur
762 961 943 1025 substantia
972 962 1081 1044 populi
1107 961 1186 1038 eius,
1215 980 1251 1025 ex
1276 982 1337 1044 quo
1361 966 1468 1027 natura

322 1076 371 1136 est
403 1071 505 1135 earnis
538 1069 618 1135 eius.
656 1068 737 1132 Nou
772 1067 874 1133 enim
907 1086 1034 1146 nane,⁴
1056 1068 1169 1151 inquit,
1204 1068 1502 1133 constituistis

323 1197 458 1243 omnes
496 1175 614 1240 filios
652 1175 867 1239 bominum.
908 1174 980 1238 Nisi
1020 1174 1104 1239 enim
1143 1178 1228 1239 esset
1264 1194 1348 1239 unus
1386 1176 1467 1239 filius

322 1284 459 1349 hominis
492 1281 671 1347 substantia
701 1282 810 1356 Israel,
845 1300 900 1363 per
933 1299 1026 1363 quem
1059 1280 1159 1345 filium
1190 1281 1328 1347 bominis
1361 1282 1467 1347 libera-

321 1394 429 1455 rentur
464 1389 560 1453 nmtti
594 1387 651 1451 filii
689 1388 865 1463 hominurn,
902 1406 982 1451 usne
1020 1387 1131 1468 utique
1164 1387 1333 1452 constituti
1366 1392 1467 1453 essent

323 1516 432 1563 omnes
451 1494 509 1559 filii
528 1496 703 1559 bominum.
727 1494 819 1558 Nune
839 1512 914 1557 uero
935 1494 1037 1557 omnis
1059 1493 1185 1575 quidem
1204 1494 1344 1558 bumana
1362 1498 1467 1559 natura

321 1625 378 1687 per
400 1606 566 1685 peecatum
589 1601 683 1683 primi
707 1601 845 1665 bominis
865 1601 895 1664 in
917 1601 1091 1665 uanitatem
1110 1600 1148 1664 de
1167 1602 1302 1667 ueritate
1322 1602 1466 1683 conlapsa
1481 1624 1503 1665 o

323 1715 383 1787 est,
420 1714 548 1792 propter
584 1707 667 1790 quod
701 1706 779 1772 dioit
815 1707 896 1770 alius
930 1712 1092 1787 psalmus:
1130 1708 1252 1772 Homo
1290 1708 1465 1773 ueritati

324 1816 477 1881 similis
505 1816 642 1879 faetus
671 1817 743 1890 est,
768 1813 858 1877 dies
883 1814 971 1877 eius
995 1814 1114 1878 uelut
1138 1814 1275 1879 umbra
1297 1819 1466 1897 praeter-

324 1927 432 1996 eunt;
458 1922 598 1986 sednon
626 1940 706 1985 uane
729 1920 819 1983 Deus
854 1920 1020 1985 constituit
1048 1940 1156 1985 omnes
1184 1922 1267 1985 filios
1296 1922 1465 2001 hominum,

323 2030 398 2113 quia
426 2032 458 2093 et
484 2028 604 2092 multos
633 2048 651 2091 a
678 2026 821 2091 uanitate
848 2026 964 2090 liberat
990 2046 1046 2109 per
1068 2027 1274 2091 mediatorem
1299 2028 1414 2103 Iesum,
1436 2032 1465 2090 et

324 2155 403 2218 quos
435 2134 615 2199 liberandos
649 2154 709 2199 non
743 2153 814 2197 esse
846 2133 1028 2215 praescidit,
1063 2133 1100 2197 ad
1133 2134 1307 2199 utilitatem
1338 2135 1465 2199 liberan-
1484 2156 1503 2197 11
1560 2116 1561 2163 t

324 2242 435 2306 domm
468 2244 500 2305 et
532 2240 785 2322 conparationem
820 2239 953 2304 duarum
985 2240 1066 2303 inter
1098 2258 1132 2304 se
1161 2260 1179 2303 a
1207 2241 1363 2306 contrario
1395 2241 1465 2304 oini-

324 2354 427 2413 tatnm
452 2368 513 2413 non
537 2348 649 2429 utique
673 2366 753 2411 uano
776 2347 809 2410 in
833 2347 933 2411 totius
960 2346 1124 2411 rationalis
1148 2350 1307 2411 creaturae
1332 2348 1466 2431 pulcher-

322 2456 403 2519 rima
425 2454 527 2536 adque
550 2454 729 2520 iustissima
753 2453 946 2518 ordinatione
972 2454 1146 2519 constituit.
1171 2453 1290 2519 Deinde
1315 2454 1464 2537 sequitur:

325 2560 423 2640 Quis
453 2565 516 2626 est
544 2562 666 2635 bomo,
700 2560 767 2642 qui
795 2559 912 2623 uiuet
940 2563 979 2623 et
1005 2580 1078 2624 non
1110 2559 1270 2624 uidebit
1294 2564 1464 2635 mortem,

325 2671 440 2731 eruet
473 2668 641 2731 animam
676 2685 785 2731 suam
819 2666 864 2729 de
892 2686 1006 2730 manu
1034 2666 1182 2731 inferi?
1217 2664 1296 2745 Quis
1327 2672 1375 2731 ast
1397 2668 1501 2730 istem

324 2774 385 2837 nisi
419 2773 599 2837 substantia
625 2773 680 2836 illa
708 2773 806 2837 Israel
835 2792 870 2837 er
899 2774 1019 2837 semine
1043 2773 1158 2850 Dauid,
1188 2773 1334 2840 Christus
1357 2775 1465 2838 Iesus?

326 2880 372 2943 De
405 2898 466 2962 quo
501 2878 579 2943 dicit
610 2881 785 2962 apostolus,
821 2880 906 2962 quod
939 2900 1112 2967 surgens
1145 2900 1164 2945 a
1193 2881 1367 2945 mortuis
1395 2880 1464 2944 iam

325 3004 399 3048 non
436 2985 618 3061 moritur,
659 2986 697 3047 et
729 3004 830 3049 mors
869 2985 904 3049 ei
936 2986 1047 3049 ultra
1079 3003 1153 3049 non
1187 2986 1465 3050 dominabitur.
1558 3008 1559 3037 ³

325 3090 377 3155 Sie
410 3091 493 3154 enim
526 3091 614 3154 uiuet
646 3093 679 3153 et
710 3110 770 3155 non
804 3090 927 3155 uidebit
955 3096 1099 3165 mortem,
1129 3094 1166 3155 ut
1193 3098 1298 3156 tamen
1326 3098 1464 3157 mortuus

324 3197 430 3275 fuerit,
455 3196 511 3261 sed
534 3197 671 3259 animam
695 3216 787 3262 suam
811 3199 929 3262 eruerit
951 3197 989 3261 de
1008 3218 1102 3262 manu
1121 3198 1243 3275 inferni,
1265 3218 1326 3281 quo
1346 3204 1466 3282 propter
1480 3216 1501 3255 a

324 3302 522 3386 quorundam
537 3303 690 3367 soluenda
704 3303 825 3368 inferna
844 3304 970 3369 uinouia
991 3304 1209 3380 descenderam
1231 3305 1348 3369 emerit
1366 3310 1464 3368 autem

324 3412 484 3493 potestate
522 3409 587 3486 iila,
631 3408 669 3473 de
707 3429 769 3492 qua
805 3410 836 3473 in
875 3412 1041 3493 euangelio
1080 3410 1174 3475 dicit:
1216 3412 1463 3475 Potestatem
1557 3396 1558 3437 t

362 3814 375 3865 1
397 3810 542 3881 oportebat
560 3812 720 3882 abeppm
739 3812 903 3882 oportebant
922 3833 964 3885 ρα
982 3813 1082 3867 Domb.
1151 3814 1167 3867 2
1187 3812 1333 3867 exardisoit
1348 3830 1380 3882 p;
1396 3828 1462 3867 exar-
1556 3804 1557 3813 ’

325 3900 450 3954 desueto
505 3902 633 3955 9omnes
650 3902 680 3972 9¹
744 3903 777 3955 15
796 3901 961 3971 praesiuite
1025 3904 1059 3957 16
1079 3904 1197 3955 interae
1217 3903 1385 3955 econtrario
1404 3900 1462 3953 doa-

324 4005 384 4042 rum
403 3988 511 4045 uiuite
566 3990 598 4043 19
617 4006 655 4058 sq.
675 3991 748 4044 uiuit
766 3996 794 4044 et
813 4007 866 4044 non
885 3990 1010 4045 uideatb
1066 3992 1100 4045 20
1121 3992 1192 4044 eruit
1207 4008 1225 4061 p
1296 3990 1377 4044 inferi
1392 4004 1463 4059 ppo;

325 4077 714 4147 insemiabepofDomb.
820 4080 871 4133 iste
891 4079 987 4137 om.e¹
1078 4078 1463 4149 beetmonooeppaet

325 4182 377 4224 om.
398 4184 440 4237 ρα
457 4168 557 4221 Domb.
666 4169 692 4221 ei
711 4184 762 4223 om.
781 4187 795 4223 e
902 4170 937 4223 25
963 4186 1016 4239 qna
1039 4174 1157 4239 propter,
1176 4170 1361 4238 superscripto
1380 4166 1462 4231 ubit

324 4256 431 4309 inferna
451 4255 583 4326 ae¹pra
595 4262 620 4319 f
633 4257 749 4325 Domb.,·
767 4258 912 4311 infernalia
930 4257 969 4325 e²;
987 4258 1086 4313 interni
1105 4258 1171 4329 bpo
1233 4258 1268 4311 26
1287 4258 1398 4312 uincula
1411 4263 1462 4327 prr·

326 4342 416 4396 uincla
434 4348 481 4397 cet.
500 4344 599 4399 Domb.
673 4344 845 4400 discenderet
861 4364 879 4417 p

415 3599 1463 3670 smmmmlwmmommmm2Mmm

326 3688 418 3742 2710,
439 3689 482 3754 ro,
502 3688 535 3740 ra
