<?xml version="1.0" encoding="UTF-8"?>
<!DOCTYPE html PUBLIC "-//W3C//DTD XHTML 1.0 Transitional//EN"
    "http://www.w3.org/TR/xhtml1/DTD/xhtml1-transitional.dtd">
<html xmlns="http://www.w3.org/1999/xhtml" xml:lang="en" lang="en">
 <head>
  <title>
</title>
<meta http-equiv="Content-Type" content="text/html;charset=utf-8" />
  <meta name='ocr-system' content='tesseract 3.04.00' />
  <meta name='ocr-capabilities' content='ocr_page ocr_carea ocr_par ocr_line ocrx_word'/>
</head>
<body>
  <div class='ocr_page' id='page_1' title='image "./corpusscriptoru07wiengoog/corpusscriptoru07wiengoog_0488.png"; bbox 0 0 3192 4959; ppageno 0'>
   <div class='ocr_carea' id='block_1_1' title="bbox 314 436 1116 508">
    <p class='ocr_par' dir='ltr' id='par_1_1' title="bbox 314 436 1116 508">
     <span class='ocr_line' id='line_1_1' title="bbox 314 436 1116 508; baseline -0.001 -15"><span class='ocrx_word' id='word_1_1' title='bbox 314 439 379 502; x_wconf 85' lang='grc'>468</span> <span class='ocrx_word' id='word_1_2' title='bbox 660 437 688 493; x_wconf 87' lang='lat' dir='ltr'>S.</span> <span class='ocrx_word' id='word_1_3' title='bbox 714 436 871 490; x_wconf 82' lang='lat' dir='ltr'><strong>Aurelii</strong></span> <span class='ocrx_word' id='word_1_4' title='bbox 899 439 1116 508; x_wconf 81' lang='lat' dir='ltr'><strong>Augustini</strong></span> 
     </span>
    </p>
   </div>
   <div class='ocr_carea' id='block_1_2' title="bbox 314 630 1494 2314">
    <p class='ocr_par' dir='ltr' id='par_1_2' title="bbox 314 630 1494 2314">
     <span class='ocr_line' id='line_1_2' title="bbox 316 630 1458 715; baseline 0.004 -22"><span class='ocrx_word' id='word_1_5' title='bbox 316 631 439 712; x_wconf 90' lang='lat' dir='ltr'>quando</span> <span class='ocrx_word' id='word_1_6' title='bbox 470 630 610 696; x_wconf 78' lang='lat' dir='ltr'>dicetur:</span> <span class='ocrx_word' id='word_1_7' title='bbox 640 630 716 696; x_wconf 90' lang='lat' dir='ltr'>Ubi</span> <span class='ocrx_word' id='word_1_8' title='bbox 746 633 831 695; x_wconf 80' lang='lat' dir='ltr'>est?</span> <span class='ocrx_word' id='word_1_9' title='bbox 860 631 952 695; x_wconf 89' lang='lat' dir='ltr'>Nune</span> <span class='ocrx_word' id='word_1_10' title='bbox 975 650 1051 696; x_wconf 89' lang='lat' dir='ltr'>uero</span> <span class='ocrx_word' id='word_1_11' title='bbox 1085 651 1145 697; x_wconf 90' lang='lat' dir='ltr'>non</span> <span class='ocrx_word' id='word_1_12' title='bbox 1180 631 1315 715; x_wconf 83' lang='lat' dir='ltr'>quilibet</span> <span class='ocrx_word' id='word_1_13' title='bbox 1340 633 1458 699; x_wconf 89' lang='lat' dir='ltr'>infimus</span> 
     </span>
     <span class='ocr_line' id='line_1_3' title="bbox 315 737 1458 822; baseline 0.005 -22"><span class='ocrx_word' id='word_1_14' title='bbox 315 738 396 801; x_wconf 86' lang='lat' dir='ltr'>ciuis</span> <span class='ocrx_word' id='word_1_15' title='bbox 424 737 514 801; x_wconf 88' lang='lat' dir='ltr'>illius</span> <span class='ocrx_word' id='word_1_16' title='bbox 543 737 696 815; x_wconf 84' lang='lat' dir='ltr'>ciuitatis,</span> <span class='ocrx_word' id='word_1_17' title='bbox 725 738 782 802; x_wconf 87' lang='lat' dir='ltr'>sed</span> <span class='ocrx_word' id='word_1_18' title='bbox 810 737 894 801; x_wconf 91' lang='lat' dir='ltr'>idem</span> <span class='ocrx_word' id='word_1_19' title='bbox 923 737 984 802; x_wconf 88' lang='lat' dir='ltr'>iste</span> <span class='ocrx_word' id='word_1_20' title='bbox 1008 739 1165 802; x_wconf 90' lang='lat' dir='ltr'>Iohannes</span> <span class='ocrx_word' id='word_1_21' title='bbox 1193 741 1225 804; x_wconf 90' lang='lat' dir='ltr'>in</span> <span class='ocrx_word' id='word_1_22' title='bbox 1250 739 1387 822; x_wconf 82' lang='lat' dir='ltr'>epistula</span> <span class='ocrx_word' id='word_1_23' title='bbox 1408 761 1458 806; x_wconf 88' lang='lat' dir='ltr'>sna</span> 
     </span>
     <span class='ocr_line' id='line_1_4' title="bbox 316 843 1457 928; baseline 0.003 -21"><span class='ocrx_word' id='word_1_24' title='bbox 316 846 448 908; x_wconf 88' lang='lat' dir='ltr'>elamat:</span> <span class='ocrx_word' id='word_1_25' title='bbox 478 843 519 908; x_wconf 90' lang='lat' dir='ltr'>Si</span> <span class='ocrx_word' id='word_1_26' title='bbox 543 843 779 920; x_wconf 84' lang='lat' dir='ltr'>dixerimus,</span> <span class='ocrx_word' id='word_1_27' title='bbox 811 844 905 926; x_wconf 91' lang='lat' dir='ltr'>quia</span> <span class='ocrx_word' id='word_1_28' title='bbox 928 849 1141 928; x_wconf 82' lang='lat' dir='ltr'>peecatum</span> <span class='ocrx_word' id='word_1_29' title='bbox 1165 865 1240 910; x_wconf 89' lang='lat' dir='ltr'>non</span> <span class='ocrx_word' id='word_1_30' title='bbox 1265 845 1457 925; x_wconf 77' lang='lat' dir='ltr'>habemur,</span> 
     </span>
     <span class='ocr_line' id='line_1_5' title="bbox 316 950 1456 1034; baseline 0.002 -20"><span class='ocrx_word' id='word_1_31' title='bbox 316 970 387 1014; x_wconf 89' lang='lat' dir='ltr'>nos</span> <span class='ocrx_word' id='word_1_32' title='bbox 416 951 532 1034; x_wconf 89' lang='lat' dir='ltr'>ipsos</span> <span class='ocrx_word' id='word_1_33' title='bbox 561 950 808 1028; x_wconf 82' lang='lat' dir='ltr'>seducimus,</span> <span class='ocrx_word' id='word_1_34' title='bbox 839 953 878 1014; x_wconf 88' lang='lat' dir='ltr'>et</span> <span class='ocrx_word' id='word_1_35' title='bbox 907 952 1068 1016; x_wconf 88' lang='lat' dir='ltr'>ueritas</span> <span class='ocrx_word' id='word_1_36' title='bbox 1091 952 1129 1016; x_wconf 94' lang='lat' dir='ltr'>in</span> <span class='ocrx_word' id='word_1_37' title='bbox 1155 952 1273 1018; x_wconf 88' lang='lat' dir='ltr'>nobis</span> <span class='ocrx_word' id='word_1_38' title='bbox 1297 973 1369 1018; x_wconf 91' lang='lat' dir='ltr'>non</span> <span class='ocrx_word' id='word_1_39' title='bbox 1392 958 1456 1018; x_wconf 87' lang='lat' dir='ltr'>est.</span> 
     </span>
     <span class='ocr_line' id='line_1_6' title="bbox 314 1056 1492 1143; baseline -0.003 -21"><span class='ocrx_word' id='word_1_40' title='bbox 314 1060 356 1122; x_wconf 83' lang='lat' dir='ltr'>Et</span> <span class='ocrx_word' id='word_1_41' title='bbox 379 1059 410 1122; x_wconf 92' lang='lat' dir='ltr'>in</span> <span class='ocrx_word' id='word_1_42' title='bbox 434 1057 494 1122; x_wconf 89' lang='lat' dir='ltr'>hoo</span> <span class='ocrx_word' id='word_1_43' title='bbox 520 1056 648 1140; x_wconf 91' lang='lat' dir='ltr'>quidem</span> <span class='ocrx_word' id='word_1_44' title='bbox 667 1057 760 1133; x_wconf 82' lang='lat' dir='ltr'>libro,</span> <span class='ocrx_word' id='word_1_45' title='bbox 785 1056 877 1122; x_wconf 88' lang='lat' dir='ltr'>ouius</span> <span class='ocrx_word' id='word_1_46' title='bbox 897 1077 1010 1122; x_wconf 86' lang='lat' dir='ltr'>nomen</span> <span class='ocrx_word' id='word_1_47' title='bbox 1031 1061 1079 1123; x_wconf 89' lang='lat' dir='ltr'>est</span> <span class='ocrx_word' id='word_1_48' title='bbox 1098 1059 1310 1143; x_wconf 83' lang='lat' dir='ltr'>apocalypsis,</span> <span class='ocrx_word' id='word_1_49' title='bbox 1334 1061 1456 1125; x_wconf 86' lang='lat' dir='ltr'>obscure</span> <span class='ocrx_word' id='word_1_50' title='bbox 1482 1083 1492 1119; x_wconf 79' lang='lat'>⁵</span> 
     </span>
     <span class='ocr_line' id='line_1_7' title="bbox 314 1165 1457 1251; baseline -0.001 -20"><span class='ocrx_word' id='word_1_51' title='bbox 314 1169 418 1231; x_wconf 90' lang='lat' dir='ltr'>multa</span> <span class='ocrx_word' id='word_1_52' title='bbox 449 1166 607 1243; x_wconf 84' lang='lat' dir='ltr'>dieantur,</span> <span class='ocrx_word' id='word_1_53' title='bbox 640 1169 678 1229; x_wconf 91' lang='lat' dir='ltr'>ut</span> <span class='ocrx_word' id='word_1_54' title='bbox 709 1168 848 1229; x_wconf 82' lang='lat' dir='ltr'>mentem</span> <span class='ocrx_word' id='word_1_55' title='bbox 866 1165 1012 1249; x_wconf 81' lang='lat' dir='ltr'>legentis</span> <span class='ocrx_word' id='word_1_56' title='bbox 1042 1170 1215 1244; x_wconf 79' lang='lat' dir='ltr'>exerceant,</span> <span class='ocrx_word' id='word_1_57' title='bbox 1249 1172 1281 1231; x_wconf 92' lang='lat' dir='ltr'>et</span> <span class='ocrx_word' id='word_1_58' title='bbox 1309 1187 1406 1251; x_wconf 86' lang='lat' dir='ltr'>pauca</span> <span class='ocrx_word' id='word_1_59' title='bbox 1430 1167 1457 1231; x_wconf 91' lang='lat' dir='ltr'>in</span> 
     </span>
     <span class='ocr_line' id='line_1_8' title="bbox 316 1261 1458 1356; baseline -0.002 -19"><span class='ocrx_word' id='word_1_60' title='bbox 316 1293 352 1337; x_wconf 91' lang='lat' dir='ltr'>eo</span> <span class='ocrx_word' id='word_1_61' title='bbox 386 1277 471 1350; x_wconf 87' lang='lat' dir='ltr'>sunt,</span> <span class='ocrx_word' id='word_1_62' title='bbox 509 1291 545 1335; x_wconf 87' lang='lat' dir='ltr'>ex</span> <span class='ocrx_word' id='word_1_63' title='bbox 580 1291 714 1354; x_wconf 87' lang='lat' dir='ltr'>quorum</span> <span class='ocrx_word' id='word_1_64' title='bbox 746 1271 1001 1336; x_wconf 73' lang='lat' dir='ltr'>manifestatione</span> <span class='ocrx_word' id='word_1_65' title='bbox 1039 1273 1229 1356; x_wconf 87' lang='lat' dir='ltr'>indagentur</span> <span class='ocrx_word' id='word_1_66' title='bbox 1261 1277 1364 1338; x_wconf 86' lang='lat' dir='ltr'>cetera</span> <span class='ocrx_word' id='word_1_67' title='bbox 1384 1261 1458 1338; x_wconf 78' lang='lat' dir='ltr'>&#39;eun</span> 
     </span>
     <span class='ocr_line' id='line_1_9' title="bbox 315 1378 1459 1461; baseline 0 -18"><span class='ocrx_word' id='word_1_68' title='bbox 315 1380 438 1454; x_wconf 86' lang='lat' dir='ltr'>labore;</span> <span class='ocrx_word' id='word_1_69' title='bbox 468 1379 603 1442; x_wconf 84' lang='lat' dir='ltr'>maxime</span> <span class='ocrx_word' id='word_1_70' title='bbox 633 1378 708 1460; x_wconf 90' lang='lat' dir='ltr'>quia</span> <span class='ocrx_word' id='word_1_71' title='bbox 730 1378 776 1441; x_wconf 87' lang='lat' dir='ltr'>eie</span> <span class='ocrx_word' id='word_1_72' title='bbox 802 1378 912 1442; x_wconf 87' lang='lat' dir='ltr'>eadem</span> <span class='ocrx_word' id='word_1_73' title='bbox 936 1379 1047 1443; x_wconf 87' lang='lat' dir='ltr'>multis</span> <span class='ocrx_word' id='word_1_74' title='bbox 1067 1379 1171 1443; x_wconf 88' lang='lat' dir='ltr'>modis</span> <span class='ocrx_word' id='word_1_75' title='bbox 1195 1381 1321 1461; x_wconf 80' lang='lat' dir='ltr'>repetit,</span> <span class='ocrx_word' id='word_1_76' title='bbox 1350 1380 1459 1444; x_wconf 89' lang='lat' dir='ltr'>utalia</span> 
     </span>
     <span class='ocr_line' id='line_1_10' title="bbox 317 1483 1460 1570; baseline 0.001 -22"><span class='ocrx_word' id='word_1_77' title='bbox 317 1486 420 1568; x_wconf 88' lang='lat' dir='ltr'>adque</span> <span class='ocrx_word' id='word_1_78' title='bbox 447 1484 510 1548; x_wconf 91' lang='lat' dir='ltr'>alia</span> <span class='ocrx_word' id='word_1_79' title='bbox 533 1484 636 1548; x_wconf 81' lang='lat' dir='ltr'>dicere</span> <span class='ocrx_word' id='word_1_80' title='bbox 659 1483 816 1561; x_wconf 86' lang='lat' dir='ltr'>uideatur,</span> <span class='ocrx_word' id='word_1_81' title='bbox 842 1503 914 1549; x_wconf 89' lang='lat' dir='ltr'>eum</span> <span class='ocrx_word' id='word_1_82' title='bbox 939 1485 1032 1550; x_wconf 86' lang='lat' dir='ltr'>aliter</span> <span class='ocrx_word' id='word_1_83' title='bbox 1055 1485 1156 1569; x_wconf 90' lang='lat' dir='ltr'>adque</span> <span class='ocrx_word' id='word_1_84' title='bbox 1180 1487 1273 1551; x_wconf 87' lang='lat' dir='ltr'>aliter</span> <span class='ocrx_word' id='word_1_85' title='bbox 1300 1488 1376 1551; x_wconf 89' lang='lat' dir='ltr'>baeo</span> <span class='ocrx_word' id='word_1_86' title='bbox 1399 1488 1460 1570; x_wconf 89' lang='lat' dir='ltr'>ipsa</span> 
     </span>
     <span class='ocr_line' id='line_1_11' title="bbox 318 1589 1494 1676; baseline -0.003 -21"><span class='ocrx_word' id='word_1_87' title='bbox 318 1592 420 1656; x_wconf 89' lang='lat' dir='ltr'>dicere</span> <span class='ocrx_word' id='word_1_88' title='bbox 449 1591 636 1674; x_wconf 85' lang='lat' dir='ltr'>uestigetur.</span> <span class='ocrx_word' id='word_1_89' title='bbox 661 1589 779 1654; x_wconf 88' lang='lat' dir='ltr'>Verum</span> <span class='ocrx_word' id='word_1_90' title='bbox 803 1590 834 1653; x_wconf 95' lang='lat' dir='ltr'>in</span> <span class='ocrx_word' id='word_1_91' title='bbox 859 1591 909 1655; x_wconf 91' lang='lat' dir='ltr'>his</span> <span class='ocrx_word' id='word_1_92' title='bbox 933 1591 1050 1668; x_wconf 86' lang='lat' dir='ltr'>uerbis,</span> <span class='ocrx_word' id='word_1_93' title='bbox 1080 1593 1134 1656; x_wconf 89' lang='lat' dir='ltr'>ubi</span> <span class='ocrx_word' id='word_1_94' title='bbox 1159 1593 1218 1658; x_wconf 88' lang='lat' dir='ltr'>ait:</span> <span class='ocrx_word' id='word_1_95' title='bbox 1247 1593 1459 1676; x_wconf 70' lang='lat' dir='ltr'>absterget</span> <span class='ocrx_word' id='word_1_96' title='bbox 1475 1613 1494 1650; x_wconf 87' lang='lat' dir='ltr'>n</span> 
     </span>
     <span class='ocr_line' id='line_1_12' title="bbox 319 1696 1459 1776; baseline -0.002 -14"><span class='ocrx_word' id='word_1_97' title='bbox 319 1717 469 1762; x_wconf 88' lang='lat' dir='ltr'>omnem</span> <span class='ocrx_word' id='word_1_98' title='bbox 506 1696 716 1761; x_wconf 88' lang='lat' dir='ltr'>lacrimam</span> <span class='ocrx_word' id='word_1_99' title='bbox 753 1697 798 1761; x_wconf 89' lang='lat' dir='ltr'>ab</span> <span class='ocrx_word' id='word_1_100' title='bbox 834 1697 968 1761; x_wconf 89' lang='lat' dir='ltr'>oeulis</span> <span class='ocrx_word' id='word_1_101' title='bbox 1002 1716 1147 1776; x_wconf 83' lang='lat' dir='ltr'>eorum,</span> <span class='ocrx_word' id='word_1_102' title='bbox 1186 1702 1225 1764; x_wconf 87' lang='lat' dir='ltr'>et</span> <span class='ocrx_word' id='word_1_103' title='bbox 1256 1719 1360 1765; x_wconf 89' lang='lat' dir='ltr'>mors</span> <span class='ocrx_word' id='word_1_104' title='bbox 1391 1700 1459 1763; x_wconf 86' lang='lat' dir='ltr'>ianr</span> 
     </span>
     <span class='ocr_line' id='line_1_13' title="bbox 318 1804 1459 1886; baseline 0 -18"><span class='ocrx_word' id='word_1_105' title='bbox 318 1823 392 1868; x_wconf 92' lang='lat' dir='ltr'>non</span> <span class='ocrx_word' id='word_1_106' title='bbox 418 1805 499 1868; x_wconf 90' lang='lat' dir='ltr'>erit</span> <span class='ocrx_word' id='word_1_107' title='bbox 521 1823 650 1886; x_wconf 88' lang='lat' dir='ltr'>neque</span> <span class='ocrx_word' id='word_1_108' title='bbox 672 1805 815 1868; x_wconf 85' lang='lat' dir='ltr'>luctus</span> <span class='ocrx_word' id='word_1_109' title='bbox 840 1823 969 1886; x_wconf 92' lang='lat' dir='ltr'>neque</span> <span class='ocrx_word' id='word_1_110' title='bbox 990 1804 1153 1882; x_wconf 83' lang='lat' dir='ltr'>elamor,</span> <span class='ocrx_word' id='word_1_111' title='bbox 1179 1805 1247 1870; x_wconf 90' lang='lat' dir='ltr'>sed</span> <span class='ocrx_word' id='word_1_112' title='bbox 1268 1825 1337 1870; x_wconf 88' lang='lat' dir='ltr'>neo</span> <span class='ocrx_word' id='word_1_113' title='bbox 1357 1806 1459 1870; x_wconf 89' lang='lat' dir='ltr'>dolor</span> 
     </span>
     <span class='ocr_line' id='line_1_14' title="bbox 318 1909 1457 1988; baseline -0.001 -15"><span class='ocrx_word' id='word_1_114' title='bbox 318 1912 442 1988; x_wconf 86' lang='lat' dir='ltr'>nllus,</span> <span class='ocrx_word' id='word_1_115' title='bbox 471 1912 560 1975; x_wconf 90' lang='lat' dir='ltr'>tanta</span> <span class='ocrx_word' id='word_1_116' title='bbox 587 1911 659 1975; x_wconf 88' lang='lat' dir='ltr'>luce</span> <span class='ocrx_word' id='word_1_117' title='bbox 688 1909 773 1974; x_wconf 88' lang='lat' dir='ltr'>diota</span> <span class='ocrx_word' id='word_1_118' title='bbox 796 1912 872 1973; x_wconf 88' lang='lat' dir='ltr'>sunt</span> <span class='ocrx_word' id='word_1_119' title='bbox 895 1909 932 1973; x_wconf 90' lang='lat' dir='ltr'>de</span> <span class='ocrx_word' id='word_1_120' title='bbox 956 1910 1083 1974; x_wconf 88' lang='lat' dir='ltr'>saeonlo</span> <span class='ocrx_word' id='word_1_121' title='bbox 1107 1911 1214 1974; x_wconf 88' lang='lat' dir='ltr'>futuro</span> <span class='ocrx_word' id='word_1_122' title='bbox 1239 1915 1272 1974; x_wconf 89' lang='lat' dir='ltr'>et</span> <span class='ocrx_word' id='word_1_123' title='bbox 1295 1911 1332 1976; x_wconf 89' lang='lat' dir='ltr'>de</span> <span class='ocrx_word' id='word_1_124' title='bbox 1353 1913 1457 1976; x_wconf 88' lang='lat' dir='ltr'>inmor-</span> 
     </span>
     <span class='ocr_line' id='line_1_15' title="bbox 318 2016 1458 2100; baseline -0.002 -18"><span class='ocrx_word' id='word_1_125' title='bbox 318 2019 443 2082; x_wconf 86' lang='lat' dir='ltr'>talitate</span> <span class='ocrx_word' id='word_1_126' title='bbox 472 2017 573 2100; x_wconf 88' lang='lat' dir='ltr'>adque</span> <span class='ocrx_word' id='word_1_127' title='bbox 598 2016 784 2080; x_wconf 88' lang='lat' dir='ltr'>aeternitate</span> <span class='ocrx_word' id='word_1_128' title='bbox 809 2019 992 2080; x_wconf 84' lang='lat' dir='ltr'>sanctorum</span> <span class='ocrx_word' id='word_1_129' title='bbox 1021 2020 1107 2094; x_wconf 89' lang='lat' dir='ltr'>(tunc</span> <span class='ocrx_word' id='word_1_130' title='bbox 1132 2018 1215 2082; x_wconf 88' lang='lat' dir='ltr'>enirn</span> <span class='ocrx_word' id='word_1_131' title='bbox 1240 2019 1344 2082; x_wconf 87' lang='lat' dir='ltr'>solum</span> <span class='ocrx_word' id='word_1_132' title='bbox 1368 2018 1458 2100; x_wconf 90' lang='lat' dir='ltr'>adque</span> 
     </span>
     <span class='ocr_line' id='line_1_16' title="bbox 318 2122 1491 2204; baseline -0.007 -15"><span class='ocrx_word' id='word_1_133' title='bbox 318 2125 364 2189; x_wconf 93' lang='lat' dir='ltr'>ibi</span> <span class='ocrx_word' id='word_1_134' title='bbox 387 2124 491 2188; x_wconf 87' lang='lat' dir='ltr'>solum</span> <span class='ocrx_word' id='word_1_135' title='bbox 515 2125 577 2188; x_wconf 88' lang='lat' dir='ltr'>ista</span> <span class='ocrx_word' id='word_1_136' title='bbox 601 2142 662 2187; x_wconf 92' lang='lat' dir='ltr'>non</span> <span class='ocrx_word' id='word_1_137' title='bbox 687 2122 802 2204; x_wconf 79' lang='lat' dir='ltr'>erunt),</span> <span class='ocrx_word' id='word_1_138' title='bbox 833 2127 870 2186; x_wconf 91' lang='lat' dir='ltr'>ut</span> <span class='ocrx_word' id='word_1_139' title='bbox 889 2124 976 2188; x_wconf 93' lang='lat' dir='ltr'>nulla</span> <span class='ocrx_word' id='word_1_140' title='bbox 995 2123 1165 2190; x_wconf 84' lang='lat' dir='ltr'>debeamus</span> <span class='ocrx_word' id='word_1_141' title='bbox 1183 2124 1216 2188; x_wconf 91' lang='lat' dir='ltr'>in</span> <span class='ocrx_word' id='word_1_142' title='bbox 1234 2125 1349 2190; x_wconf 86' lang='lat' dir='ltr'>litteris</span> <span class='ocrx_word' id='word_1_143' title='bbox 1367 2123 1454 2188; x_wconf 82' lang='lat' dir='ltr'>saeris</span> <span class='ocrx_word' id='word_1_144' title='bbox 1472 2143 1491 2181; x_wconf 84' lang='lat' dir='ltr'>n</span> 
     </span>
     <span class='ocr_line' id='line_1_17' title="bbox 320 2228 1454 2314; baseline -0.004 -20"><span class='ocrx_word' id='word_1_145' title='bbox 320 2249 468 2313; x_wconf 85' lang='lat' dir='ltr'>quaerere</span> <span class='ocrx_word' id='word_1_146' title='bbox 495 2230 549 2294; x_wconf 92' lang='lat' dir='ltr'>uel</span> <span class='ocrx_word' id='word_1_147' title='bbox 578 2231 684 2314; x_wconf 87' lang='lat' dir='ltr'>legere</span> <span class='ocrx_word' id='word_1_148' title='bbox 711 2228 890 2307; x_wconf 85' lang='lat' dir='ltr'>manifesta,</span> <span class='ocrx_word' id='word_1_149' title='bbox 920 2231 946 2293; x_wconf 88' lang='lat' dir='ltr'>si</span> <span class='ocrx_word' id='word_1_150' title='bbox 979 2229 1055 2294; x_wconf 90' lang='lat' dir='ltr'>haee</span> <span class='ocrx_word' id='word_1_151' title='bbox 1079 2232 1301 2312; x_wconf 87' lang='lat' dir='ltr'>putauerimus</span> <span class='ocrx_word' id='word_1_152' title='bbox 1325 2231 1454 2296; x_wconf 86' lang='lat' dir='ltr'>obseura.</span> 
     </span>
    </p>
   </div>
   <div class='ocr_carea' id='block_1_3' title="bbox 754 2421 1033 2488">
    <p class='ocr_par' dir='ltr' id='par_1_3' title="bbox 754 2421 1033 2488">
     <span class='ocr_line' id='line_1_18' title="bbox 754 2421 1033 2488; baseline 0.004 -1"><span class='ocrx_word' id='word_1_153' title='bbox 754 2421 892 2487; x_wconf 83' lang='lat' dir='ltr'><strong>CAPUT</strong></span> <span class='ocrx_word' id='word_1_154' title='bbox 916 2423 1033 2488; x_wconf 87' lang='lat' dir='ltr'>XVIII.</span> 
     </span>
    </p>
   </div>
   <div class='ocr_carea' id='block_1_4' title="bbox 321 2563 1452 2752">
    <p class='ocr_par' dir='ltr' id='par_1_4' title="bbox 321 2563 1452 2752">
     <span class='ocr_line' id='line_1_19' title="bbox 321 2563 1452 2648; baseline -0.005 -17"><span class='ocrx_word' id='word_1_155' title='bbox 321 2564 424 2645; x_wconf 78' lang='lat' dir='ltr'>Quid</span> <span class='ocrx_word' id='word_1_156' title='bbox 456 2565 675 2648; x_wconf 88' lang='lat' dir='ltr'>apostolus</span> <span class='ocrx_word' id='word_1_157' title='bbox 703 2565 850 2628; x_wconf 90' lang='lat' dir='ltr'>Petrus</span> <span class='ocrx_word' id='word_1_158' title='bbox 879 2563 923 2627; x_wconf 87' lang='lat' dir='ltr'>de</span> <span class='ocrx_word' id='word_1_159' title='bbox 953 2564 1180 2629; x_wconf 89' lang='lat' dir='ltr'>nouissimo</span> <span class='ocrx_word' id='word_1_160' title='bbox 1209 2565 1284 2628; x_wconf 88' lang='lat' dir='ltr'>Dei</span> <span class='ocrx_word' id='word_1_161' title='bbox 1314 2563 1452 2630; x_wconf 88' lang='lat' dir='ltr'>iudicio</span> 
     </span>
     <span class='ocr_line' id='line_1_20' title="bbox 766 2669 1032 2752; baseline 0 -18"><span class='ocrx_word' id='word_1_162' title='bbox 766 2669 1032 2752; x_wconf 84' lang='lat' dir='ltr'>praedicarit.</span> 
     </span>
    </p>
   </div>
   <div class='ocr_carea' id='block_1_5' title="bbox 321 2811 1487 3746">
    <p class='ocr_par' dir='ltr' id='par_1_5' title="bbox 321 2811 1487 3746">
     <span class='ocr_line' id='line_1_21' title="bbox 365 2811 1487 2895; baseline -0.007 -17"><span class='ocrx_word' id='word_1_163' title='bbox 365 2815 458 2878; x_wconf 79' lang='lat' dir='ltr'>Nune</span> <span class='ocrx_word' id='word_1_164' title='bbox 486 2813 549 2876; x_wconf 90' lang='lat' dir='ltr'>iam</span> <span class='ocrx_word' id='word_1_165' title='bbox 578 2813 757 2889; x_wconf 78' lang='lat' dir='ltr'>uideamur,</span> <span class='ocrx_word' id='word_1_166' title='bbox 786 2811 862 2894; x_wconf 90' lang='lat' dir='ltr'>quid</span> <span class='ocrx_word' id='word_1_167' title='bbox 892 2812 988 2876; x_wconf 88' lang='lat' dir='ltr'>etiam</span> <span class='ocrx_word' id='word_1_168' title='bbox 1019 2813 1183 2895; x_wconf 87' lang='lat' dir='ltr'>apostolus</span> <span class='ocrx_word' id='word_1_169' title='bbox 1211 2813 1326 2878; x_wconf 88' lang='lat' dir='ltr'>Petrus</span> <span class='ocrx_word' id='word_1_170' title='bbox 1350 2813 1384 2876; x_wconf 93' lang='lat' dir='ltr'>de</span> <span class='ocrx_word' id='word_1_171' title='bbox 1404 2811 1487 2874; x_wconf 74' lang='lat' dir='ltr'>boen</span> 
     </span>
     <span class='ocr_line' id='line_1_22' title="bbox 322 2919 1452 3002; baseline -0.005 -18"><span class='ocrx_word' id='word_1_172' title='bbox 322 2920 440 2985; x_wconf 82' lang='lat' dir='ltr'>iudicio</span> <span class='ocrx_word' id='word_1_173' title='bbox 466 2920 646 3001; x_wconf 85' lang='lat' dir='ltr'>scripserit:</span> <span class='ocrx_word' id='word_1_174' title='bbox 670 2919 843 2994; x_wconf 83' lang='lat' dir='ltr'>Venient,</span> <span class='ocrx_word' id='word_1_175' title='bbox 867 2919 981 3002; x_wconf 78' lang='lat' dir='ltr'>inquil,</span> <span class='ocrx_word' id='word_1_176' title='bbox 1013 2919 1049 2983; x_wconf 93' lang='lat' dir='ltr'>in</span> <span class='ocrx_word' id='word_1_177' title='bbox 1082 2919 1292 2983; x_wconf 88' lang='lat' dir='ltr'>nouissimo</span> <span class='ocrx_word' id='word_1_178' title='bbox 1327 2919 1452 2983; x_wconf 87' lang='lat' dir='ltr'>dierum</span> 
     </span>
     <span class='ocr_line' id='line_1_23' title="bbox 321 3023 1453 3108; baseline -0.004 -18"><span class='ocrx_word' id='word_1_179' title='bbox 321 3026 515 3091; x_wconf 89' lang='lat' dir='ltr'>inlusione</span> <span class='ocrx_word' id='word_1_180' title='bbox 556 3025 786 3099; x_wconf 75' lang='lat' dir='ltr'>inludentes,</span> <span class='ocrx_word' id='word_1_181' title='bbox 836 3024 1042 3089; x_wconf 85' lang='lat' dir='ltr'>seeundum</span> <span class='ocrx_word' id='word_1_182' title='bbox 1084 3026 1256 3108; x_wconf 86' lang='lat' dir='ltr'>proprias</span> <span class='ocrx_word' id='word_1_183' title='bbox 1300 3023 1453 3105; x_wconf 82' lang='lat' dir='ltr'>eoncupi-</span> 
     </span>
     <span class='ocr_line' id='line_1_24' title="bbox 324 3131 1453 3214; baseline -0.005 -18"><span class='ocrx_word' id='word_1_184' title='bbox 324 3133 491 3197; x_wconf 85' lang='lat' dir='ltr'>scentias</span> <span class='ocrx_word' id='word_1_185' title='bbox 516 3152 604 3197; x_wconf 86' lang='lat' dir='ltr'>suaa</span> <span class='ocrx_word' id='word_1_186' title='bbox 629 3136 762 3197; x_wconf 90' lang='lat' dir='ltr'>euntes</span> <span class='ocrx_word' id='word_1_187' title='bbox 787 3134 825 3196; x_wconf 91' lang='lat' dir='ltr'>et</span> <span class='ocrx_word' id='word_1_188' title='bbox 849 3131 1034 3196; x_wconf 89' lang='lat' dir='ltr'>dieentes:</span> <span class='ocrx_word' id='word_1_189' title='bbox 1068 3131 1139 3197; x_wconf 91' lang='lat' dir='ltr'>Ubi</span> <span class='ocrx_word' id='word_1_190' title='bbox 1163 3135 1222 3196; x_wconf 89' lang='lat' dir='ltr'>est</span> <span class='ocrx_word' id='word_1_191' title='bbox 1244 3131 1453 3214; x_wconf 86' lang='lat' dir='ltr'>promissum</span> 
     </span>
     <span class='ocr_line' id='line_1_25' title="bbox 322 3238 1451 3322; baseline 0.003 -20"><span class='ocrx_word' id='word_1_192' title='bbox 322 3239 562 3322; x_wconf 84' lang='lat' dir='ltr'>praesentiae</span> <span class='ocrx_word' id='word_1_193' title='bbox 589 3239 734 3322; x_wconf 79' lang='lat' dir='ltr'>ipsius?</span> <span class='ocrx_word' id='word_1_194' title='bbox 767 3239 818 3302; x_wconf 81' lang='lat' dir='ltr'>lla</span> <span class='ocrx_word' id='word_1_195' title='bbox 847 3259 917 3320; x_wconf 90' lang='lat' dir='ltr'>quo</span> <span class='ocrx_word' id='word_1_196' title='bbox 947 3238 1043 3302; x_wconf 88' lang='lat' dir='ltr'>enirn</span> <span class='ocrx_word' id='word_1_197' title='bbox 1072 3243 1198 3320; x_wconf 85' lang='lat' dir='ltr'>patres</span> <span class='ocrx_word' id='word_1_198' title='bbox 1228 3238 1451 3304; x_wconf 80' lang='lat' dir='ltr'>dormierunt</span> 
     </span>
     <span class='ocr_line' id='line_1_26' title="bbox 323 3341 1485 3429; baseline -0.009 -19"><span class='ocrx_word' id='word_1_199' title='bbox 323 3347 380 3410; x_wconf 88' lang='lat' dir='ltr'>sie</span> <span class='ocrx_word' id='word_1_200' title='bbox 404 3345 527 3410; x_wconf 89' lang='lat' dir='ltr'>omnia</span> <span class='ocrx_word' id='word_1_201' title='bbox 548 3349 796 3429; x_wconf 86' lang='lat' dir='ltr'>perseuerant</span> <span class='ocrx_word' id='word_1_202' title='bbox 816 3346 857 3409; x_wconf 90' lang='lat' dir='ltr'>ab</span> <span class='ocrx_word' id='word_1_203' title='bbox 877 3345 989 3410; x_wconf 87' lang='lat' dir='ltr'>initio</span> <span class='ocrx_word' id='word_1_204' title='bbox 1010 3348 1216 3412; x_wconf 82' lang='lat' dir='ltr'>creaturae.</span> <span class='ocrx_word' id='word_1_205' title='bbox 1242 3346 1346 3409; x_wconf 86' lang='lat' dir='ltr'>Latet</span> <span class='ocrx_word' id='word_1_206' title='bbox 1367 3341 1450 3406; x_wconf 89' lang='lat' dir='ltr'>eninr</span> <span class='ocrx_word' id='word_1_207' title='bbox 1466 3361 1485 3401; x_wconf 75' lang='lat' dir='ltr'>a</span> 
     </span>
     <span class='ocr_line' id='line_1_27' title="bbox 323 3445 1452 3534; baseline -0.006 -19"><span class='ocrx_word' id='word_1_208' title='bbox 323 3453 414 3518; x_wconf 91' lang='lat' dir='ltr'>illos</span> <span class='ocrx_word' id='word_1_209' title='bbox 443 3453 512 3518; x_wconf 90' lang='lat' dir='ltr'>hoe</span> <span class='ocrx_word' id='word_1_210' title='bbox 540 3452 726 3529; x_wconf 84' lang='lat' dir='ltr'>uolentes,</span> <span class='ocrx_word' id='word_1_211' title='bbox 757 3452 845 3534; x_wconf 93' lang='lat' dir='ltr'>quia</span> <span class='ocrx_word' id='word_1_212' title='bbox 874 3452 969 3516; x_wconf 83' lang='lat' dir='ltr'>caeli</span> <span class='ocrx_word' id='word_1_213' title='bbox 999 3455 1104 3516; x_wconf 88' lang='lat' dir='ltr'>erant</span> <span class='ocrx_word' id='word_1_214' title='bbox 1133 3450 1222 3516; x_wconf 89' lang='lat' dir='ltr'>olim</span> <span class='ocrx_word' id='word_1_215' title='bbox 1246 3456 1283 3516; x_wconf 91' lang='lat' dir='ltr'>et</span> <span class='ocrx_word' id='word_1_216' title='bbox 1305 3455 1394 3515; x_wconf 85' lang='lat' dir='ltr'>terra</span> <span class='ocrx_word' id='word_1_217' title='bbox 1416 3445 1452 3509; x_wconf 87' lang='lat' dir='ltr'>de</span> 
     </span>
     <span class='ocr_line' id='line_1_28' title="bbox 324 3557 1451 3641; baseline -0.008 -19"><span class='ocrx_word' id='word_1_218' title='bbox 324 3578 429 3641; x_wconf 87' lang='lat' dir='ltr'>aqua,</span> <span class='ocrx_word' id='word_1_219' title='bbox 463 3561 500 3622; x_wconf 90' lang='lat' dir='ltr'>et</span> <span class='ocrx_word' id='word_1_220' title='bbox 525 3578 590 3640; x_wconf 88' lang='lat' dir='ltr'>per</span> <span class='ocrx_word' id='word_1_221' title='bbox 618 3577 749 3640; x_wconf 89' lang='lat' dir='ltr'>aquam</span> <span class='ocrx_word' id='word_1_222' title='bbox 783 3558 997 3623; x_wconf 80' lang='lat' dir='ltr'>eonstItuta</span> <span class='ocrx_word' id='word_1_223' title='bbox 1025 3557 1092 3621; x_wconf 89' lang='lat' dir='ltr'>Dei</span> <span class='ocrx_word' id='word_1_224' title='bbox 1121 3557 1247 3634; x_wconf 84' lang='lat' dir='ltr'>uerb0,</span> <span class='ocrx_word' id='word_1_225' title='bbox 1280 3570 1451 3640; x_wconf 89' lang='lat' dir='ltr'>perquae.</span> 
     </span>
     <span class='ocr_line' id='line_1_29' title="bbox 324 3655 1450 3746; baseline -0.009 -18"><span class='ocrx_word' id='word_1_226' title='bbox 324 3664 388 3746; x_wconf 94' lang='lat' dir='ltr'>qui</span> <span class='ocrx_word' id='word_1_227' title='bbox 416 3667 505 3727; x_wconf 87' lang='lat' dir='ltr'>tune</span> <span class='ocrx_word' id='word_1_228' title='bbox 533 3666 613 3727; x_wconf 88' lang='lat' dir='ltr'>erat</span> <span class='ocrx_word' id='word_1_229' title='bbox 641 3663 811 3740; x_wconf 84' lang='lat' dir='ltr'>mundus,</span> <span class='ocrx_word' id='word_1_230' title='bbox 841 3683 934 3746; x_wconf 90' lang='lat' dir='ltr'>aqua</span> <span class='ocrx_word' id='word_1_231' title='bbox 963 3661 1168 3727; x_wconf 87' lang='lat' dir='ltr'>inundatus</span> <span class='ocrx_word' id='word_1_232' title='bbox 1198 3662 1361 3746; x_wconf 87' lang='lat' dir='ltr'>deperiit.</span> <span class='ocrx_word' id='word_1_233' title='bbox 1390 3655 1450 3737; x_wconf 88' lang='lat' dir='ltr'>Qui</span> 
     </span>
    </p>
   </div>
   <div class='ocr_carea' id='block_1_6' title="bbox 414 3854 1002 3922">
    <p class='ocr_par' dir='ltr' id='par_1_6' title="bbox 414 3854 1002 3922">
     <span class='ocr_line' id='line_1_30' title="bbox 414 3854 1002 3922; baseline -0.003 -14"><span class='ocrx_word' id='word_1_234' title='bbox 414 3857 430 3909; x_wconf 89' lang='lat'><strong>3</strong></span> <span class='ocrx_word' id='word_1_235' title='bbox 452 3857 474 3908; x_wconf 93' lang='grc'>1.</span> <span class='ocrx_word' id='word_1_236' title='bbox 495 3855 534 3911; x_wconf 89' lang='lat' dir='ltr'>Io.</span> <span class='ocrx_word' id='word_1_237' title='bbox 556 3854 616 3916; x_wconf 85' lang='lat'>1,8</span> <span class='ocrx_word' id='word_1_238' title='bbox 671 3855 703 3907; x_wconf 93' lang='grc'>21</span> <span class='ocrx_word' id='word_1_239' title='bbox 725 3856 750 3906; x_wconf 91' lang='grc'>2.</span> <span class='ocrx_word' id='word_1_240' title='bbox 769 3854 844 3910; x_wconf 89' lang='lat' dir='ltr'>Petr.</span> <span class='ocrx_word' id='word_1_241' title='bbox 864 3855 888 3918; x_wconf 84' lang='lat'>3,</span> <span class='ocrx_word' id='word_1_242' title='bbox 909 3855 924 3907; x_wconf 88' lang='grc'><strong>3</strong></span> <span class='ocrx_word' id='word_1_243' title='bbox 945 3869 1002 3922; x_wconf 87' lang='lat' dir='ltr'>sqq.</span> 
     </span>
    </p>
   </div>
   <div class='ocr_carea' id='block_1_7' title="bbox 324 3967 1450 4402">
    <p class='ocr_par' dir='ltr' id='par_1_7' title="bbox 324 3967 1450 4402">
     <span class='ocr_line' id='line_1_31' title="bbox 362 3967 1443 4047; baseline -0.006 -15"><span class='ocrx_word' id='word_1_244' title='bbox 362 3980 374 4032; x_wconf 92' lang='lat'>1</span> <span class='ocrx_word' id='word_1_245' title='bbox 396 3979 504 4031; x_wconf 82' lang='lat' dir='ltr'>infirnus</span> <span class='ocrx_word' id='word_1_246' title='bbox 524 3993 636 4045; x_wconf 60' lang='lat' dir='ltr'>apum</span> <span class='ocrx_word' id='word_1_247' title='bbox 653 3977 775 4030; x_wconf 82' lang='lat' dir='ltr'>infirmus</span> <span class='ocrx_word' id='word_1_248' title='bbox 795 3977 884 4047; x_wconf 69' lang='lat' dir='ltr'>beyn</span> <span class='ocrx_word' id='word_1_249' title='bbox 903 3977 1002 4031; x_wconf 83' lang='lat' dir='ltr'>Domb.</span> <span class='ocrx_word' id='word_1_250' title='bbox 1058 3979 1074 4031; x_wconf 84' lang='lat'><strong>2</strong></span> <span class='ocrx_word' id='word_1_251' title='bbox 1093 3977 1146 4030; x_wconf 86' lang='lat' dir='ltr'>iste</span> <span class='ocrx_word' id='word_1_252' title='bbox 1166 3993 1245 4047; x_wconf 70' lang='lat' dir='ltr'>cyp:</span> <span class='ocrx_word' id='word_1_253' title='bbox 1263 3978 1347 4046; x_wconf 84' lang='lat' dir='ltr'>ipseo</span> <span class='ocrx_word' id='word_1_254' title='bbox 1364 3967 1443 4026; x_wconf 71' lang='lat' dir='ltr'>Domi</span> 
     </span>
     <span class='ocr_line' id='line_1_32' title="bbox 325 4061 1450 4135; baseline -0.011 -15"><span class='ocrx_word' id='word_1_255' title='bbox 325 4066 510 4135; x_wconf 72' lang='lat' dir='ltr'>ldeeipimus</span> <span class='ocrx_word' id='word_1_256' title='bbox 530 4066 602 4118; x_wconf 80' lang='lat' dir='ltr'>aba</span> <span class='ocrx_word' id='word_1_257' title='bbox 688 4065 862 4133; x_wconf 74' lang='lat' dir='ltr'>berlerceat</span> <span class='ocrx_word' id='word_1_258' title='bbox 877 4083 895 4135; x_wconf 73' lang='grc'><em>9</em></span> <span class='ocrx_word' id='word_1_259' title='bbox 981 4067 1044 4120; x_wconf 80' lang='lat' dir='ltr'>let</span> <span class='ocrx_word' id='word_1_260' title='bbox 1062 4065 1187 4120; x_wconf 84' lang='lat' dir='ltr'>ceterab</span> <span class='ocrx_word' id='word_1_261' title='bbox 1275 4067 1305 4119; x_wconf 88' lang='lat'>10</span> <span class='ocrx_word' id='word_1_262' title='bbox 1321 4061 1450 4128; x_wconf 74' lang='lat' dir='ltr'>Absterget</span> 
     </span>
     <span class='ocr_line' id='line_1_33' title="bbox 324 4147 1448 4225; baseline -0.009 -17"><span class='ocrx_word' id='word_1_263' title='bbox 324 4155 429 4208; x_wconf 82' lang='lat' dir='ltr'>Denso</span> <span class='ocrx_word' id='word_1_264' title='bbox 481 4155 513 4207; x_wconf 83' lang='lat'>12</span> <span class='ocrx_word' id='word_1_265' title='bbox 532 4153 603 4206; x_wconf 90' lang='lat' dir='ltr'>ullus</span> <span class='ocrx_word' id='word_1_266' title='bbox 624 4152 729 4207; x_wconf 82' lang='lat' dir='ltr'>doloro</span> <span class='ocrx_word' id='word_1_267' title='bbox 782 4155 814 4207; x_wconf 87' lang='grc'>13</span> <span class='ocrx_word' id='word_1_268' title='bbox 834 4154 867 4208; x_wconf 92' lang='lat' dir='ltr'>de</span> <span class='ocrx_word' id='word_1_269' title='bbox 886 4153 1084 4208; x_wconf 82' lang='lat' dir='ltr'>inmortalitate</span> <span class='ocrx_word' id='word_1_270' title='bbox 1103 4154 1208 4225; x_wconf 61' lang='lat' dir='ltr'>bem),-</span> <span class='ocrx_word' id='word_1_271' title='bbox 1228 4154 1260 4208; x_wconf 90' lang='lat' dir='ltr'>de</span> <span class='ocrx_word' id='word_1_272' title='bbox 1280 4169 1323 4207; x_wconf 84' lang='lat' dir='ltr'>om.</span> <span class='ocrx_word' id='word_1_273' title='bbox 1337 4167 1351 4202; x_wconf 85' lang='lat' dir='ltr'>e</span> <span class='ocrx_word' id='word_1_274' title='bbox 1364 4147 1448 4202; x_wconf 72' lang='lat' dir='ltr'>Dent.</span> 
     </span>
     <span class='ocr_line' id='line_1_34' title="bbox 325 4237 1449 4308; baseline -0.008 -12"><span class='ocrx_word' id='word_1_275' title='bbox 325 4245 359 4296; x_wconf 83' lang='lat'>22</span> <span class='ocrx_word' id='word_1_276' title='bbox 379 4243 528 4296; x_wconf 86' lang='lat' dir='ltr'>inlusiones</span> <span class='ocrx_word' id='word_1_277' title='bbox 542 4242 571 4308; x_wconf 89' lang='lat' dir='ltr'>b;</span> <span class='ocrx_word' id='word_1_278' title='bbox 590 4243 732 4304; x_wconf 83' lang='lat' dir='ltr'>inlusores,</span> <span class='ocrx_word' id='word_1_279' title='bbox 753 4260 813 4296; x_wconf 86' lang='lat' dir='ltr'>ores</span> <span class='ocrx_word' id='word_1_280' title='bbox 828 4260 862 4296; x_wconf 75' lang='lat' dir='ltr'>aa.</span> <span class='ocrx_word' id='word_1_281' title='bbox 878 4244 940 4296; x_wconf 81' lang='lat' dir='ltr'>2a‘a</span> <span class='ocrx_word' id='word_1_282' title='bbox 955 4259 1021 4306; x_wconf 80' lang='lat' dir='ltr'>raa,</span> <span class='ocrx_word' id='word_1_283' title='bbox 1036 4259 1049 4296; x_wconf 86' lang='lat' dir='ltr'>e</span> <span class='ocrx_word' id='word_1_284' title='bbox 1103 4241 1250 4296; x_wconf 87' lang='lat' dir='ltr'>illudentes</span> <span class='ocrx_word' id='word_1_285' title='bbox 1269 4243 1293 4295; x_wconf 90' lang='lat' dir='ltr'>in</span> <span class='ocrx_word' id='word_1_286' title='bbox 1310 4237 1423 4292; x_wconf 85' lang='lat' dir='ltr'>illusione</span> <span class='ocrx_word' id='word_1_287' title='bbox 1432 4251 1449 4302; x_wconf 73' lang='lat' dir='ltr'>u</span> 
     </span>
     <span class='ocr_line' id='line_1_35' title="bbox 325 4332 1028 4402; baseline 0.001 -18"><span class='ocrx_word' id='word_1_288' title='bbox 325 4332 359 4384; x_wconf 85' lang='grc'>27</span> <span class='ocrx_word' id='word_1_289' title='bbox 379 4347 497 4402; x_wconf 74' lang='lat' dir='ltr'>perque</span> <span class='ocrx_word' id='word_1_290' title='bbox 516 4341 684 4400; x_wconf 77' lang='lat' dir='ltr'>caperque</span> <span class='ocrx_word' id='word_1_291' title='bbox 703 4347 896 4402; x_wconf 75' lang='lat' dir='ltr'>corr.‚9;per</span> <span class='ocrx_word' id='word_1_292' title='bbox 916 4341 967 4401; x_wconf 84' lang='lat' dir='ltr'>que</span> <span class='ocrx_word' id='word_1_293' title='bbox 986 4349 1028 4400; x_wconf 81' lang='lat' dir='ltr'>ep</span> 
     </span>
    </p>
   </div>
   <div class='ocr_carea' id='block_1_8' title="bbox 0 0 1613 4959">
    <p class='ocr_par' dir='ltr' id='par_1_8' title="bbox 0 0 1613 4959">
     <span class='ocr_line' id='line_1_36' title="bbox 0 0 1613 4959; baseline 0 0"><span class='ocrx_word' id='word_1_294' title='bbox 0 0 1613 4959; x_wconf 95' lang='lat' dir='ltr'> </span> 
     </span>
    </p>
   </div>
  </div>
 </body>
</html>
