3192 4959
319 410 385 471 274
672 403 697 465 S.
726 403 883 457 Aurelii
911 402 1133 471 Augustini

319 598 498 663 credebant.
527 596 597 661 Non
627 596 709 661 enim
737 616 889 681 magnum
920 599 987 661 erat
1015 596 1221 661 daemonibus
1245 595 1284 659 ad
1308 614 1363 660 eos
1387 594 1458 659 cloci-

319 705 451 790 piendos
478 703 677 785 phantasiam
700 703 774 768 talis
797 704 892 781 tauri,
922 723 1016 785 quam
1040 705 1109 768 sola
1132 704 1280 780 cerneret,
1310 704 1458 766 ostentare

319 831 435 876 uaccae
458 809 646 893 concipienti
671 809 771 891 adque
794 808 988 891 praegnanti,
1013 807 1095 871 unde
1118 806 1217 872 libido
1236 807 1348 871 matris
1368 808 1458 870 adba-

318 919 417 995 heret,
456 915 540 998 quod
572 916 604 979 in
638 915 706 979 ains
739 915 807 979 fetu
841 914 904 977 iarn
938 915 1142 998 corporaliter
1174 917 1351 997 appareret;
1386 914 1459 978 siout

318 1024 412 1088 Iacob
437 1023 475 1086 de
499 1021 600 1105 uirgis
623 1021 766 1092 uariatis,
786 1023 823 1084 nt
847 1039 923 1084 oues
944 1024 976 1084 et
999 1040 1109 1103 caprae
1130 1021 1234 1085 uariae
1253 1024 1457 1097 nascerentur,
1477 1042 1486 1080 a

319 1130 433 1197 effecit.
459 1128 550 1208 Quod
575 1129 658 1192 enirn
682 1128 827 1191 hominos
851 1127 1011 1192 coloribus
1032 1130 1064 1191 et
1083 1128 1267 1210 corporibus
1287 1127 1383 1205 ueris,
1406 1128 1458 1191 boc

319 1237 486 1302 daemones
510 1236 622 1320 figuris
645 1236 729 1300 fictis
754 1235 904 1301 facillime
927 1240 1063 1318 possunt
1082 1235 1271 1300 animalibus
1291 1236 1457 1319 concipien-

317 1344 405 1409 tibus
430 1343 583 1407 exhibere.

783 1534 920 1600 OAPUT
945 1536 998 1599 VI.

318 1676 396 1756 Quo
438 1682 621 1761 regnante
663 1682 753 1759 aput
789 1678 955 1761 Argiuos
998 1697 1119 1760 quoue
1159 1680 1250 1759 aput
1286 1676 1488 1759 Assyrioso

568 1784 680 1847 Iacob
705 1784 741 1847 in
765 1784 937 1869 Aegypto
963 1784 1014 1848 sit
1037 1787 1219 1849 mortuus.

361 1925 440 2007 Apis
468 1944 542 2009 ergo
572 1945 719 2002 1·er,non
744 1926 984 2009 Aegyptiorum,
1013 1926 1069 1990 sed
1092 1925 1295 2009 Argiuorum,
1319 1928 1455 1989 mortuns

316 2036 367 2097 est
397 2032 429 2095 in
461 2034 615 2117 Aegypto.
648 2032 733 2097 Huic
766 2032 851 2097 filins
883 2032 989 2116 Argus
1018 2034 1176 2097 successit
1202 2032 1232 2095 in
1257 2051 1396 2116 regnum,
1423 2050 1455 2094 er

316 2140 409 2204 cuins
432 2139 559 2203 nomine
584 2141 617 2202 et
637 2139 716 2222 Argi
745 2141 777 2202 et
801 2158 837 2203 ex
860 2139 920 2203 hoc
943 2139 1055 2223 Argiui
1079 2138 1230 2221 appellati
1254 2142 1342 2214 sunt;
1371 2156 1454 2219 supe-

315 2245 452 2309 rioribus
486 2249 593 2308 autem
622 2245 751 2328 regibus
780 2244 919 2309 nondum
947 2248 1000 2309 nel
1028 2247 1118 2309 locus
1147 2246 1201 2309 uel
1225 2264 1303 2329 gens
1327 2244 1454 2309 habebat
1469 2262 1487 2300 1⁵

314 2351 375 2415 hoc
407 2370 531 2418 nomen.
563 2352 633 2416 Hoc
665 2357 815 2436 regnante
849 2356 926 2433 aput
958 2352 1094 2436 Argiuos
1128 2357 1161 2415 et
1192 2356 1270 2435 aput
1297 2350 1452 2435 Sicyonios

315 2457 421 2534 Erato,
455 2462 533 2541 aput
554 2457 704 2541 Assyrios
731 2478 806 2522 uero
831 2458 933 2523 adhuc
956 2462 1103 2523 manente
1126 2458 1221 2523 Baleo
1244 2460 1389 2522 mortuus
1411 2460 1454 2520 est

314 2564 409 2627 lacob
438 2564 470 2626 in
493 2564 640 2647 Aegypto
664 2584 816 2629 annorum
846 2568 972 2629 centurn
1001 2564 1209 2648 quadraginta
1232 2569 1365 2648 septem,
1388 2582 1451 2627 cunr

316 2671 490 2733 moriturus
517 2669 602 2734 filios
631 2689 707 2735 snos
737 2673 769 2735 et
786 2674 918 2753 nepotes
942 2690 976 2735 er
1000 2672 1115 2754 Ioseph
1140 2671 1353 2736 benedixisset
1375 2668 1451 2735 Chri-

314 2777 464 2857 stumque
507 2777 706 2857 apertissime
744 2778 976 2860 prophetasset,
1020 2778 1127 2843 dicens
1170 2779 1201 2841 in
1242 2778 1488 2842 benedictiones

314 2881 427 2945 Indae:
456 2880 536 2946 Non
565 2882 724 2948 deficiet
745 2885 923 2967 princeps
954 2906 993 2949 ex
1016 2885 1109 2949 luda
1132 2889 1168 2948 et
1192 2885 1262 2949 dux
1287 2884 1329 2949 de
1353 2884 1450 2947 femo-

313 2988 421 3052 ribus
455 2989 547 3065 eius‚
581 2989 697 3055 donec
729 2992 884 3055 ueniant
912 3011 1004 3074 quae
1032 2992 1200 3075 reposita
1229 2995 1317 3056 sunt
1345 2991 1389 3066 ei;
1419 2990 1451 3052 et

313 3094 397 3175 ipse
431 3096 667 3177 exspectatio
697 3098 874 3181 gentium.
899 3098 1061 3181 Regnante
1085 3098 1169 3183 Argo
1195 3099 1262 3162 suis
1287 3098 1389 3179 coepit
1409 3094 1450 3159 nti

312 3200 459 3283 frugibus
498 3200 629 3266 Graecia
666 3206 698 3265 et
730 3203 844 3267 habere
883 3212 1008 3286 segetes
1040 3205 1071 3268 in
1104 3204 1309 3288 agricultura,
1346 3202 1448 3267 delatis

313 3306 439 3371 aliunde
471 3307 656 3373 seminibus.
689 3309 794 3393 Argus
828 3330 953 3392 quoqne
984 3314 1059 3394 post
1091 3311 1213 3375 obitum
1246 3311 1324 3377 deus
1352 3306 1486 3374 haberis

314 3416 428 3493 coepit,
451 3415 571 3497 templo
596 3418 628 3479 et
650 3415 816 3480 sacrifieiis
841 3416 1021 3483 honoratus.
1048 3416 1109 3497 Qui
1132 3418 1231 3483 honor
1256 3437 1291 3483 eo
1310 3418 1447 3501 regnante

313 3524 385 3582 ante
417 3520 510 3583 illum
542 3520 666 3585 delatus
699 3524 750 3585 est
775 3522 897 3587 bomini
923 3523 1047 3605 priuato
1078 3527 1109 3588 et
1136 3524 1304 3588 fulminato
1332 3522 1447 3588 cuidam

312 3625 507 3708 Homogyro,
533 3645 568 3690 oo
593 3627 676 3707 quod
699 3628 822 3709 primns
847 3628 886 3692 ad
910 3634 1046 3695 aratrum
1070 3631 1169 3697 boues
1193 3630 1336 3695 iunxerit.

402 3869 418 3920 5
438 3866 504 3921 Gen.
524 3869 567 3933 30,
586 3870 620 3923 37
640 3887 699 3939 sqq.
754 3872 786 3923 21
809 3870 877 3925 Gen.
895 3872 939 3934 49,
961 3872 994 3925 10

348 4044 532 4114 lapparetp
586 4047 663 4115 bnt]
685 4049 745 4101 ete
798 4048 949 4119 bellicitp
1021 4052 1132 4106 uarisc¹
1187 4054 1221 4108 16
1239 4052 1291 4109 hoc
1309 4070 1370 4124 ergo
1385 4052 1443 4124 9¹05

311 4129 363 4183 hoc
382 4148 447 4201 argo
464 4130 494 4200 9²
585 4134 616 4187 17
637 4134 725 4189 adhuc
743 4152 831 4205 om.p
924 4140 957 4192 19
976 4156 1111 4195 exorno
1194 4142 1325 4199 christum
1343 4159 1412 4213 quern
1426 4156 1443 4209 p

310 4221 346 4273 24
366 4220 461 4289 gregia
476 4237 495 4289 9
584 4225 720 4295 segiteep
810 4228 844 4281 25
863 4230 926 4297 post
944 4244 1029 4285 nnuc
1122 4231 1186 4287 deos
1203 4232 1234 4302 9²
1321 4233 1411 4289 babere
1425 4246 1442 4298 9

311 4308 345 4360 26
365 4308 530 4377 templume
584 4312 619 4365 28
638 4329 797 4383 omocyrop
