3192 4959
268 442 308 505 16
611 440 638 494 S.
665 440 822 495 Aurelii
851 441 1069 510 Augustini

308 636 378 700 Non
411 640 517 699 tamen
552 654 676 717 semper
708 636 757 701 his
786 635 1034 719 proprietatibus
1064 636 1185 703 locutio
1212 642 1321 703 nostra
1349 641 1409 704 fre-

263 741 366 806 nanda
394 747 452 818 est,
483 742 538 807 sed
566 742 725 807 interdum
753 742 803 807 his
831 742 985 807 utendum
1014 746 1077 819 est;
1112 749 1145 807 et
1171 763 1245 809 cum
1270 744 1408 828 legimus

264 866 329 924 eos,
354 866 488 930 quorum
518 848 700 913 auctoritati
728 850 883 914 resultare
910 850 958 930 fas
984 870 1046 915 nou
1070 855 1129 927 est,
1153 850 1199 914 ibi
1222 854 1298 915 snut
1318 852 1409 916 intel·

263 955 424 1039 legeudae,
453 955 507 1019 nbi
539 959 646 1021 rectus
675 976 789 1021 sensns
818 956 916 1020 alium
949 956 1068 1021 exitum
1096 977 1157 1022 non
1183 961 1292 1039 potest
1321 958 1408 1022 inue-

262 1063 343 1133 uire;
369 1062 454 1127 siout
476 1064 540 1127 ista
563 1066 647 1139 suut,
668 1082 747 1145 quae
772 1062 907 1145 exempli
930 1065 1032 1145 gratia
1054 1066 1169 1147 partim
1191 1085 1228 1129 ex
1244 1066 1407 1147 propbeta,
1440 1091 1454 1126 ⁵

261 1169 377 1251 partim
402 1188 438 1232 ex
462 1170 626 1253 euangelio
651 1168 982 1235 commemorabimus
1016 1170 1095 1250 Quis
1124 1171 1207 1235 enim
1234 1171 1338 1236 nescit
1363 1172 1408 1233 in-

261 1276 332 1359 pios
366 1276 504 1339 exsultare
536 1277 679 1340 laetitia?
713 1282 746 1340 st
774 1280 895 1341 tamen:
927 1278 1009 1342 Non
1048 1283 1110 1341 est
1147 1278 1323 1361 gaudere
1357 1278 1409 1342 in-

261 1383 354 1467 piis,
384 1383 488 1447 dicit
518 1383 720 1448 Dominus.
754 1383 854 1457 Unde,
879 1385 941 1447 nisi
970 1385 1045 1466 quia
1072 1385 1209 1467 gaudere
1237 1385 1324 1449 aliud
1348 1388 1407 1458 est,

262 1490 385 1573 quando
414 1489 538 1572 proprie
566 1490 753 1573 signateque
782 1490 842 1554 boc
875 1490 1008 1555 uerbum
1036 1490 1185 1573 ponitur?
1221 1492 1303 1555 Item
1337 1493 1407 1573 quis

259 1596 426 1681 negauerit
457 1616 517 1661 non
551 1599 635 1661 recte
668 1597 809 1679 praecipi
836 1597 1029 1675 homiuibus,
1058 1603 1094 1661 ut
1121 1616 1338 1680 quaecumque
1368 1598 1407 1661 ab
1427 1623 1452 1661 ao

261 1704 333 1768 aliis
357 1703 418 1767 sibi
442 1700 510 1766 fieri
534 1702 674 1783 eupiunt,
694 1702 772 1767 baec
796 1703 842 1767 eia
867 1706 899 1767 et
920 1704 983 1786 ipsi
1001 1703 1135 1777 faciant;
1159 1724 1197 1769 ne
1217 1723 1251 1769 se
1268 1704 1407 1769 inuicem

260 1808 457 1892 turpitudine
485 1808 626 1872 inlicitae
655 1809 831 1891 uoluptatis
861 1810 1041 1874 oblectent?
1079 1814 1111 1874 et
1139 1814 1246 1875 tamen
1269 1810 1406 1874 saluber·

259 1917 375 1981 limum
401 1914 669 1996 purissimumque
693 1919 897 1998 praeceptum
922 1919 985 1981 est:
1016 1916 1297 1997 Quaecumque
1321 1915 1404 1979 uul-

260 2024 316 2087 tis
345 2025 387 2085 ut
415 2021 571 2086 faciant
598 2022 718 2087 nobis
743 2022 937 2100 homines,
962 2022 1097 2087 eadem
1122 2026 1162 2087 et
1184 2041 1254 2087 uros
1277 2021 1405 2085 facite

260 2129 362 2194 illis.
386 2129 428 2193 Et
450 2129 510 2193 hoc
533 2128 626 2209 unde,
646 2128 707 2192 nisi
732 2128 808 2209 quia
830 2129 890 2193 boc
913 2129 984 2194 loco
1008 2129 1102 2195 modo
1125 2128 1260 2212 quodam
1280 2126 1405 2209 proprio
1426 2153 1450 2191 1⁶

259 2238 408 2303 uoluntas
436 2236 543 2320 posita
572 2240 630 2311 est,
656 2255 736 2318 quae
765 2236 796 2299 in
825 2237 909 2301 malo
936 2236 1036 2319 accipi
1059 2256 1119 2301 non
1142 2238 1269 2319 potest?
1304 2234 1405 2298 Locu-

258 2343 344 2409 tione
376 2363 452 2408 uero
486 2344 662 2421 usitatiore,
695 2362 790 2426 qnam
822 2344 1002 2425 frequentat
1037 2343 1171 2407 maxime
1208 2340 1404 2406 consuetudo

259 2451 424 2528 sermonis,
444 2470 504 2515 uon
526 2450 637 2531 utique
658 2450 830 2514 diceretur:
854 2450 949 2515 Noli
973 2451 1083 2515 uelle
1104 2449 1269 2514 mentiri
1294 2466 1404 2511 omne

258 2556 523 2631 mendacium,
548 2556 610 2621 nisi
633 2560 719 2621 esset
743 2560 776 2620 et
799 2558 947 2622 uoluntas
972 2556 1224 2632 melanesius
1248 2555 1404 2640 pronitate

256 2663 314 2727 illa
342 2661 560 2747 distinguitur,
589 2682 682 2745 quam
712 2662 973 2744 praedicanernut
1002 2663 1106 2747 angeli
1139 2663 1295 2727 dicentes:
1327 2661 1403 2725 Par
1422 2686 1448 2725 so

257 2770 296 2833 in
321 2774 429 2833 terra
452 2769 687 2833 bominibus
711 2770 837 2834 bonae
865 2768 1109 2834 uoluntatis.
1142 2770 1224 2833 Nam
1249 2787 1284 2832 ex
1307 2768 1402 2831 abun·

259 2875 345 2940 danti
369 2874 511 2939 additum
536 2880 585 2939 est
608 2875 737 2952 ‘bonae',
759 2876 787 2939 si
811 2894 882 2939 esse
905 2894 965 2939 uon
989 2878 1097 2956 potest
1119 2875 1181 2939 nisi
1205 2875 1294 2939 bona.
1320 2873 1402 2953 Quid

258 2988 366 3046 autem
393 3001 544 3065 maguum
568 2982 599 3045 in
624 2982 765 3046 caritatis
792 2981 941 3045 laudibus
966 2980 1097 3046 dixisset
1120 2983 1295 3065 apostolus,
1319 2980 1403 3062 quod

258 3109 318 3153 non
343 3087 480 3173 gaudeat
504 3107 598 3171 super
619 3088 798 3169 iniquitate,
819 3089 881 3152 nisi
905 3088 980 3169 quia
997 3088 1044 3151 ita
1060 3087 1243 3171 malignitas
1263 3087 1403 3171 gaudet?

257 3197 298 3261 Et
330 3198 409 3278 aput
440 3198 584 3260 auctores
618 3196 830 3259 saecularium
860 3194 1039 3259 litterarum
1066 3194 1139 3259 talis
1167 3196 1302 3259 istorum
1332 3212 1402 3257 uer·
1419 3218 1447 3257 ae

257 3304 369 3367 borum
393 3301 604 3366 indifferentia
626 3302 790 3382 reperitur.
828 3300 884 3363 Ait
906 3300 989 3363 euim
1014 3300 1123 3365 Cicero
1147 3303 1252 3365 orator
1274 3299 1402 3381 amplis-

257 3412 372 3475 simus:
406 3408 527 3490 ‘Cupio
556 3412 660 3489 patres
690 3407 872 3490 conscripti,
900 3427 951 3472 me
980 3426 1049 3471 esse
1078 3406 1290 3471 clementem.>
1321 3403 1403 3483 Quia

256 3517 289 3580 id
317 3516 450 3580 uerbum
481 3517 512 3579 in
536 3516 618 3579 bono
643 3514 760 3597 posuit,
786 3514 857 3595 quis
880 3515 947 3577 tam
970 3532 1116 3595 peurerse
1140 3513 1254 3577 doctus
1278 3511 1402 3588 existat,

258 3624 312 3706 qui
340 3643 400 3688 uon
430 3642 501 3687 enm
526 3621 657 3705 ‘Cupio’,
688 3621 743 3686 sed
771 3620 874 3685 ‘Volo‘
895 3620 1003 3703 potius
1032 3620 1134 3683 dicere
1159 3618 1307 3683 debuisse
1330 3636 1401 3682 con·

347 3903 380 3956 18
400 3902 481 3956 Eccli.
502 3902 526 3965 7,
548 3902 580 3955 13
635 3900 777 3964 abbas,
800 3902 833 3954 14
896 3898 1136 3965 231.cor.13,c
1191 3896 1400 3959 arcarius

293 4062 305 4113 1
326 4060 369 4113 his
389 4077 417 4114 se
437 4078 455 4111 α
490 4060 506 4112 3
526 4058 728 4129 intellegendae
750 4060 811 4125 fv5
828 4058 1008 4163 intellegendi
1030 4058 1207 4126 Vobetpa
1249 4055 1282 4109 10
1295 4070 1332 4123 sq.
1347 4053 1400 4107 sibi

257 4176 289 4229 ab
310 4176 405 4230 aliiae
449 4176 481 4228 14
501 4178 533 4227 ut
549 4191 610 4243 sup.
631 4174 710 4229 nez
754 4176 786 4229 16
806 4175 969 4229 locutionem
990 4172 1225 4245 unsitatioreml
1267 4173 1299 4225 21
1316 4168 1399 4223 abun-

256 4263 333 4317 danti
357 4262 443 4328 (bab.)
468 4262 543 4329 ipra·
566 4262 736 4316 abundantia
763 4262 866 4316 Vobs
955 4263 1226 4330 a4inrquitate1oe
1314 4260 1348 4313 25
1373 4262 1402 4311 et

261 4352 649 4420 Vebelpaf,·llamcto
