3192 4959
320 474 372 527 De
400 474 575 529 ciuitate
603 473 663 527 dei
692 473 876 529 lib.XIII1.
905 492 979 544 cap.
1011 474 1125 530 13-15.
1261 482 1303 543 35

156 688 230 733 nom
269 670 504 735 commonebat:
541 670 627 735 iusta
665 669 824 734 damnatio
862 670 1036 736 subsecuta
1068 672 1127 750 est,
1164 671 1304 753 talisque

156 776 326 851 damnatio,
351 779 388 841 ut
410 776 517 851 homo,
542 776 596 858 qui
621 776 830 841 custodiendo
849 776 1033 841 mandatum
1052 776 1180 842 futurus
1198 779 1304 844 fuerat

156 882 250 947 etiam
275 902 366 948 carne
392 884 555 966 spIritalis,
579 884 668 948 lieret
691 883 787 947 etiam
810 886 916 947 mente
940 884 1075 949 carnalis
1100 888 1142 960 et,
1167 884 1220 967 qui
1244 905 1304 951 sna

156 990 306 1072 superbia
332 990 394 1054 sibi
421 990 594 1071 placuerat,
623 990 684 1055 Dei
712 990 838 1055 iustitia
861 990 923 1054 sibi
948 990 1130 1066 donaretur,
1158 1010 1216 1055 nec
1245 992 1303 1068 sic,

126 1100 192 1161 sut
218 1098 250 1161 in
280 1116 340 1161 sna
367 1100 454 1161 esset
482 1096 673 1161 omnimodis
700 1099 871 1179 potestate,
901 1096 957 1161 sed
985 1116 1003 1161 a
1027 1117 1061 1163 se
1083 1097 1154 1179 ipse
1177 1116 1303 1180 quoque

155 1203 347 1269 dissentiens
380 1203 440 1268 sub
473 1204 540 1281 illo,
579 1203 631 1268 oni
663 1204 821 1286 peccando
854 1203 1024 1280 consensit,
1056 1222 1111 1286 pro
1144 1204 1303 1285 libertate,

154 1330 248 1393 quam
273 1310 470 1393 concupiuit,
495 1310 604 1375 duram
629 1310 841 1392 miseramque
865 1314 974 1394 ageret
997 1312 1303 1388 seroltutem,'mor·

154 1426 230 1483 tuus
263 1418 379 1499 spiritu
411 1417 523 1481 uolens
561 1420 594 1481 et
626 1436 754 1498 corpore
785 1418 960 1481 moriturus
992 1417 1125 1494 inuitus,
1163 1418 1304 1483 desertor

154 1528 300 1589 aeternae
336 1524 424 1590 uitae
460 1523 557 1589 etiam
595 1524 730 1605 aeterna,
768 1523 830 1587 nIsi
868 1524 971 1607 gratia
1005 1524 1165 1603 liberaret,
1201 1528 1303 1589 morte

113 1648 135 1685 ιο
154 1629 334 1695 damnatus.
358 1626 509 1710 Quisquis
534 1628 630 1693 huius
654 1628 741 1693 modi
765 1630 998 1694 damnationem
1022 1630 1075 1694 uel
1098 1630 1228 1694 nimiam
1248 1633 1301 1697 uel

152 1736 307 1800 iniustam
331 1738 434 1816 putat,
458 1734 564 1799 metiri
588 1734 729 1816 profecto
754 1734 866 1813 nescit,
892 1740 1008 1817 quanta
1031 1735 1128 1801 fuerit
1149 1736 1302 1820 iniquitas

151 1842 184 1906 in
221 1842 393 1925 peccando,
432 1841 489 1905 ubi
524 1844 613 1905 tanta
651 1844 718 1905 erat
749 1860 811 1905 non
842 1842 994 1924 peccandi
1024 1841 1172 1907 facilitas.
1210 1842 1303 1909 Sicut

151 1950 236 2013 enlm
269 1946 415 2013 Abrahae
446 1967 508 2012 non
541 1947 686 2011 inmerito
718 1966 835 2031 magna
865 1947 1066 2014 oboedientia
1092 1949 1300 2031 praedicatur,

152 2058 237 2138 quia,
266 2057 305 2119 ut
334 2054 492 2120 occideret
514 2054 627 2130 filium,
651 2073 701 2119 res
727 2054 916 2119 difficillima
939 2058 989 2119 ost
1010 2055 1177 2137 imperata:
1201 2056 1247 2119 ita
1269 2057 1301 2120 in

109 2184 132 2223 n
150 2162 299 2245 paradiso
323 2164 411 2227 tanto
434 2162 536 2227 maior
557 2160 771 2225 inboedientia
792 2162 866 2238 fuit,
895 2165 1011 2242 quanto
1034 2162 1079 2240 id,
1107 2162 1193 2246 quod
1214 2182 1302 2243 prae·
1331 2164 1336 2171 “

151 2272 283 2351 ceptum
321 2271 380 2346 est,
417 2268 538 2333 nullius
571 2268 770 2333 difficultatis
802 2268 873 2332 fuit.
911 2268 953 2333 Et
985 2268 1072 2332 siout
1103 2267 1302 2333 oboedientia

150 2374 285 2439 secundi
317 2374 456 2438 hominis
486 2394 521 2439 eo
549 2372 798 2457 praedicabilior,
831 2392 893 2456 quo
921 2375 1025 2439 factus
1054 2376 1105 2439 est
1131 2374 1301 2440 oboediens

149 2500 256 2563 usque
284 2480 325 2545 ed
351 2484 499 2545 mortem:
529 2480 575 2545 ita
601 2479 836 2547 inoboedientia
862 2480 956 2563 primi
984 2481 1120 2546 hominis
1150 2502 1186 2547 eo
1215 2482 1301 2546 dete·

149 2588 309 2665 stabilior,
339 2607 401 2669 quo
429 2588 533 2652 factus
563 2592 612 2653 est
639 2587 845 2652 inoboediens
872 2607 974 2670 usque
1002 2588 1041 2650 ad
1064 2591 1209 2655 mortem.
1237 2588 1301 2653 Ubi

107 2715 130 2755 ao
149 2696 236 2759 enirn
260 2714 377 2779 magna
400 2698 449 2759 est
470 2694 722 2759 inoboedientiae
745 2712 847 2777 poena
869 2696 1033 2777 proposita
1053 2697 1085 2759 et
1102 2713 1152 2759 res
1172 2715 1191 2759 a
1209 2694 1300 2760 Crea-

146 2806 216 2865 tore
243 2800 347 2866 facilis
369 2800 534 2884 imperata,
559 2800 704 2885 quisnam
729 2800 808 2865 satis
833 2800 977 2883 explicet,
1002 2806 1156 2884 quantum
1178 2802 1299 2865 malum

148 2908 192 2972 sit
220 2927 285 2973 non
314 2907 463 2972 oboedite
489 2907 522 2971 in
549 2926 583 2971 re
611 2907 697 2971 facili
726 2909 759 2973 et
785 2910 891 2972 tantae
918 2908 1089 2989 potestatis
1112 2908 1244 2991 imperio
1269 2911 1302 2971 et

147 3016 239 3077 tanto
265 3015 402 3077 terrente
427 3012 606 3095 supplicio?

190 3119 351 3201 Denique,
379 3122 417 3185 ut
442 3119 584 3184 breuiter
611 3118 745 3194 dicatur,
772 3118 805 3183 in
832 3119 920 3183 illius
949 3119 1072 3201 peccati
1099 3138 1201 3201 poena
1223 3120 1299 3202 quid

106 3248 129 3287 a
147 3225 405 3292 inoboedIentiae
442 3226 504 3290 nisi
541 3224 776 3291 inoboedientia
812 3225 968 3291 retributa
999 3228 1070 3290 est?
1105 3225 1188 3291 Nam
1220 3246 1300 3308 quae

146 3332 290 3397 hominis
310 3335 360 3396 est
379 3332 441 3397 alia
459 3332 588 3397 miseria
606 3332 667 3395 nisi
687 3331 841 3397 aduersus
861 3350 934 3396 eum
947 3331 1055 3414 ipsum
1068 3331 1302 3397 inoboedientia

148 3440 218 3503 eius
243 3438 358 3521 ipsius,
382 3441 430 3515 ut,
454 3436 603 3521 quoniam
626 3436 730 3503 noluit
754 3436 840 3520 quod
861 3438 977 3520 potuIt,
1002 3437 1087 3519 quod
1109 3457 1171 3503 non
1193 3442 1302 3521 potest

153 3662 156 3666 ’
241 3680 462 3745 lausanae
520 3681 552 3735 ra
570 3680 643 3734 anu.
662 3680 723 3746 aa

183 3848 383 3904 2mandatol
428 3847 498 3902 aad
517 3849 576 3902 sel
620 3847 755 3901 9liberet
778 3848 835 3901 1⁷¹1
881 3848 914 3902 10
932 3814 1134 3913 huiusmodiV
1188 3847 1298 3902 damna-

148 3940 224 3992 tione
244 3938 262 3991 b
352 3936 476 4007 nimiam]
497 3938 612 3991 animam
632 3937 648 3991 b
727 3937 757 3989 11
778 3937 879 3990 iustam
897 3939 979 4005 putat
996 3937 1087 3990 metiri
1103 3937 1298 4007 perlectionem

148 4026 237 4082 scitb
296 4027 328 4079 12
347 4026 376 4090 in
395 4042 448 4081 non
466 4026 602 4096 peccando
621 4024 739 4079 felicitas
758 4025 784 4079 V
834 4026 867 4079 14
886 4024 953 4095 quil,
972 4043 988 4079 a
1006 4042 1120 4088 eram
1169 4027 1202 4079 15
1220 4028 1300 4079 tanta

147 4118 237 4185 magle
255 4114 435 4168 inoboediens
453 4114 508 4168 fuit
525 4114 633 4184 quando
651 4114 680 4167 id
698 4117 873 4185 praeceptum
891 4114 983 4167 nullus
1001 4116 1061 4184 (sic)
1082 4114 1098 4167 b
1164 4114 1196 4167 l‘l
1216 4130 1247 4166 eo
1266 4130 1300 4168 ecc

149 4208 177 4257 et
195 4220 269 4259 corr.
293 4203 330 4271 V,·
348 4219 401 4272 quo
421 4218 454 4257 aa
473 4218 504 4257 eo
523 4218 591 4257 corr.
613 4204 623 4258 l
696 4204 728 4256 17
750 4202 822 4273 quod
842 4204 852 4255 1
919 4203 951 4256 18
970 4204 1011 4256 ita
1028 4219 1114 4271 ruptio
1131 4200 1167 4255 ad
1184 4204 1298 4255 mortem

150 4294 166 4347 I.
185 4296 222 4347 19
240 4310 295 4349 em.
314 4292 379 4347 αἱαὶ
433 4293 474 4347 ita
492 4296 520 4347 et
537 4290 664 4346 incboed.
688 4292 715 4346 V
766 4293 800 4345 23
819 4295 938 4346 terrente
962 4292 1042 4359 Vet-
1059 4292 1188 4345 tcrrentis
1202 4294 1297 4359 pem

148 4384 267 4437 terrenti
286 4382 354 4436 aba
766 4404 767 4407 ¹

1229 4485 1261 4539 3*
