3192 4959
290 459 355 522 452
636 460 662 511 S.
692 457 849 512 Aurelii
876 459 1092 528 Augustini

289 652 416 718 Christo
444 671 529 718 nunc
556 653 693 734 primum
722 652 858 717 ecelesia
883 653 916 716 in
939 653 1024 718 uiuis
1050 656 1082 717 et
1103 653 1247 718 mortuis,
1276 653 1432 736 Propte-

289 781 355 826 rea
383 761 476 837 euim,
505 761 591 824 sicut
618 759 696 823 dicit
723 760 898 842 apostolus,
928 762 1112 825 mortuus
1141 763 1204 824 est
1232 760 1431 832 Christus.

288 871 330 933 ut
362 872 401 931 et
431 868 619 932 uiuorum
652 869 691 930 et
721 870 971 931 mortuorum
1000 866 1239 932 dominetur.
1273 867 1337 933 Sed
1365 867 1432 932 idco

287 973 509 1038 tantummodo
532 976 707 1054 martyrum
730 971 851 1036 animas
876 973 1147 1052 commemorauit,
1172 974 1247 1055 quia
1269 973 1333 1055 ipsi
1349 994 1432 1056 prae·

286 1080 378 1163 cipue
414 1081 547 1162 regnant
583 1079 712 1156 mortui,
750 1076 806 1161 qui
841 1097 943 1160 usque
976 1077 1016 1142 ad
1047 1081 1183 1143 mortem
1215 1099 1270 1163 pro
1301 1081 1432 1145 ueritate
1459 1101 1471 1140 s

286 1189 457 1250 certarunt.
485 1184 548 1250 Sed
575 1205 593 1248 a
620 1189 708 1267 parte
736 1187 842 1249 toturn
869 1185 966 1248 etiam
995 1189 1117 1250 eeteros
1144 1189 1289 1251 mortuos
1315 1187 1431 1252 intelle-

287 1293 393 1377 gimus
416 1293 608 1376 pertinentes
633 1291 672 1354 ad
696 1291 873 1370 ecclesiam,
896 1290 981 1371 quod
1005 1295 1055 1354 est
1077 1311 1209 1376 regnum
1233 1292 1362 1358 Christi.

333 1397 424 1478 Quod
452 1417 527 1462 uero
556 1398 717 1480 sequitur:
745 1399 793 1462 Et
823 1398 856 1460 si
882 1398 949 1478 qui
976 1417 1049 1462 non
1079 1399 1356 1464 adorauerunt
1378 1401 1432 1464 he·

286 1505 727 1588 stiamoecimaginem
743 1505 985 1585 eius‚neque
1006 1505 1431 1589 acceperuntinscrip-

284 1615 438 1677 tionem
465 1613 505 1675 in
533 1613 669 1675 fronte
697 1613 766 1674 aut
793 1610 830 1674 in
860 1628 976 1674 manu
1005 1629 1085 1686 sua,
1111 1611 1207 1676 simul
1230 1614 1268 1677 de
1292 1614 1379 1678 uiuis
1402 1617 1469 1678 eto

286 1720 420 1785 mortuis
441 1719 594 1783 dehemus
614 1718 765 1800 accipere.
791 1716 879 1796 Quae
899 1717 943 1780 sit
960 1737 1051 1799 porro
1070 1717 1134 1782 ista
1150 1718 1264 1791 hestia,
1287 1719 1431 1801 quamuis

285 1827 330 1890 ait
353 1824 540 1909 diligentius
563 1822 799 1904 requirendum,
828 1843 889 1888 non
913 1827 1019 1887 tamen
1043 1824 1190 1889 ahhonet
1212 1845 1230 1888 a
1253 1825 1315 1888 fide
1339 1829 1430 1892 reeta.

285 1936 323 1997 ut
353 1933 424 2015 ipsa
449 1931 536 2015 inpia
564 1930 678 1995 ciuitas
705 1930 912 2014 intellegatur
940 1933 972 1994 et
998 1931 1135 2012 populus
1163 1930 1340 1995 infidelium
1365 1952 1430 1996 eorr-

282 2039 400 2102 trariua
428 2039 547 2122 populo
575 2037 662 2102 fideli
690 2040 723 2102 et
750 2037 875 2101 ciuitati
905 2037 974 2101 Dei.
1005 2037 1116 2120 Imago
1144 2057 1220 2102 uero
1244 2038 1313 2102 eius
1337 2039 1429 2102 simu·

283 2145 360 2209 latio
384 2145 454 2210 eius
476 2145 556 2209 mihi
578 2143 716 2220 uidetur,
744 2144 777 2206 in
802 2145 848 2208 eis
872 2143 1023 2208 uidelicet
1045 2143 1237 2224 homiuibus,
1266 2144 1321 2226 qui
1343 2146 1430 2210 riclot
1446 2163 1467 2201 a

282 2252 379 2315 fidem
405 2251 594 2334 profitentur
620 2253 652 2314 et
679 2249 849 2314 infideliter
876 2251 1001 2318 uiuunt.
1029 2250 1170 2335 Fiugunt
1197 2251 1280 2316 enirn
1305 2270 1339 2316 so
1364 2269 1428 2336 esse

282 2359 369 2440 quod
399 2378 461 2424 uon
493 2361 579 2436 sunt,
611 2360 828 2438 uocanturque
860 2377 920 2420 non
953 2357 1058 2421 ueraci
1090 2357 1206 2442 effigie,
1239 2358 1296 2422 sed
1327 2357 1427 2422 fallaci

281 2465 420 2548 imagine
445 2464 627 2530 Christiani.
650 2462 700 2526 Ad
725 2463 854 2528 eandem
879 2483 1016 2545 namque
1039 2464 1176 2528 bestiam
1194 2465 1354 2546 pertinent
1370 2482 1426 2528 uon

282 2572 389 2635 solum
421 2575 528 2654 aperte
560 2569 681 2634 inimici
708 2570 845 2634 nominis
874 2568 994 2634 Christi
1025 2574 1057 2634 et
1085 2571 1153 2636 eius
1181 2571 1427 2655 gloriosissimae

282 2676 435 2754 ciuitatis,
468 2675 524 2740 sed
557 2676 652 2739 etiarn
686 2675 814 2751 zizania,
849 2693 928 2756 quae
957 2675 995 2738 de
1028 2695 1124 2760 regno
1158 2677 1237 2754 siue,
1271 2677 1354 2760 quod
1381 2680 1465 2741 esta

280 2783 426 2859 ecclesia,
454 2783 486 2844 in
509 2781 570 2844 fine
594 2783 715 2845 saeculi
738 2781 917 2864 colligenda
941 2785 1024 2847 sunt.
1051 2784 1093 2847 Et
1115 2784 1170 2865 qui
1194 2787 1270 2849 suut
1293 2783 1346 2866 qui
1368 2803 1426 2847 oon

281 2887 413 2951 adorant
442 2887 579 2950 bestiam
610 2905 668 2950 nee
699 2887 870 2970 imaginem
900 2887 979 2966 elue,
1012 2889 1073 2953 nisi
1106 2891 1161 2971 qui
1192 2889 1315 2954 faciunt
1346 2888 1428 2971 quod

280 2994 327 3057 ait
349 2993 528 3075 apostolus:
553 2991 608 3056 Ne
632 2993 728 3058 sitis
756 2994 895 3076 iugum
920 2994 1116 3060 ducentes
1141 3014 1225 3060 curn
1249 2995 1426 3061 infideli·

280 3101 378 3164 bus?
397 3098 476 3163 ‘Non
497 3099 638 3163 adorant‘
662 3099 745 3162 enim
765 3103 888 3165 estnon
907 3103 1119 3179 consentiunt,
1135 3122 1195 3166 norr
1212 3103 1426 3170 enhicIuoturr

278 3208 390 3286 ‘noque
423 3205 584 3288 accipiunt
615 3205 1011 3288 inscriptionem'‚‘notam
1046 3208 1170 3272 seilicet
1202 3209 1352 3280 oriminis,
1384 3211 1425 3272 ‘in
1443 3225 1465 3263 2³

278 3311 393 3376 fronte'
419 3315 547 3395 propter
573 3313 815 3395 professionem,
844 3313 884 3378 ‘io
913 3308 1019 3379 manu'
1046 3320 1176 3400 propter·
1203 3317 1426 3400 operationem.

278 3419 328 3482 Ab
356 3418 407 3483 his
434 3419 534 3502 igitur
560 3418 654 3483 malis
682 3418 788 3497 alieni,
819 3421 886 3484 siue
915 3419 1019 3484 adhue
1041 3422 1072 3484 in
1097 3422 1159 3486 ista
1182 3424 1309 3488 mortali
1335 3441 1426 3486 carue

279 3525 427 3589 uiuentes
456 3525 525 3589 siue
554 3523 706 3604 defuncti,
734 3529 868 3610 regnant
891 3546 961 3590 eum
986 3526 1112 3593 Christo
1140 3529 1205 3594 iam
1229 3548 1310 3594 nuno
1331 3528 1426 3593 modo

279 3631 415 3712 quodam
447 3629 522 3695 lruio
555 3631 692 3712 tempori
724 3649 862 3716 congruo
895 3651 951 3714 per
983 3637 1085 3698 totum
1120 3635 1179 3700 hoo
1211 3636 1425 3712 interuallum,

277 3736 363 3819 quod
386 3755 517 3801 numero
541 3737 629 3800 mille
652 3737 852 3822 significatur
874 3758 1033 3804 annorum.
1443 3753 1465 3790 ³⁰

369 3946 381 3998 1
403 3946 480 3997 Rom.
502 3946 544 4012 14,
563 3947 579 3998 9
634 3945 650 3997 8
669 3945 753 4015 Apoo.
773 3947 817 4013 20,
836 3949 853 4000 4
908 3949 942 4000 23
962 3950 986 4002 2.
1002 3947 1062 4003 Cor.
1082 3951 1107 4015 6,
1128 3952 1162 4005 14

314 4073 406 4154 2llpl
421 4090 544 4138 mortuus
563 4089 606 4137 est
622 4103 641 4154 9
712 4089 954 4142 sseertaueruntv
1036 4093 1129 4159 aperte
1144 4091 1174 4161 9¹
1247 4094 1375 4148 8siom.
1392 4096 1423 4164 p¹

278 4174 467 4227 adorauerith
504 4176 705 4228 9nec-neco
759 4177 926 4245 acceperitis
981 4179 1155 4248 scriptionem
1165 4199 1187 4249 p
1227 4183 1259 4237 lo
1278 4183 1424 4254 ethcgp:

277 4256 460 4315 aooDomb.
499 4261 580 4316 llde
599 4264 709 4315 morth
749 4266 781 4318 12
801 4265 1024 4334 inquirendumv
1060 4271 1095 4322 22
1114 4271 1174 4339 neo]
1196 4275 1258 4340 etp
1291 4273 1422 4328 2=leste¹

276 4349 745 4420 Domh.;et9;idestahc²pa
800 4353 1062 4410 ausoniaene
1118 4357 1288 4428 ‘28qrrodarn
1305 4359 1421 4414 rnodoo
