3192 4959
366 500 417 553 De
445 500 619 555 ciuitate
648 500 711 555 dei
737 500 803 555 lib.
831 500 902 558 XVI.
931 518 1006 571 cap.
1031 502 1073 556 38.
1101 502 1144 557 39.
1255 506 1317 569 195

175 697 374 777 potestatem.
410 694 527 761 Genuit
559 715 633 781 ergo
664 696 833 761 duodecim
861 697 943 761 filios
974 699 1006 760 et
1032 716 1128 761 unam
1156 694 1254 759 filiam
1283 715 1319 760 en

175 805 324 883 quattuor
350 802 549 867 mulieribus.
578 802 698 867 Deinde
728 803 894 888 ingressus
923 807 973 869 est
999 803 1031 867 in
1059 802 1240 886 Aegyptum
1263 822 1319 885 per

173 908 272 971 filium
296 928 392 972 suum
414 909 538 991 Ioseph,
562 909 617 992 qui
641 909 789 974 uenditus
815 909 852 975 ab
877 908 1093 975 inuidentibus
1113 908 1261 973 fratribus
1282 928 1317 974 eo

172 1016 344 1100 perductus
368 1017 430 1081 fuit
452 1017 555 1101 adque
578 1016 698 1081 ibidem
722 1018 925 1082 sublimatus.

142 1250 154 1289 5
564 1209 702 1275 CAPUT
724 1210 918 1275 XXXVIII.

172 1349 272 1430 Quae
306 1352 405 1415 ratio
438 1352 590 1429 feeerit,
623 1355 665 1416 ut
696 1352 808 1417 Iacob
838 1353 951 1417 etiam
980 1351 1099 1416 Israel
1132 1350 1318 1435 cognomi-

662 1460 828 1525 naretur.

213 1600 309 1665 Iacob
334 1603 442 1664 autem
466 1600 562 1664 etiam
585 1600 695 1675 Israel,
720 1600 805 1665 sieut
828 1599 924 1682 paulo
949 1601 1020 1687 ante
1039 1598 1113 1676 dixi,
1132 1597 1315 1677 uocabatur,

171 1706 256 1789 quod
282 1725 396 1771 nomeu
423 1707 526 1791 magis
554 1706 692 1788 populus
722 1726 758 1770 en
785 1706 841 1769 illo
869 1709 1053 1789 procreatus
1077 1704 1223 1769 obtinuit.
1247 1704 1317 1769 Hoo

130 1816 276 1877 nauum
314 1831 428 1877 nomeu
464 1811 514 1876 illi
545 1812 583 1876 ab
617 1812 728 1896 angelo
762 1812 937 1895 inpositum
971 1816 1029 1889 est,
1069 1812 1124 1893 qui
1157 1830 1228 1877 oum
1262 1810 1316 1875 iilo

169 1920 276 1983 fuerat
307 1918 339 1982 in
371 1919 483 1982 itinero
516 1918 554 1982 de
584 1919 819 2002 Mesopotamia
845 1918 996 1983 redeunte
1024 1919 1177 1995 luctatus,
1205 1922 1317 2001 typum

171 2025 289 2090 Christi
318 2025 558 2089 euidentissime
586 2044 710 2109 gerens.
738 2024 820 2089 Nom
851 2025 934 2107 quod
959 2024 987 2089 ei
1009 2025 1189 2108 praeualuit
1212 2024 1317 2103 Iacob,

170 2132 282 2214 utique
314 2132 447 2209 uolenti,
479 2134 517 2195 ut
543 2132 730 2215 mysterium
761 2132 923 2215 figuraret,
953 2131 1112 2215 signifieat
1138 2131 1318 2214 passionem

172 2238 300 2315 Christi,
332 2238 388 2302 ubi
420 2237 484 2301 uisi
512 2241 587 2303 sunt
615 2238 643 2302 ei
672 2240 853 2321 praeualere
882 2238 1000 2302 Iudaei.
1029 2238 1069 2302 nt
1098 2241 1203 2301 tannen
1226 2236 1318 2301 bene-

128 2342 344 2407 sedictionem
376 2342 415 2407 ab
449 2342 559 2407 eodem
592 2342 718 2426 angelo,
750 2362 844 2424 quem
882 2346 1097 2424 superauerat,
1133 2342 1316 2423 inpetrauit;

170 2470 205 2515 ao
233 2450 281 2515 sio
310 2448 406 2514 huius
434 2449 571 2514 nominis
600 2450 751 2533 inpositio
780 2449 958 2514 benedictio
986 2450 1058 2513 fuit.
1086 2450 1316 2531 Interpretatur

168 2561 276 2621 autem
314 2556 412 2621 Israel
449 2555 572 2621 ‘uidens
609 2556 733 2635 Deum'‚
768 2556 851 2637 quod
890 2558 949 2621 erit
981 2556 1013 2621 in
1046 2556 1106 2619 fine
1138 2554 1315 2638 praemium

168 2666 351 2730 sanctorum
383 2663 535 2727 omnium.
574 2662 695 2747 Tetigit
726 2682 818 2745 porro
851 2662 899 2726 illi
932 2662 1015 2727 idem
1049 2664 1180 2746 angelus
1213 2662 1315 2726 ueluti

166 2768 366 2853 praeualenti
394 2768 596 2832 latitudinem
623 2769 753 2833 femoris
787 2789 923 2852 eumque
952 2770 1013 2834 isto
1043 2769 1136 2833 niodo
1167 2767 1315 2832 claudum

119 2896 149 2936 so
165 2874 316 2940 reddidit.
339 2874 416 2937 Erat
433 2876 543 2956 itaque
566 2894 648 2939 unus
672 2876 774 2957 adque
797 2876 882 2939 idem
906 2876 1000 2941 Iacob
1026 2879 1057 2940 et
1080 2874 1264 2939 benedictus
1285 2876 1317 2939 et

166 2981 319 3047 claudus:
342 2981 530 3046 benedictus
554 2982 586 3046 in
611 2982 667 3059 eis,
693 2983 747 3064 qui
769 2983 802 3046 in
827 2983 989 3048 Christum
1014 3002 1050 3047 er
1069 2981 1181 3046 eodem
1199 2980 1316 3063 populo

166 3086 383 3164 erediderunt,
403 3087 506 3169 adque
526 3088 556 3151 in
576 3088 759 3153 infidelibus
779 3089 921 3154 claudus.
942 3089 1023 3153 Nam
1037 3087 1166 3153 femoris
1181 3087 1317 3151 latitudo

162 3194 295 3279 generis
327 3193 501 3257 multitudo
535 3197 594 3258 est.
627 3195 740 3258 Plures
770 3194 886 3276 quippe
915 3200 989 3257 sunt
1017 3194 1048 3256 in
1078 3211 1113 3257 ea
1142 3193 1250 3275 stirpe,
1279 3192 1317 3255 de

163 3300 288 3384 quibus
320 3300 506 3382 prophetiae
542 3302 739 3383 praedictum
774 3304 836 3365 est:
876 3301 921 3364 ht
953 3300 1268 3364 claudieauerunt
1301 3318 1318 3362 a

114 3430 142 3470 sa
162 3405 322 3471 semitis
346 3406 439 3470 suis.

261 3597 294 3650 18
315 3594 382 3649 Gen.
402 3597 445 3661 32,
464 3599 499 3651 25
554 3599 588 3651 24
606 3598 651 3650 Ps.
672 3599 714 3661 17,
733 3598 767 3653 46

203 3719 384 3788 seopetV
471 3720 1012 3789 dfeeeritfpromb.;fueritpqu
1103 3720 1319 3786 Iacobumpq

160 3810 357 3865 llinom.e
448 3810 480 3863 12
500 3810 525 3862 ei
543 3827 604 3878 sup.
623 3811 709 3880 ΗΜ
801 3812 833 3863 13
852 3816 883 3863 ut
903 3826 987 3862 orne
1079 3809 1319 3877 14preeuelaree

159 3898 200 3953 16
222 3896 304 3951 huius
324 3914 407 3969 om.p
463 3900 496 3953 18
516 3916 587 3952 omn.
607 3902 791 3953 sanctorumv
864 3899 950 3952 ueluti
971 3898 1082 3967 i'epp;
1102 3898 1177 3950 uelut
1190 3914 1205 3949 v
1218 3896 1316 3950 Doorb.

158 3988 201 4042 20
223 3984 318 4040 reddit
340 3986 376 4040 V¹
432 3988 466 4040 22
485 3988 512 4040 in
532 3988 658 4042 fidelibus
677 4004 691 4040 e
745 3990 779 4042 23
800 3994 842 4041 est
860 3986 1042 4041 multitudov
