3192 4959
318 445 382 507 614
668 443 695 497 S.
723 440 880 494 Aurelii
907 438 1125 510 Augustini

317 642 462 703 nostrum
487 639 607 703 scimus
632 642 665 703 et
686 642 873 721 martyrum.
897 639 964 702 Nec
987 643 1093 702 tamen
1117 638 1292 714 miraculis,
1318 655 1400 719 quae
1418 655 1464 719 per

317 745 486 810 memorias
515 749 694 810 nostrorum
722 750 898 827 martyrum
927 744 1017 822 fiunt,
1046 745 1114 810 ullo
1139 745 1233 810 modo
1258 748 1336 808 suut
1359 762 1462 824 conpu·

317 853 415 917 rande
442 852 604 929 miracula,
637 871 718 934 quae
746 852 831 916 lacte
860 871 915 935 per
941 852 1062 934 templu
1091 852 1299 933 perhibentur
1330 851 1462 916 illorum.

318 961 437 1025 Verum
465 959 494 1024 si
518 979 581 1042 qna
604 959 723 1024 similia
751 959 910 1036 uidentur,
941 959 1026 1024 siout
1048 979 1067 1023 a
1090 958 1201 1042 Moyse
1224 958 1311 1041 magi
1336 957 1462 1022 Pharao-

318 1066 377 1141 nis,
406 1067 452 1130 sio
481 1085 590 1131 eorum
619 1065 651 1130 di
679 1066 757 1130 uicti
787 1069 864 1130 sunt
893 1086 910 1130 a
934 1065 1127 1149 martyribus
1151 1064 1280 1130 nostris.
1315 1064 1462 1128 Fecerunt
1486 1084 1495 1119 a

319 1179 426 1238 autem
453 1173 510 1238 illa
533 1172 702 1237 daemones
731 1192 767 1237 eo
796 1174 882 1238 fastu
909 1174 1039 1255 inpurae
1064 1171 1242 1254 superbiae,
1273 1191 1336 1253 quo
1363 1189 1460 1236 eorum

317 1280 349 1344 di
382 1298 453 1344 esse
485 1279 674 1353 uoluerunt3
709 1279 830 1343 faciunt
860 1281 966 1342 autem
995 1277 1058 1342 ista
1091 1281 1246 1360 martyres
1275 1279 1329 1342 nel
1365 1278 1461 1360 potius

318 1387 405 1450 Dens
429 1388 486 1449 aut
515 1386 758 1467 cooperantibus
782 1393 838 1449 aut
862 1385 1025 1450 orantibus
1050 1385 1105 1460 eis,
1136 1389 1174 1448 ut
1196 1383 1274 1448 fides
1299 1384 1357 1478 illa
1380 1383 1461 1465 proli·

318 1493 391 1568 ciat,
420 1511 483 1574 qua
506 1510 560 1556 eos
584 1511 645 1556 non
670 1491 746 1556 deos
770 1495 897 1557 nostros
922 1511 1002 1570 esse,
1033 1492 1090 1556 sed
1113 1511 1213 1556 unum
1236 1491 1343 1556 Deum
1368 1491 1461 1555 nobis·

318 1619 389 1662 cum
414 1599 529 1663 habere
554 1598 730 1664 credamus.
756 1599 898 1682 Denique
922 1599 971 1663 illi
994 1599 1114 1664 talibus
1139 1599 1188 1663 dis
1209 1599 1278 1662 suis
1299 1603 1333 1663 et
1352 1597 1461 1679 templa
1477 1617 1495 1652 u

317 1705 565 1770 aedificaueruut
596 1709 629 1770 et
661 1708 844 1770 statuerunt
872 1726 952 1783 aras,
985 1711 1017 1770 et
1050 1706 1231 1770 sacerdotes
1263 1705 1462 1770 instituerunt

318 1816 351 1876 et
375 1811 530 1878 sacrificia
552 1812 712 1888 lecerunt;
735 1832 793 1876 nos
818 1815 924 1878 eutem
948 1813 1141 1896 martyribus
1165 1812 1283 1876 nostris
1308 1831 1369 1877 non
1392 1815 1460 1876 tem·

317 1919 370 2000 pla
393 1918 479 1983 sicut
501 1919 561 1994 dis,
586 1918 643 1984 sed
666 1919 837 1983 memorias
857 1920 942 1984 sicut
960 1919 1143 1984 hominibus
1163 1919 1311 1984 mortuis,
1337 1937 1461 2001 quorum

318 2029 396 2108 aput
425 2025 531 2090 Deum
563 2025 681 2090 uiuunt
712 2026 855 2107 spiritus,
890 2027 1099 2100 fabricamus;
1138 2045 1197 2092 nec
1233 2025 1278 2090 ibi
1317 2025 1459 2109 erigimus
1563 2091 1564 2100 ἶ

317 2131 439 2209 altaria,
472 2132 505 2196 in
536 2132 652 2214 quibus
681 2131 897 2198 sacrificemus
930 2133 1132 2216 martyribus,
1167 2133 1223 2198 sed
1251 2132 1308 2196 uni
1342 2133 1404 2196 Deo
1431 2138 1494 2194 otu
1563 2167 1564 2176 κ

318 2243 491 2322 martyrum
520 2242 553 2302 et
579 2243 705 2315 nostro;
735 2240 773 2304 ad
798 2239 882 2321 quod
908 2239 1097 2305 sacrificium
1122 2240 1207 2304 siout
1229 2239 1373 2304 homines
1396 2237 1458 2310 Dei,

319 2345 373 2426 qni
396 2345 549 2410 mundum
574 2345 604 2409 in
630 2346 699 2410 eius
724 2347 923 2410 confessione
948 2346 1103 2419 uicerunt,
1128 2365 1186 2410 suo
1209 2346 1281 2412 loco
1308 2349 1339 2410 et
1361 2344 1458 2410 ordine

317 2451 528 2524 nominentur,
552 2471 613 2516 non
637 2455 743 2517 tamen
768 2473 787 2517 a
811 2453 984 2529 caecrucis,
1005 2452 1059 2536 qui
1084 2453 1251 2530 sacrificat,
1270 2453 1458 2518 inuocantur.

319 2559 385 2624 Deo
414 2560 542 2643 quippe,
571 2580 631 2625 non
659 2561 738 2643 ipsis
768 2560 935 2635 sacrificat,
965 2561 1111 2644 quamuis
1139 2560 1171 2625 in
1200 2561 1352 2625 memoria
1374 2557 1456 2624 sacri·

317 2666 393 2731 ficet
420 2685 539 2746 eorum,
568 2667 643 2750 quia
665 2667 725 2731 Dei
748 2667 895 2732 sacerdos
925 2671 983 2742 est,
1013 2687 1074 2732 non
1097 2668 1234 2732 illorum.
1259 2667 1368 2750 Ipsum
1390 2684 1456 2730 uero
1474 2675 1493 2711 θ’

319 2773 508 2838 sacrificium
538 2792 651 2856 corpus
681 2778 731 2838 est
759 2773 888 2856 Christi,
918 2775 1002 2857 quod
1031 2795 1091 2840 non
1121 2775 1252 2839 offertur
1275 2774 1364 2858 ipsis,
1391 2771 1456 2855 qnia

318 2878 378 2943 hoc
403 2882 477 2943 sunt
500 2881 532 2942 et
554 2878 625 2962 ipsi.
646 2877 770 2957 Quibus
789 2879 890 2964 igitur
907 2881 1015 2963 potius
1036 2880 1227 2946 credendum
1247 2885 1298 2946 est
1316 2879 1456 2944 miracula

318 2984 532 3049 facientibus?
565 2985 661 3049 Eisne
694 2986 749 3066 qni
781 3005 816 3050 se
849 2985 938 3068 ipsos
966 2985 1080 3052 uolunt
1106 2987 1214 3052 baberi
1243 2988 1318 3052 deos
1351 2987 1386 3050 ab
1411 2986 1455 3049 bis

319 3090 435 3172 quibus
460 3109 496 3154 ea
518 3091 649 3166 faciunt,
678 3110 716 3154 an
742 3091 787 3154 eis
812 3091 877 3174 qui,
907 3095 943 3156 ut
966 3093 996 3156 in
1022 3093 1124 3158 Deum
1149 3093 1307 3168 credatur,
1330 3091 1406 3176 quod
1426 3095 1456 3154 et

320 3196 466 3262 Christus
500 3201 559 3274 est,
594 3197 714 3262 faciunt
747 3197 900 3280 quidquid
934 3199 1078 3264 mirabile
1107 3201 1253 3265 faciunt?
1286 3200 1376 3264 Eisne
1407 3197 1491 3280 quia

220 3347 223 3352 -
319 3322 408 3368 sacra
436 3323 496 3368 sua
522 3304 618 3368 etiam
647 3304 779 3370 crimina
808 3324 866 3369 sua
895 3325 965 3371 esse
989 3307 1169 3386 uoluerunt,
1199 3327 1237 3372 an
1263 3308 1308 3371 eis
1332 3305 1383 3390 qni
1404 3321 1452 3367 nec

317 3409 428 3474 laudes
453 3429 527 3475 suas
551 3411 666 3475 uolunt
688 3430 758 3475 esse
782 3431 871 3475 sacra
894 3431 962 3489 sua,
987 3412 1043 3477 sed
1066 3415 1181 3490 totum,
1207 3413 1292 3496 quod
1315 3409 1454 3476 ueraciter

318 3516 496 3594 laudantur,
532 3518 570 3582 ad
604 3517 672 3582 eius
706 3517 840 3600 gloriam
872 3516 1022 3601 prolicere
1051 3519 1082 3583 in
1116 3539 1177 3601 quo
1210 3518 1396 3583 laudantur?
1423 3513 1450 3576 in

319 3623 455 3689 Domino
484 3623 600 3708 quippe
628 3625 799 3688 laudantur
827 3626 949 3690 animae
974 3645 1093 3690 eorum.
1124 3625 1299 3691 Credamus
1323 3643 1389 3706 ergo
1411 3621 1450 3684 eis

319 3735 352 3794 et
382 3749 458 3794 uera
491 3729 670 3794 dicentibus
700 3734 731 3793 et
759 3731 839 3793 mira
868 3731 1070 3796 facientibus.
1105 3733 1247 3798 Dicendo
1278 3733 1355 3797 enirn
1386 3743 1488 3792 uerae

407 4016 425 4068 4
442 4013 528 4070 Enod.
549 4015 565 4068 8
619 4015 654 4068 29
673 4015 718 4069 Ps.
738 4017 780 4081 33,
802 4017 818 4069 3

355 4164 508 4234 2compar.
528 4170 625 4218 sunto
738 4167 753 4218 [r
774 4163 802 4217 di
822 4165 900 4234 uicti]
922 4165 1024 4220 deuicti
1041 4181 1073 4234 p,·
1092 4165 1130 4219 dii
1150 4165 1253 4220 deuicti
1274 4185 1288 4221 e
1377 4164 1445 4216 aaut

319 4251 460 4306 orantibus
479 4256 528 4306 aut
547 4253 790 4322 cooperantibuso
881 4255 1004 4325 9qupp
1076 4269 1135 4307 esse
1154 4258 1297 4310 nostross
1363 4249 1445 4306 babere

319 4339 493 4394 nobiscumu
549 4344 578 4394 ll
601 4340 839 4412 aedicaueruntp¹
911 4344 942 4396 ll
962 4343 1125 4396 lubricamus
1143 4359 1231 4411 orrap
1287 4345 1445 4402 loueresce
1525 4371 1561 4402 .:
