<?xml version="1.0" encoding="UTF-8"?>
<!DOCTYPE html PUBLIC "-//W3C//DTD XHTML 1.0 Transitional//EN"
    "http://www.w3.org/TR/xhtml1/DTD/xhtml1-transitional.dtd">
<html xmlns="http://www.w3.org/1999/xhtml" xml:lang="en" lang="en">
 <head>
  <title>
</title>
<meta http-equiv="Content-Type" content="text/html;charset=utf-8" />
  <meta name='ocr-system' content='tesseract 3.04.00' />
  <meta name='ocr-capabilities' content='ocr_page ocr_carea ocr_par ocr_line ocrx_word'/>
</head>
<body>
  <div class='ocr_page' id='page_1' title='image "./corpusscriptoru07wiengoog/corpusscriptoru07wiengoog_0668.png"; bbox 0 0 3192 4959; ppageno 0'>
   <div class='ocr_carea' id='block_1_1' title="bbox 305 483 1109 552">
    <p class='ocr_par' dir='ltr' id='par_1_1' title="bbox 305 483 1109 552">
     <span class='ocr_line' id='line_1_1' title="bbox 305 483 1109 552; baseline -0.022 0"><span class='ocrx_word' id='word_1_1' title='bbox 305 489 368 552; x_wconf 63' lang='grc'>648</span> <span class='ocrx_word' id='word_1_2' title='bbox 651 487 677 537; x_wconf 85' lang='lat' dir='ltr'>S.</span> <span class='ocrx_word' id='word_1_3' title='bbox 708 483 864 536; x_wconf 73' lang='lat' dir='ltr'>Aurelii</span> <span class='ocrx_word' id='word_1_4' title='bbox 894 483 1109 548; x_wconf 76' lang='lat' dir='ltr'>August-ini</span> 
     </span>
    </p>
   </div>
   <div class='ocr_carea' id='block_1_2' title="bbox 303 675 1539 3321">
    <p class='ocr_par' dir='ltr' id='par_1_2' title="bbox 303 675 1539 3321">
     <span class='ocr_line' id='line_1_2' title="bbox 348 675 1444 763; baseline -0.004 -21"><span class='ocrx_word' id='word_1_5' title='bbox 348 679 415 743; x_wconf 90' lang='lat' dir='ltr'>lam</span> <span class='ocrx_word' id='word_1_6' title='bbox 445 683 549 743; x_wconf 86' lang='lat' dir='ltr'>cetera</span> <span class='ocrx_word' id='word_1_7' title='bbox 576 678 779 763; x_wconf 77' lang='lat' dir='ltr'>pulchritudo</span> <span class='ocrx_word' id='word_1_8' title='bbox 809 683 842 742; x_wconf 93' lang='lat' dir='ltr'>et</span> <span class='ocrx_word' id='word_1_9' title='bbox 868 677 992 740; x_wconf 88' lang='lat' dir='ltr'>utilitas</span> <span class='ocrx_word' id='word_1_10' title='bbox 1016 681 1187 755; x_wconf 77' lang='lat' dir='ltr'>creaturae,</span> <span class='ocrx_word' id='word_1_11' title='bbox 1217 695 1298 758; x_wconf 88' lang='lat' dir='ltr'>quae</span> <span class='ocrx_word' id='word_1_12' title='bbox 1321 675 1444 750; x_wconf 88' lang='lat' dir='ltr'>bomini,</span> 
     </span>
     <span class='ocr_line' id='line_1_3' title="bbox 303 783 1444 866; baseline -0.003 -17"><span class='ocrx_word' id='word_1_13' title='bbox 303 786 380 850; x_wconf 91' lang='lat' dir='ltr'>licet</span> <span class='ocrx_word' id='word_1_14' title='bbox 411 785 441 849; x_wconf 89' lang='lat' dir='ltr'>in</span> <span class='ocrx_word' id='word_1_15' title='bbox 475 787 555 850; x_wconf 87' lang='lat' dir='ltr'>istos</span> <span class='ocrx_word' id='word_1_16' title='bbox 589 786 712 850; x_wconf 88' lang='lat' dir='ltr'>labores</span> <span class='ocrx_word' id='word_1_17' title='bbox 746 785 955 866; x_wconf 89' lang='lat' dir='ltr'>miseriasque</span> <span class='ocrx_word' id='word_1_18' title='bbox 986 783 1128 866; x_wconf 89' lang='lat' dir='ltr'>proiecto</span> <span class='ocrx_word' id='word_1_19' title='bbox 1160 784 1265 865; x_wconf 88' lang='lat' dir='ltr'>adque</span> <span class='ocrx_word' id='word_1_20' title='bbox 1293 783 1444 857; x_wconf 81' lang='lat' dir='ltr'>damnato,</span> 
     </span>
     <span class='ocr_line' id='line_1_4' title="bbox 305 891 1445 974; baseline -0.004 -18"><span class='ocrx_word' id='word_1_21' title='bbox 305 892 477 973; x_wconf 89' lang='lat' dir='ltr'>spectanda</span> <span class='ocrx_word' id='word_1_22' title='bbox 505 893 606 974; x_wconf 90' lang='lat' dir='ltr'>adque</span> <span class='ocrx_word' id='word_1_23' title='bbox 635 891 790 958; x_wconf 89' lang='lat' dir='ltr'>sumenda</span> <span class='ocrx_word' id='word_1_24' title='bbox 819 891 926 955; x_wconf 87' lang='lat' dir='ltr'>diuina</span> <span class='ocrx_word' id='word_1_25' title='bbox 953 891 1103 974; x_wconf 84' lang='lat' dir='ltr'>largitate</span> <span class='ocrx_word' id='word_1_26' title='bbox 1132 909 1284 955; x_wconf 86' lang='lat' dir='ltr'>concessa</span> <span class='ocrx_word' id='word_1_27' title='bbox 1308 892 1366 968; x_wconf 88' lang='lat' dir='ltr'>est,</span> <span class='ocrx_word' id='word_1_28' title='bbox 1391 908 1445 971; x_wconf 90' lang='lat' dir='ltr'>qno</span> 
     </span>
     <span class='ocr_line' id='line_1_5' title="bbox 305 997 1444 1080; baseline -0.003 -19"><span class='ocrx_word' id='word_1_29' title='bbox 305 1017 448 1064; x_wconf 83' lang='lat' dir='ltr'>sermone</span> <span class='ocrx_word' id='word_1_30' title='bbox 476 999 636 1063; x_wconf 85' lang='lat' dir='ltr'>terminari</span> <span class='ocrx_word' id='word_1_31' title='bbox 665 1001 795 1080; x_wconf 82' lang='lat' dir='ltr'>potest?</span> <span class='ocrx_word' id='word_1_32' title='bbox 824 998 856 1061; x_wconf 92' lang='lat' dir='ltr'>in</span> <span class='ocrx_word' id='word_1_33' title='bbox 884 997 962 1062; x_wconf 86' lang='lat' dir='ltr'>caeli</span> <span class='ocrx_word' id='word_1_34' title='bbox 986 1002 1019 1060; x_wconf 88' lang='lat' dir='ltr'>et</span> <span class='ocrx_word' id='word_1_35' title='bbox 1041 1001 1142 1061; x_wconf 85' lang='lat' dir='ltr'>terrae</span> <span class='ocrx_word' id='word_1_36' title='bbox 1170 999 1202 1061; x_wconf 90' lang='lat' dir='ltr'>et</span> <span class='ocrx_word' id='word_1_37' title='bbox 1225 997 1324 1060; x_wconf 89' lang='lat' dir='ltr'>maris</span> <span class='ocrx_word' id='word_1_38' title='bbox 1347 997 1444 1060; x_wconf 90' lang='lat' dir='ltr'>multi·</span> 
     </span>
     <span class='ocr_line' id='line_1_6' title="bbox 303 1103 1477 1188; baseline -0.002 -20"><span class='ocrx_word' id='word_1_39' title='bbox 303 1105 397 1169; x_wconf 88' lang='lat' dir='ltr'>moda</span> <span class='ocrx_word' id='word_1_40' title='bbox 422 1109 454 1171; x_wconf 89' lang='lat' dir='ltr'>et</span> <span class='ocrx_word' id='word_1_41' title='bbox 478 1106 566 1170; x_wconf 90' lang='lat' dir='ltr'>uaria</span> <span class='ocrx_word' id='word_1_42' title='bbox 588 1105 836 1188; x_wconf 75' lang='lat' dir='ltr'>pulchritudine,</span> <span class='ocrx_word' id='word_1_43' title='bbox 861 1105 891 1167; x_wconf 90' lang='lat' dir='ltr'>in</span> <span class='ocrx_word' id='word_1_44' title='bbox 916 1105 1018 1186; x_wconf 88' lang='lat' dir='ltr'>ipsius</span> <span class='ocrx_word' id='word_1_45' title='bbox 1042 1103 1125 1169; x_wconf 87' lang='lat' dir='ltr'>lucis</span> <span class='ocrx_word' id='word_1_46' title='bbox 1147 1105 1237 1166; x_wconf 89' lang='lat' dir='ltr'>tanta</span> <span class='ocrx_word' id='word_1_47' title='bbox 1260 1103 1353 1184; x_wconf 85' lang='lat' dir='ltr'>copia</span> <span class='ocrx_word' id='word_1_48' title='bbox 1375 1106 1477 1166; x_wconf 72' lang='lat' dir='ltr'>tam-s</span> 
     </span>
     <span class='ocr_line' id='line_1_7' title="bbox 304 1209 1446 1295; baseline -0.002 -21"><span class='ocrx_word' id='word_1_49' title='bbox 304 1231 364 1293; x_wconf 88' lang='lat' dir='ltr'>qne</span> <span class='ocrx_word' id='word_1_50' title='bbox 394 1212 530 1276; x_wconf 90' lang='lat' dir='ltr'>mirabili</span> <span class='ocrx_word' id='word_1_51' title='bbox 561 1213 676 1295; x_wconf 89' lang='lat' dir='ltr'>specie,</span> <span class='ocrx_word' id='word_1_52' title='bbox 705 1213 735 1276; x_wconf 93' lang='lat' dir='ltr'>in</span> <span class='ocrx_word' id='word_1_53' title='bbox 761 1213 827 1275; x_wconf 87' lang='lat' dir='ltr'>sole</span> <span class='ocrx_word' id='word_1_54' title='bbox 851 1230 888 1276; x_wconf 85' lang='lat' dir='ltr'>ao</span> <span class='ocrx_word' id='word_1_55' title='bbox 911 1213 987 1274; x_wconf 86' lang='lat' dir='ltr'>luna</span> <span class='ocrx_word' id='word_1_56' title='bbox 1010 1214 1043 1274; x_wconf 91' lang='lat' dir='ltr'>et</span> <span class='ocrx_word' id='word_1_57' title='bbox 1066 1210 1234 1286; x_wconf 85' lang='lat' dir='ltr'>sideribus,</span> <span class='ocrx_word' id='word_1_58' title='bbox 1259 1210 1291 1272; x_wconf 91' lang='lat' dir='ltr'>in</span> <span class='ocrx_word' id='word_1_59' title='bbox 1317 1209 1446 1292; x_wconf 85' lang='lat' dir='ltr'>opacita-</span> 
     </span>
     <span class='ocr_line' id='line_1_8' title="bbox 303 1315 1446 1396; baseline -0.003 -14"><span class='ocrx_word' id='word_1_60' title='bbox 303 1319 390 1382; x_wconf 83' lang='lat' dir='ltr'>tibus</span> <span class='ocrx_word' id='word_1_61' title='bbox 414 1337 588 1396; x_wconf 88' lang='lat' dir='ltr'>nomorum,</span> <span class='ocrx_word' id='word_1_62' title='bbox 613 1319 644 1383; x_wconf 91' lang='lat' dir='ltr'>in</span> <span class='ocrx_word' id='word_1_63' title='bbox 669 1319 828 1384; x_wconf 86' lang='lat' dir='ltr'>coloribus</span> <span class='ocrx_word' id='word_1_64' title='bbox 854 1322 886 1383; x_wconf 91' lang='lat' dir='ltr'>et</span> <span class='ocrx_word' id='word_1_65' title='bbox 905 1318 1054 1382; x_wconf 90' lang='lat' dir='ltr'>odoribus</span> <span class='ocrx_word' id='word_1_66' title='bbox 1073 1318 1197 1394; x_wconf 87' lang='lat' dir='ltr'>florum,</span> <span class='ocrx_word' id='word_1_67' title='bbox 1216 1316 1247 1380; x_wconf 93' lang='lat' dir='ltr'>in</span> <span class='ocrx_word' id='word_1_68' title='bbox 1268 1315 1446 1380; x_wconf 88' lang='lat' dir='ltr'>diuersitate</span> 
     </span>
     <span class='ocr_line' id='line_1_9' title="bbox 304 1423 1447 1509; baseline -0.002 -22"><span class='ocrx_word' id='word_1_69' title='bbox 304 1443 339 1488; x_wconf 86' lang='lat' dir='ltr'>ac</span> <span class='ocrx_word' id='word_1_70' title='bbox 364 1427 570 1490; x_wconf 89' lang='lat' dir='ltr'>multitudine</span> <span class='ocrx_word' id='word_1_71' title='bbox 593 1427 761 1490; x_wconf 89' lang='lat' dir='ltr'>uolucrum</span> <span class='ocrx_word' id='word_1_72' title='bbox 785 1426 980 1509; x_wconf 86' lang='lat' dir='ltr'>garrularum</span> <span class='ocrx_word' id='word_1_73' title='bbox 1005 1425 1107 1505; x_wconf 89' lang='lat' dir='ltr'>adque</span> <span class='ocrx_word' id='word_1_74' title='bbox 1129 1424 1299 1505; x_wconf 86' lang='lat' dir='ltr'>pictarum.</span> <span class='ocrx_word' id='word_1_75' title='bbox 1323 1423 1355 1486; x_wconf 95' lang='lat' dir='ltr'>in</span> <span class='ocrx_word' id='word_1_76' title='bbox 1374 1423 1447 1486; x_wconf 91' lang='lat' dir='ltr'>mul·</span> 
     </span>
     <span class='ocr_line' id='line_1_10' title="bbox 305 1530 1445 1614; baseline -0.002 -18"><span class='ocrx_word' id='word_1_77' title='bbox 305 1532 426 1596; x_wconf 84' lang='lat' dir='ltr'>tit&#39;ormi</span> <span class='ocrx_word' id='word_1_78' title='bbox 450 1533 556 1614; x_wconf 89' lang='lat' dir='ltr'>specie</span> <span class='ocrx_word' id='word_1_79' title='bbox 580 1535 629 1597; x_wconf 90' lang='lat' dir='ltr'>tot</span> <span class='ocrx_word' id='word_1_80' title='bbox 652 1537 872 1612; x_wconf 88' lang='lat' dir='ltr'>tantarumque</span> <span class='ocrx_word' id='word_1_81' title='bbox 896 1531 1115 1609; x_wconf 88' lang='lat' dir='ltr'>animantium,</span> <span class='ocrx_word' id='word_1_82' title='bbox 1135 1549 1269 1612; x_wconf 87' lang='lat' dir='ltr'>quarum</span> <span class='ocrx_word' id='word_1_83' title='bbox 1287 1530 1364 1593; x_wconf 89' lang='lat' dir='ltr'>illae</span> <span class='ocrx_word' id='word_1_84' title='bbox 1381 1531 1445 1613; x_wconf 90' lang='lat' dir='ltr'>plus</span> 
     </span>
     <span class='ocr_line' id='line_1_11' title="bbox 305 1636 1478 1722; baseline -0.001 -22"><span class='ocrx_word' id='word_1_85' title='bbox 305 1639 421 1704; x_wconf 82' lang='lat' dir='ltr'>liabent</span> <span class='ocrx_word' id='word_1_86' title='bbox 445 1639 674 1716; x_wconf 81' lang='lat' dir='ltr'>admirationis,</span> <span class='ocrx_word' id='word_1_87' title='bbox 703 1659 783 1722; x_wconf 91' lang='lat' dir='ltr'>quae</span> <span class='ocrx_word' id='word_1_88' title='bbox 811 1639 906 1703; x_wconf 89' lang='lat' dir='ltr'>molis</span> <span class='ocrx_word' id='word_1_89' title='bbox 934 1639 1101 1701; x_wconf 90' lang='lat' dir='ltr'>minimum</span> <span class='ocrx_word' id='word_1_90' title='bbox 1130 1636 1217 1720; x_wconf 85' lang='lat' dir='ltr'>(plus</span> <span class='ocrx_word' id='word_1_91' title='bbox 1241 1637 1324 1700; x_wconf 90' lang='lat' dir='ltr'>enim</span> <span class='ocrx_word' id='word_1_92' title='bbox 1349 1637 1478 1702; x_wconf 74' lang='lat' dir='ltr'>sormi-1·</span> 
     </span>
     <span class='ocr_line' id='line_1_12' title="bbox 304 1742 1445 1829; baseline -0.001 -22"><span class='ocrx_word' id='word_1_93' title='bbox 304 1746 446 1808; x_wconf 87' lang='lat' dir='ltr'>cularum</span> <span class='ocrx_word' id='word_1_94' title='bbox 477 1748 509 1809; x_wconf 92' lang='lat' dir='ltr'>et</span> <span class='ocrx_word' id='word_1_95' title='bbox 537 1745 732 1829; x_wconf 87' lang='lat' dir='ltr'>apicularum</span> <span class='ocrx_word' id='word_1_96' title='bbox 763 1763 857 1828; x_wconf 87' lang='lat' dir='ltr'>opera</span> <span class='ocrx_word' id='word_1_97' title='bbox 889 1749 1056 1827; x_wconf 88' lang='lat' dir='ltr'>stupemus</span> <span class='ocrx_word' id='word_1_98' title='bbox 1090 1762 1183 1826; x_wconf 87' lang='lat' dir='ltr'>quam</span> <span class='ocrx_word' id='word_1_99' title='bbox 1212 1742 1357 1807; x_wconf 89' lang='lat' dir='ltr'>inmensa</span> <span class='ocrx_word' id='word_1_100' title='bbox 1387 1763 1445 1808; x_wconf 86' lang='lat' dir='ltr'>cor·</span> 
     </span>
     <span class='ocr_line' id='line_1_13' title="bbox 304 1851 1445 1935; baseline -0.003 -19"><span class='ocrx_word' id='word_1_101' title='bbox 304 1871 379 1934; x_wconf 91' lang='lat' dir='ltr'>pora</span> <span class='ocrx_word' id='word_1_102' title='bbox 402 1852 626 1934; x_wconf 88' lang='lat' dir='ltr'>balaenarum),</span> <span class='ocrx_word' id='word_1_103' title='bbox 655 1853 686 1916; x_wconf 86' lang='lat' dir='ltr'>iu</span> <span class='ocrx_word' id='word_1_104' title='bbox 710 1853 815 1934; x_wconf 87' lang='lat' dir='ltr'>ipsius</span> <span class='ocrx_word' id='word_1_105' title='bbox 840 1871 965 1935; x_wconf 89' lang='lat' dir='ltr'>quoqne</span> <span class='ocrx_word' id='word_1_106' title='bbox 988 1851 1085 1915; x_wconf 86' lang='lat' dir='ltr'>maris</span> <span class='ocrx_word' id='word_1_107' title='bbox 1109 1855 1174 1915; x_wconf 88' lang='lat' dir='ltr'>tam</span> <span class='ocrx_word' id='word_1_108' title='bbox 1199 1851 1310 1932; x_wconf 79' lang='lat' dir='ltr'>grandi</span> <span class='ocrx_word' id='word_1_109' title='bbox 1334 1854 1445 1931; x_wconf 86' lang='lat' dir='ltr'>specta-</span> 
     </span>
     <span class='ocr_line' id='line_1_14' title="bbox 304 1957 1445 2035; baseline -0.004 -12"><span class='ocrx_word' id='word_1_110' title='bbox 304 1958 387 2035; x_wconf 88' lang='lat' dir='ltr'>culo,</span> <span class='ocrx_word' id='word_1_111' title='bbox 421 1977 491 2021; x_wconf 89' lang='lat' dir='ltr'>cum</span> <span class='ocrx_word' id='word_1_112' title='bbox 527 1977 595 2022; x_wconf 89' lang='lat' dir='ltr'>sese</span> <span class='ocrx_word' id='word_1_113' title='bbox 629 1960 764 2024; x_wconf 89' lang='lat' dir='ltr'>diuersis</span> <span class='ocrx_word' id='word_1_114' title='bbox 798 1959 958 2024; x_wconf 89' lang='lat' dir='ltr'>coloribus</span> <span class='ocrx_word' id='word_1_115' title='bbox 991 1957 1083 2022; x_wconf 88' lang='lat' dir='ltr'>uelut</span> <span class='ocrx_word' id='word_1_116' title='bbox 1111 1958 1257 2022; x_wconf 79' lang='lat' dir='ltr'>riestibus</span> <span class='ocrx_word' id='word_1_117' title='bbox 1291 1957 1394 2020; x_wconf 87' lang='lat' dir='ltr'>induit</span> <span class='ocrx_word' id='word_1_118' title='bbox 1418 1959 1445 2018; x_wconf 86' lang='lat' dir='ltr'>et</span> 
     </span>
     <span class='ocr_line' id='line_1_15' title="bbox 304 2063 1443 2148; baseline -0.004 -19"><span class='ocrx_word' id='word_1_119' title='bbox 304 2065 472 2148; x_wconf 86' lang='lat' dir='ltr'>aliquando</span> <span class='ocrx_word' id='word_1_120' title='bbox 502 2065 603 2129; x_wconf 89' lang='lat' dir='ltr'>uiride</span> <span class='ocrx_word' id='word_1_121' title='bbox 632 2065 733 2147; x_wconf 89' lang='lat' dir='ltr'>adque</span> <span class='ocrx_word' id='word_1_122' title='bbox 762 2067 822 2129; x_wconf 91' lang='lat' dir='ltr'>boo</span> <span class='ocrx_word' id='word_1_123' title='bbox 851 2065 964 2129; x_wconf 88' lang='lat' dir='ltr'>multis</span> <span class='ocrx_word' id='word_1_124' title='bbox 992 2064 1106 2140; x_wconf 90' lang='lat' dir='ltr'>modis,</span> <span class='ocrx_word' id='word_1_125' title='bbox 1139 2063 1309 2146; x_wconf 87' lang='lat' dir='ltr'>aliquando</span> <span class='ocrx_word' id='word_1_126' title='bbox 1338 2081 1443 2146; x_wconf 90' lang='lat' dir='ltr'>purpu-</span> 
     </span>
     <span class='ocr_line' id='line_1_16' title="bbox 304 2169 1477 2254; baseline -0.008 -19"><span class='ocrx_word' id='word_1_127' title='bbox 304 2191 403 2248; x_wconf 89' lang='lat' dir='ltr'>reum,</span> <span class='ocrx_word' id='word_1_128' title='bbox 437 2171 605 2252; x_wconf 89' lang='lat' dir='ltr'>aliqnando</span> <span class='ocrx_word' id='word_1_129' title='bbox 640 2173 820 2236; x_wconf 90' lang='lat' dir='ltr'>caeruleum</span> <span class='ocrx_word' id='word_1_130' title='bbox 853 2176 911 2237; x_wconf 91' lang='lat' dir='ltr'>est.</span> <span class='ocrx_word' id='word_1_131' title='bbox 952 2170 1056 2250; x_wconf 85' lang='lat' dir='ltr'>Quam</span> <span class='ocrx_word' id='word_1_132' title='bbox 1091 2191 1183 2254; x_wconf 89' lang='lat' dir='ltr'>porro</span> <span class='ocrx_word' id='word_1_133' title='bbox 1221 2169 1444 2234; x_wconf 88' lang='lat' dir='ltr'>delectabiliter</span> <span class='ocrx_word' id='word_1_134' title='bbox 1459 2191 1477 2226; x_wconf 76' lang='lat' dir='ltr'>a</span> 
     </span>
     <span class='ocr_line' id='line_1_17' title="bbox 304 2274 1443 2362; baseline -0.007 -19"><span class='ocrx_word' id='word_1_135' title='bbox 304 2281 468 2362; x_wconf 89' lang='lat' dir='ltr'>spectatur</span> <span class='ocrx_word' id='word_1_136' title='bbox 501 2279 596 2342; x_wconf 87' lang='lat' dir='ltr'>etium</span> <span class='ocrx_word' id='word_1_137' title='bbox 630 2279 893 2360; x_wconf 85' lang='lat' dir='ltr'>quandocumque</span> <span class='ocrx_word' id='word_1_138' title='bbox 926 2278 1082 2351; x_wconf 89' lang='lat' dir='ltr'>turbatur,</span> <span class='ocrx_word' id='word_1_139' title='bbox 1116 2278 1149 2340; x_wconf 91' lang='lat' dir='ltr'>et</span> <span class='ocrx_word' id='word_1_140' title='bbox 1180 2276 1217 2340; x_wconf 89' lang='lat' dir='ltr'>fit</span> <span class='ocrx_word' id='word_1_141' title='bbox 1248 2277 1322 2341; x_wconf 90' lang='lat' dir='ltr'>inde</span> <span class='ocrx_word' id='word_1_142' title='bbox 1354 2274 1443 2339; x_wconf 90' lang='lat' dir='ltr'>maior</span> 
     </span>
     <span class='ocr_line' id='line_1_18' title="bbox 304 2384 1443 2468; baseline -0.004 -19"><span class='ocrx_word' id='word_1_143' title='bbox 304 2386 459 2461; x_wconf 76' lang='lat' dir='ltr'>streilitas,</span> <span class='ocrx_word' id='word_1_144' title='bbox 491 2385 565 2468; x_wconf 89' lang='lat' dir='ltr'>qnia</span> <span class='ocrx_word' id='word_1_145' title='bbox 590 2386 636 2448; x_wconf 92' lang='lat' dir='ltr'>sic</span> <span class='ocrx_word' id='word_1_146' title='bbox 660 2385 821 2449; x_wconf 87' lang='lat' dir='ltr'>demulcet</span> <span class='ocrx_word' id='word_1_147' title='bbox 842 2386 1030 2457; x_wconf 78' lang='lat' dir='ltr'>intuentem,</span> <span class='ocrx_word' id='word_1_148' title='bbox 1058 2388 1180 2448; x_wconf 91' lang='lat' dir='ltr'>utnon</span> <span class='ocrx_word' id='word_1_149' title='bbox 1205 2384 1303 2447; x_wconf 84' lang='lat' dir='ltr'>iactet</span> <span class='ocrx_word' id='word_1_150' title='bbox 1325 2386 1355 2447; x_wconf 91' lang='lat' dir='ltr'>et</span> <span class='ocrx_word' id='word_1_151' title='bbox 1377 2399 1443 2462; x_wconf 86' lang='lat' dir='ltr'>que·</span> 
     </span>
     <span class='ocr_line' id='line_1_19' title="bbox 304 2490 1444 2574; baseline -0.004 -18"><span class='ocrx_word' id='word_1_152' title='bbox 304 2493 363 2556; x_wconf 87' lang='lat' dir='ltr'>tiat</span> <span class='ocrx_word' id='word_1_153' title='bbox 400 2493 619 2574; x_wconf 85' lang='lat' dir='ltr'>nauigantem!</span> <span class='ocrx_word' id='word_1_154' title='bbox 659 2491 742 2572; x_wconf 84' lang='lat' dir='ltr'>Quid</span> <span class='ocrx_word' id='word_1_155' title='bbox 780 2492 922 2556; x_wconf 89' lang='lat' dir='ltr'>ciborum</span> <span class='ocrx_word' id='word_1_156' title='bbox 955 2509 1186 2572; x_wconf 88' lang='lat' dir='ltr'>usquequaque</span> <span class='ocrx_word' id='word_1_157' title='bbox 1219 2490 1310 2570; x_wconf 87' lang='lat' dir='ltr'>copia</span> <span class='ocrx_word' id='word_1_158' title='bbox 1346 2491 1444 2552; x_wconf 84' lang='lat' dir='ltr'>contra</span> 
     </span>
     <span class='ocr_line' id='line_1_20' title="bbox 304 2595 1444 2681; baseline -0.007 -19"><span class='ocrx_word' id='word_1_159' title='bbox 304 2598 444 2662; x_wconf 84' lang='lat' dir='ltr'>famem?</span> <span class='ocrx_word' id='word_1_160' title='bbox 477 2597 551 2679; x_wconf 89' lang='lat' dir='ltr'>quid</span> <span class='ocrx_word' id='word_1_161' title='bbox 586 2617 732 2681; x_wconf 88' lang='lat' dir='ltr'>saporum</span> <span class='ocrx_word' id='word_1_162' title='bbox 769 2597 937 2661; x_wconf 84' lang='lat' dir='ltr'>diuersitas</span> <span class='ocrx_word' id='word_1_163' title='bbox 972 2600 1079 2660; x_wconf 88' lang='lat' dir='ltr'>contra</span> <span class='ocrx_word' id='word_1_164' title='bbox 1111 2595 1288 2671; x_wconf 82' lang='lat' dir='ltr'>fastidium,</span> <span class='ocrx_word' id='word_1_165' title='bbox 1324 2598 1444 2659; x_wconf 88' lang='lat' dir='ltr'>naturae</span> 
     </span>
     <span class='ocr_line' id='line_1_21' title="bbox 305 2698 1482 2786; baseline -0.008 -18"><span class='ocrx_word' id='word_1_166' title='bbox 305 2705 420 2769; x_wconf 83' lang='lat' dir='ltr'>diffusa</span> <span class='ocrx_word' id='word_1_167' title='bbox 445 2705 579 2780; x_wconf 86' lang='lat' dir='ltr'>diuitiis,</span> <span class='ocrx_word' id='word_1_168' title='bbox 609 2724 669 2769; x_wconf 89' lang='lat' dir='ltr'>non</span> <span class='ocrx_word' id='word_1_169' title='bbox 695 2723 869 2786; x_wconf 89' lang='lat' dir='ltr'>coquorum</span> <span class='ocrx_word' id='word_1_170' title='bbox 897 2708 963 2767; x_wconf 91' lang='lat' dir='ltr'>arte</span> <span class='ocrx_word' id='word_1_171' title='bbox 988 2723 1024 2768; x_wconf 91' lang='lat' dir='ltr'>ac</span> <span class='ocrx_word' id='word_1_172' title='bbox 1049 2703 1155 2767; x_wconf 90' lang='lat' dir='ltr'>labore</span> <span class='ocrx_word' id='word_1_173' title='bbox 1180 2704 1348 2785; x_wconf 78' lang='lat' dir='ltr'>quaesita?</span> <span class='ocrx_word' id='word_1_174' title='bbox 1374 2698 1482 2782; x_wconf 82' lang='lat' dir='ltr'>quida</span> 
     </span>
     <span class='ocr_line' id='line_1_22' title="bbox 304 2806 1539 2891; baseline -0.006 -17"><span class='ocrx_word' id='word_1_175' title='bbox 304 2813 333 2875; x_wconf 91' lang='lat' dir='ltr'>in</span> <span class='ocrx_word' id='word_1_176' title='bbox 359 2815 423 2876; x_wconf 88' lang='lat' dir='ltr'>tam</span> <span class='ocrx_word' id='word_1_177' title='bbox 448 2812 557 2876; x_wconf 89' lang='lat' dir='ltr'>multis</span> <span class='ocrx_word' id='word_1_178' title='bbox 582 2812 676 2876; x_wconf 88' lang='lat' dir='ltr'>rebus</span> <span class='ocrx_word' id='word_1_179' title='bbox 701 2811 836 2874; x_wconf 89' lang='lat' dir='ltr'>tuendae</span> <span class='ocrx_word' id='word_1_180' title='bbox 861 2814 917 2875; x_wconf 88' lang='lat' dir='ltr'>aut</span> <span class='ocrx_word' id='word_1_181' title='bbox 935 2810 1165 2891; x_wconf 87' lang='lat' dir='ltr'>recuperandae</span> <span class='ocrx_word' id='word_1_182' title='bbox 1185 2809 1302 2873; x_wconf 87' lang='lat' dir='ltr'>salutis</span> <span class='ocrx_word' id='word_1_183' title='bbox 1322 2806 1446 2873; x_wconf 80' lang='lat' dir='ltr'>auxilia!</span> <span class='ocrx_word' id='word_1_184' title='bbox 1533 2810 1539 2826; x_wconf 74' lang='lat'><em>⁶</em></span> 
     </span>
     <span class='ocr_line' id='line_1_23' title="bbox 305 2915 1446 3002; baseline -0.006 -19"><span class='ocrx_word' id='word_1_185' title='bbox 305 2917 405 2996; x_wconf 81' lang='lat' dir='ltr'>Quam</span> <span class='ocrx_word' id='word_1_186' title='bbox 436 2923 525 3002; x_wconf 83' lang='lat' dir='ltr'>grata</span> <span class='ocrx_word' id='word_1_187' title='bbox 551 2917 743 2984; x_wconf 88' lang='lat' dir='ltr'>uicissitudo</span> <span class='ocrx_word' id='word_1_188' title='bbox 773 2917 835 2980; x_wconf 91' lang='lat' dir='ltr'>diei</span> <span class='ocrx_word' id='word_1_189' title='bbox 869 2915 1054 2982; x_wconf 85' lang='lat' dir='ltr'>alternantis</span> <span class='ocrx_word' id='word_1_190' title='bbox 1082 2918 1115 2980; x_wconf 88' lang='lat' dir='ltr'>et</span> <span class='ocrx_word' id='word_1_191' title='bbox 1142 2916 1265 2980; x_wconf 87' lang='lat' dir='ltr'>noctis!</span> <span class='ocrx_word' id='word_1_192' title='bbox 1298 2917 1446 2980; x_wconf 85' lang='lat' dir='ltr'>Aurarum</span> 
     </span>
     <span class='ocr_line' id='line_1_24' title="bbox 305 3021 1445 3108; baseline -0.005 -19"><span class='ocrx_word' id='word_1_193' title='bbox 305 3045 399 3106; x_wconf 90' lang='lat' dir='ltr'>quam</span> <span class='ocrx_word' id='word_1_194' title='bbox 427 3025 542 3090; x_wconf 86' lang='lat' dir='ltr'>blanda</span> <span class='ocrx_word' id='word_1_195' title='bbox 568 3025 754 3108; x_wconf 83' lang='lat' dir='ltr'>temperies!</span> <span class='ocrx_word' id='word_1_196' title='bbox 783 3023 818 3088; x_wconf 91' lang='lat' dir='ltr'>In</span> <span class='ocrx_word' id='word_1_197' title='bbox 844 3022 1014 3088; x_wconf 83' lang='lat' dir='ltr'>fruticibus</span> <span class='ocrx_word' id='word_1_198' title='bbox 1044 3027 1075 3087; x_wconf 89' lang='lat' dir='ltr'>et</span> <span class='ocrx_word' id='word_1_199' title='bbox 1098 3022 1267 3106; x_wconf 83' lang='lat' dir='ltr'>pecoribus</span> <span class='ocrx_word' id='word_1_200' title='bbox 1290 3021 1445 3086; x_wconf 89' lang='lat' dir='ltr'>indumen·</span> 
     </span>
     <span class='ocr_line' id='line_1_25' title="bbox 304 3127 1446 3212; baseline -0.009 -15"><span class='ocrx_word' id='word_1_201' title='bbox 304 3137 411 3197; x_wconf 91' lang='lat' dir='ltr'>torum</span> <span class='ocrx_word' id='word_1_202' title='bbox 438 3130 704 3196; x_wconf 85' lang='lat' dir='ltr'>conficiendorum</span> <span class='ocrx_word' id='word_1_203' title='bbox 735 3134 850 3212; x_wconf 89' lang='lat' dir='ltr'>quanta</span> <span class='ocrx_word' id='word_1_204' title='bbox 873 3129 1040 3193; x_wconf 86' lang='lat' dir='ltr'>materies!</span> <span class='ocrx_word' id='word_1_205' title='bbox 1071 3127 1185 3194; x_wconf 89' lang='lat' dir='ltr'>Omnia</span> <span class='ocrx_word' id='word_1_206' title='bbox 1208 3144 1446 3193; x_wconf 88' lang='lat' dir='ltr'>commemorare</span> 
     </span>
     <span class='ocr_line' id='line_1_26' title="bbox 306 3233 1480 3321; baseline -0.007 -18"><span class='ocrx_word' id='word_1_207' title='bbox 306 3239 377 3321; x_wconf 90' lang='lat' dir='ltr'>quis</span> <span class='ocrx_word' id='word_1_208' title='bbox 401 3238 527 3320; x_wconf 82' lang='lat' dir='ltr'>possit?</span> <span class='ocrx_word' id='word_1_209' title='bbox 556 3238 643 3302; x_wconf 90' lang='lat' dir='ltr'>Haec</span> <span class='ocrx_word' id='word_1_210' title='bbox 667 3241 773 3302; x_wconf 88' lang='lat' dir='ltr'>autern</span> <span class='ocrx_word' id='word_1_211' title='bbox 798 3236 875 3314; x_wconf 90' lang='lat' dir='ltr'>sola,</span> <span class='ocrx_word' id='word_1_212' title='bbox 904 3255 985 3319; x_wconf 86' lang='lat' dir='ltr'>quae</span> <span class='ocrx_word' id='word_1_213' title='bbox 1010 3255 1028 3300; x_wconf 91' lang='lat' dir='ltr'>a</span> <span class='ocrx_word' id='word_1_214' title='bbox 1051 3256 1100 3300; x_wconf 90' lang='lat' dir='ltr'>me</span> <span class='ocrx_word' id='word_1_215' title='bbox 1124 3235 1216 3300; x_wconf 90' lang='lat' dir='ltr'>uelut</span> <span class='ocrx_word' id='word_1_216' title='bbox 1238 3234 1271 3298; x_wconf 95' lang='lat' dir='ltr'>in</span> <span class='ocrx_word' id='word_1_217' title='bbox 1296 3233 1442 3318; x_wconf 85' lang='lat' dir='ltr'>quendam</span> <span class='ocrx_word' id='word_1_218' title='bbox 1457 3246 1480 3285; x_wconf 57' lang='grc' dir='ltr'><strong>ὅ</strong></span> 
     </span>
    </p>
   </div>
   <div class='ocr_carea' id='block_1_3' title="bbox 306 3556 1443 3754">
    <p class='ocr_par' dir='ltr' id='par_1_3' title="bbox 306 3556 1443 3754">
     <span class='ocr_line' id='line_1_27' title="bbox 340 3556 1443 3682; baseline -0.007 -32"><span class='ocrx_word' id='word_1_219' title='bbox 340 3563 539 3682; x_wconf 56' lang='lat' dir='ltr'>2pro¹gectop</span> <span class='ocrx_word' id='word_1_220' title='bbox 656 3598 720 3650; x_wconf 70' lang='lat' dir='ltr'>let</span> <span class='ocrx_word' id='word_1_221' title='bbox 738 3595 765 3649; x_wconf 92' lang='lat' dir='ltr'>in</span> <span class='ocrx_word' id='word_1_222' title='bbox 784 3598 906 3649; x_wconf 84' lang='lat' dir='ltr'>terraee</span> <span class='ocrx_word' id='word_1_223' title='bbox 1023 3596 1087 3648; x_wconf 73' lang='lat' dir='ltr'>bet</span> <span class='ocrx_word' id='word_1_224' title='bbox 1107 3609 1191 3648; x_wconf 82' lang='lat' dir='ltr'>om.e</span> <span class='ocrx_word' id='word_1_225' title='bbox 1300 3556 1411 3658; x_wconf 51' lang='lat' dir='ltr'>tumque</span> <span class='ocrx_word' id='word_1_226' title='bbox 1426 3605 1443 3656; x_wconf 80' lang='lat'><strong><em>9</em></strong></span> 
     </span>
     <span class='ocr_line' id='line_1_28' title="bbox 306 3680 1441 3754; baseline -0.003 -15"><span class='ocrx_word' id='word_1_227' title='bbox 306 3687 321 3739; x_wconf 90' lang='lat'>9</span> <span class='ocrx_word' id='word_1_228' title='bbox 334 3691 523 3754; x_wconf 87' lang='lat' dir='ltr'>tantarumque</span> <span class='ocrx_word' id='word_1_229' title='bbox 534 3685 548 3738; x_wconf 87' lang='lat' dir='ltr'>b</span> <span class='ocrx_word' id='word_1_230' title='bbox 560 3703 577 3736; x_wconf 92' lang='grc' dir='ltr'>α</span> <span class='ocrx_word' id='word_1_231' title='bbox 586 3685 698 3752; x_wconf 81' lang='lat' dir='ltr'>Donab.,·</span> <span class='ocrx_word' id='word_1_232' title='bbox 712 3687 905 3754; x_wconf 86' lang='lat' dir='ltr'>tantorumque</span> <span class='ocrx_word' id='word_1_233' title='bbox 915 3699 934 3737; x_wconf 87' lang='lat' dir='ltr'>a</span> <span class='ocrx_word' id='word_1_234' title='bbox 943 3700 957 3738; x_wconf 84' lang='lat' dir='ltr'>e</span> <span class='ocrx_word' id='word_1_235' title='bbox 964 3699 1008 3752; x_wconf 71' lang='lat' dir='ltr'>pp</span> <span class='ocrx_word' id='word_1_236' title='bbox 1019 3697 1058 3751; x_wconf 76' lang='lat' dir='ltr'>po</span> <span class='ocrx_word' id='word_1_237' title='bbox 1113 3697 1226 3750; x_wconf 88' lang='lat' dir='ltr'>quarum</span> <span class='ocrx_word' id='word_1_238' title='bbox 1242 3681 1288 3735; x_wconf 89' lang='lat' dir='ltr'>ille</span> <span class='ocrx_word' id='word_1_239' title='bbox 1304 3680 1405 3747; x_wconf 68' lang='lat' dir='ltr'>abac?</span> <span class='ocrx_word' id='word_1_240' title='bbox 1414 3686 1441 3736; x_wconf 64' lang='lat'>2:</span> 
     </span>
    </p>
   </div>
   <div class='ocr_carea' id='block_1_4' title="bbox 307 3762 1441 3896">
    <p class='ocr_par' dir='ltr' id='par_1_4' title="bbox 307 3762 1441 3896">
     <span class='ocr_line' id='line_1_29' title="bbox 307 3762 1441 3896; baseline -0.011 -41"><span class='ocrx_word' id='word_1_241' title='bbox 307 3819 418 3871; x_wconf 89' lang='lat' dir='ltr'>quorum</span> <span class='ocrx_word' id='word_1_242' title='bbox 438 3801 485 3855; x_wconf 84' lang='lat' dir='ltr'>illa</span> <span class='ocrx_word' id='word_1_243' title='bbox 500 3818 544 3869; x_wconf 83' lang='lat' dir='ltr'>pv</span> <span class='ocrx_word' id='word_1_244' title='bbox 634 3803 666 3854; x_wconf 87' lang='grc'>12</span> <span class='ocrx_word' id='word_1_245' title='bbox 685 3802 842 3855; x_wconf 89' lang='lat' dir='ltr'>balenarum</span> <span class='ocrx_word' id='word_1_246' title='bbox 864 3817 973 3869; x_wconf 56' lang='lat' dir='ltr'>appetu·</span> <span class='ocrx_word' id='word_1_247' title='bbox 990 3799 1157 3853; x_wconf 86' lang='lat' dir='ltr'>ballenarum</span> <span class='ocrx_word' id='word_1_248' title='bbox 1179 3813 1260 3866; x_wconf 58' lang='lat' dir='ltr'>epam</span> <span class='ocrx_word' id='word_1_249' title='bbox 1277 3762 1409 3896; x_wconf 47' lang='lat' dir='ltr'>bellanarp</span> <span class='ocrx_word' id='word_1_250' title='bbox 1426 3791 1441 3842; x_wconf 88' lang='lat' dir='ltr'>b</span> 
     </span>
    </p>
   </div>
   <div class='ocr_carea' id='block_1_5' title="bbox 305 3907 1442 3982">
    <p class='ocr_par' dir='ltr' id='par_1_5' title="bbox 305 3907 1442 3982">
     <span class='ocr_line' id='line_1_30' title="bbox 305 3907 1442 3982; baseline -0.002 -12"><span class='ocrx_word' id='word_1_251' title='bbox 305 3919 331 3970; x_wconf 90' lang='lat' dir='ltr'>in</span> <span class='ocrx_word' id='word_1_252' title='bbox 352 3935 434 3972; x_wconf 77' lang='lat' dir='ltr'>once</span> <span class='ocrx_word' id='word_1_253' title='bbox 517 3919 550 3972; x_wconf 86' lang='lat'>13</span> <span class='ocrx_word' id='word_1_254' title='bbox 569 3917 660 3972; x_wconf 88' lang='lat' dir='ltr'>induit</span> <span class='ocrx_word' id='word_1_255' title='bbox 678 3917 754 3970; x_wconf 84' lang='lat' dir='ltr'>uelat</span> <span class='ocrx_word' id='word_1_256' title='bbox 772 3917 931 3970; x_wconf 81' lang='lat' dir='ltr'>uestibusa·</span> <span class='ocrx_word' id='word_1_257' title='bbox 1014 3917 1047 3968; x_wconf 84' lang='lat' dir='ltr'>lo</span> <span class='ocrx_word' id='word_1_258' title='bbox 1066 3913 1134 3968; x_wconf 87' lang='lat' dir='ltr'>site</span> <span class='ocrx_word' id='word_1_259' title='bbox 1217 3915 1250 3967; x_wconf 88' lang='grc'>17</span> <span class='ocrx_word' id='word_1_260' title='bbox 1272 3907 1442 3982; x_wconf 76' lang='lat' dir='ltr'>quaptiadd</span> 
     </span>
    </p>
   </div>
   <div class='ocr_carea' id='block_1_6' title="bbox 305 4001 1440 4442">
    <p class='ocr_par' dir='ltr' id='par_1_6' title="bbox 305 4001 1440 4442">
     <span class='ocr_line' id='line_1_31' title="bbox 306 4001 1440 4104; baseline -0.011 -16"><span class='ocrx_word' id='word_1_261' title='bbox 306 4035 340 4088; x_wconf 84' lang='lat'>20</span> <span class='ocrx_word' id='word_1_262' title='bbox 356 4001 526 4104; x_wconf 72' lang='lat' dir='ltr'>toquorume</span> <span class='ocrx_word' id='word_1_263' title='bbox 634 4032 805 4102; x_wconf 88' lang='lat' dir='ltr'>requisitab</span> <span class='ocrx_word' id='word_1_264' title='bbox 914 4031 979 4099; x_wconf 88' lang='lat' dir='ltr'>quid</span> <span class='ocrx_word' id='word_1_265' title='bbox 1003 4031 1149 4100; x_wconf 72' lang='lat' dir='ltr'>abeppa</span> <span class='ocrx_word' id='word_1_266' title='bbox 1173 4029 1288 4096; x_wconf 83' lang='lat' dir='ltr'>Domb.;</span> <span class='ocrx_word' id='word_1_267' title='bbox 1310 4027 1440 4093; x_wconf 74' lang='lat' dir='ltr'>Quantae</span> 
     </span>
     <span class='ocr_line' id='line_1_32' title="bbox 305 4119 1439 4194; baseline -0.01 -17"><span class='ocrx_word' id='word_1_268' title='bbox 305 4123 473 4194; x_wconf 68' lang='lat' dir='ltr'>quidamque</span> <span class='ocrx_word' id='word_1_269' title='bbox 492 4124 530 4177; x_wconf 82' lang='lat' dir='ltr'>orl</span> <span class='ocrx_word' id='word_1_270' title='bbox 549 4124 648 4177; x_wconf 87' lang='lat' dir='ltr'>auxilia</span> <span class='ocrx_word' id='word_1_271' title='bbox 667 4124 685 4176; x_wconf 91' lang='lat' dir='ltr'>l.</span> <span class='ocrx_word' id='word_1_272' title='bbox 706 4127 740 4176; x_wconf 85' lang='lat'>21</span> <span class='ocrx_word' id='word_1_273' title='bbox 758 4140 792 4175; x_wconf 84' lang='lat' dir='ltr'>nr.</span> <span class='ocrx_word' id='word_1_274' title='bbox 812 4125 827 4175; x_wconf 85' lang='lat'><strong><em>1</em></strong></span> <span class='ocrx_word' id='word_1_275' title='bbox 846 4122 877 4175; x_wconf 76' lang='lat' dir='ltr'>in</span> <span class='ocrx_word' id='word_1_276' title='bbox 895 4138 980 4190; x_wconf 72' lang='lat' dir='ltr'>many.</span> <span class='ocrx_word' id='word_1_277' title='bbox 997 4138 1017 4191; x_wconf 79' lang='lat' dir='ltr'>p</span> <span class='ocrx_word' id='word_1_278' title='bbox 1089 4119 1284 4174; x_wconf 67' lang='lat' dir='ltr'>tituendae</span> <span class='ocrx_word' id='word_1_279' title='bbox 1358 4119 1439 4178; x_wconf 63' lang='lat' dir='ltr'>auto.</span> 
     </span>
     <span class='ocr_line' id='line_1_33' title="bbox 305 4197 1439 4283; baseline -0.011 -17"><span class='ocrx_word' id='word_1_280' title='bbox 305 4231 388 4282; x_wconf 74' lang='lat' dir='ltr'>nrorp.</span> <span class='ocrx_word' id='word_1_281' title='bbox 405 4231 460 4283; x_wconf 58' lang='grc' dir='ltr'><em>Μ</em></span> <span class='ocrx_word' id='word_1_282' title='bbox 479 4213 593 4280; x_wconf 86' lang='lat' dir='ltr'>Domb.,·</span> <span class='ocrx_word' id='word_1_283' title='bbox 611 4229 642 4266; x_wconf 83' lang='lat' dir='ltr'>ac</span> <span class='ocrx_word' id='word_1_284' title='bbox 662 4233 678 4264; x_wconf 83' lang='lat' dir='ltr'>u</span> <span class='ocrx_word' id='word_1_285' title='bbox 691 4213 705 4263; x_wconf 90' lang='lat' dir='ltr'>b</span> <span class='ocrx_word' id='word_1_286' title='bbox 717 4229 754 4266; x_wconf 85' lang='lat' dir='ltr'>cv</span> <span class='ocrx_word' id='word_1_287' title='bbox 871 4209 1070 4280; x_wconf 84' lang='lat' dir='ltr'>recuperandae</span> <span class='ocrx_word' id='word_1_288' title='bbox 1089 4225 1193 4277; x_wconf 54' lang='lat' dir='ltr'>eppa·</span> <span class='ocrx_word' id='word_1_289' title='bbox 1216 4203 1380 4277; x_wconf 83' lang='lat' dir='ltr'>recipiendae</span> <span class='ocrx_word' id='word_1_290' title='bbox 1397 4197 1439 4253; x_wconf 73' lang='lat' dir='ltr'>ab</span> 
     </span>
     <span class='ocr_line' id='line_1_34' title="bbox 305 4291 1438 4366; baseline -0.009 -12"><span class='ocrx_word' id='word_1_291' title='bbox 305 4301 402 4354; x_wconf 86' lang='lat' dir='ltr'>Domb.</span> <span class='ocrx_word' id='word_1_292' title='bbox 441 4303 474 4356; x_wconf 84' lang='lat'>23</span> <span class='ocrx_word' id='word_1_293' title='bbox 490 4301 523 4363; x_wconf 85' lang='lat' dir='ltr'>ab</span> <span class='ocrx_word' id='word_1_294' title='bbox 539 4302 565 4354; x_wconf 90' lang='lat' dir='ltr'>in</span> <span class='ocrx_word' id='word_1_295' title='bbox 580 4299 709 4366; x_wconf 75' lang='lat' dir='ltr'>fruetib3l</span> <span class='ocrx_word' id='word_1_296' title='bbox 727 4317 761 4354; x_wconf 88' lang='lat' dir='ltr'>m.</span> <span class='ocrx_word' id='word_1_297' title='bbox 775 4303 795 4354; x_wconf 81' lang='lat'><em>2</em></span> <span class='ocrx_word' id='word_1_298' title='bbox 808 4305 955 4354; x_wconf 78' lang='lat' dir='ltr'>correctam</span> <span class='ocrx_word' id='word_1_299' title='bbox 971 4298 1109 4366; x_wconf 65' lang='lat' dir='ltr'>odaei-ipio</span> <span class='ocrx_word' id='word_1_300' title='bbox 1127 4298 1159 4350; x_wconf 81' lang='lat' dir='ltr'>in</span> <span class='ocrx_word' id='word_1_301' title='bbox 1177 4297 1300 4366; x_wconf 74' lang='lat' dir='ltr'>scorpiace</span> <span class='ocrx_word' id='word_1_302' title='bbox 1312 4291 1438 4353; x_wconf 65' lang='lat' dir='ltr'>ticibrm</span> 
     </span>
     <span class='ocr_line' id='line_1_35' title="bbox 306 4388 957 4442; baseline -0.003 0"><span class='ocrx_word' id='word_1_303' title='bbox 306 4393 340 4442; x_wconf 70' lang='lat'>‘24</span> <span class='ocrx_word' id='word_1_304' title='bbox 360 4391 450 4442; x_wconf 77' lang='lat' dir='ltr'>omitia</span> <span class='ocrx_word' id='word_1_305' title='bbox 468 4388 636 4442; x_wconf 87' lang='lat' dir='ltr'>considerare</span> <span class='ocrx_word' id='word_1_306' title='bbox 656 4405 669 4441; x_wconf 85' lang='lat' dir='ltr'>e</span> <span class='ocrx_word' id='word_1_307' title='bbox 723 4389 757 4442; x_wconf 82' lang='lat'>25</span> <span class='ocrx_word' id='word_1_308' title='bbox 778 4389 854 4441; x_wconf 85' lang='lat' dir='ltr'>uelut</span> <span class='ocrx_word' id='word_1_309' title='bbox 872 4404 923 4442; x_wconf 74' lang='lat' dir='ltr'>one.</span> <span class='ocrx_word' id='word_1_310' title='bbox 943 4405 957 4440; x_wconf 88' lang='lat' dir='ltr'>e</span> 
     </span>
    </p>
   </div>
   <div class='ocr_carea' id='block_1_7' title="bbox 0 0 1600 4959">
    <p class='ocr_par' dir='ltr' id='par_1_7' title="bbox 0 0 1600 4959">
     <span class='ocr_line' id='line_1_36' title="bbox 0 0 1600 4959; baseline 0 0"><span class='ocrx_word' id='word_1_311' title='bbox 0 0 1600 4959; x_wconf 95' lang='lat' dir='ltr'> </span> 
     </span>
    </p>
   </div>
  </div>
 </body>
</html>
