3192 4959
310 436 376 500 434
656 433 683 492 S.
709 433 867 487 Aurelii
894 431 1112 502 Augustini

309 647 405 691 unam
428 647 495 692 rem
518 629 707 712 pertinentia
730 626 889 706 dicuntur,
914 633 1064 712 appareat
1086 629 1168 694 unde
1189 629 1345 694 dicantur.
1370 626 1455 706 Quod

309 735 412 800 facere
444 740 618 818 utcumque
649 736 758 800 curaui
786 737 818 800 in
847 737 984 818 quadam
1013 737 1160 820 epistula,
1194 756 1288 819 quam
1313 735 1456 818 rescripsi

311 842 351 906 ad
373 843 485 906 heatae
507 843 677 907 memoriae
701 843 806 906 uirum
829 842 1037 924 Hesychium,
1062 842 1262 908 Salonitanae
1286 843 1375 906 urhis
1399 842 1456 923 epi-

312 968 454 1031 scopum,
479 950 571 1013 cuius
594 949 751 1032 epistulae
773 949 890 1014 titurius
915 951 981 1014 est:
1005 950 1052 1014 De
1076 949 1137 1014 fine
1161 949 1289 1014 saeculi.

355 1056 490 1120 Proinde
517 1057 581 1120 iam
607 1056 690 1120 illud
712 1055 764 1120 hic
789 1057 904 1134 dicam,
933 1056 1017 1138 quod
1043 1057 1072 1120 in
1096 1057 1262 1140 euangelio
1286 1057 1457 1122 secuudum
1482 1077 1492 1118 a

311 1163 510 1227 Matthaeum
543 1163 585 1227 de.
610 1163 804 1245 separatione
834 1162 990 1228 bonorum
1020 1167 1052 1228 et
1079 1163 1236 1228 malorum
1263 1163 1383 1247 legitur
1409 1183 1460 1246 per

311 1269 466 1334 iudicium
498 1268 794 1351 praesentissimum
826 1269 929 1351 adque
961 1269 1173 1334 nouissimum
1206 1269 1336 1334 Christi.
1371 1269 1459 1334 Cum

313 1379 444 1440 autem
472 1374 646 1453 uenerit,
674 1376 788 1457 inquit,
819 1376 940 1440 lilius
970 1376 1146 1440 hominis
1175 1376 1213 1439 iu
1246 1377 1459 1440 maiestate

313 1502 394 1558 sua,
427 1486 466 1545 et
493 1501 626 1546 omnes
654 1481 792 1566 angeli
821 1501 906 1546 cum
937 1501 989 1560 eo,
1023 1485 1120 1547 tuuc
1150 1481 1311 1547 sedebit
1344 1501 1459 1564 super

313 1589 446 1653 sedem
484 1589 718 1653 maiestatis
757 1608 864 1667 suae,
898 1597 937 1654 et
976 1589 1340 1673 congregabuntur
1372 1595 1492 1652 anton

314 1715 399 1760 eum
433 1714 564 1759 omues
597 1698 751 1778 gentes,
786 1699 825 1759 et
858 1696 1070 1778 separabit
1103 1714 1169 1760 eos
1202 1695 1246 1759 ab
1274 1696 1456 1759 inuicem.

314 1801 427 1865 sicut
458 1805 601 1883 pastor
633 1805 828 1886 segregat
856 1820 953 1867 oues
982 1803 1026 1866 ab
1055 1802 1207 1877 hoodie,
1238 1806 1276 1866 et
1305 1804 1457 1866 statuet

315 1926 412 1971 oues
441 1907 602 1988 quidem
631 1927 650 1970 a
678 1906 834 1972 dextris
864 1908 963 1986 suis,
992 1907 1142 1973 haedos
1172 1911 1306 1972 autem
1332 1926 1350 1972 a
1372 1907 1456 1971 siui-

315 2012 426 2077 stris.
451 2012 559 2076 Tunc
584 2012 695 2077 dicet
717 2031 783 2076 rex
807 2012 881 2092 his,
907 2015 974 2096 qui
999 2033 1017 2076 a
1041 2013 1196 2078 dextris
1222 2013 1310 2076 eius
1331 2017 1455 2076 erunt:

314 2119 470 2197 Venite,
504 2119 716 2184 benedicti
749 2121 880 2203 patris
914 2121 999 2192 mei,
1036 2120 1248 2202 possidete
1279 2123 1492 2200 paratnma

315 2225 433 2290 uobis
452 2244 617 2309 regnum
637 2245 656 2289 a
674 2225 983 2290 constitutione
1004 2226 1152 2290 mundi.
1171 2225 1339 2292 Esuriui
1355 2224 1457 2298 enim,

315 2338 353 2398 et
391 2332 569 2397 dedistis
606 2332 705 2395 mihi
741 2332 1001 2408 manducare,
1041 2333 1175 2408 sitiui,
1214 2337 1253 2397 et
1290 2331 1457 2396 dedistis

315 2439 414 2503 mihi
432 2438 587 2512 bibero;
609 2438 758 2520 hospes
779 2458 894 2515 eram,
916 2443 954 2503 et
973 2438 1214 2522 collegistis
1235 2457 1306 2512 me;
1328 2437 1456 2502 nudus.

316 2552 355 2611 et
387 2545 617 2628 operuistis
650 2564 724 2620 me3
762 2542 978 2631 [infirmus
1012 2549 1052 2609 et
1084 2545 1301 2610 uisitastis
1330 2541 1394 2630 me]
1423 2543 1455 2604 iu

316 2671 477 2717 carcere
510 2671 625 2728 cram,
660 2655 699 2716 et
730 2652 913 2718 uenistis
947 2651 993 2716 ad
1021 2672 1088 2717 me.
1119 2654 1224 2717 Tunc
1253 2649 1494 2734 responde-20

315 2761 415 2825 hunt
448 2759 483 2822 ei
515 2759 620 2823 iusti
652 2758 857 2824 dicentes:
891 2759 1069 2837 Domino,
1103 2759 1264 2842 quaudo
1299 2763 1337 2822 te
1368 2754 1457 2820 uidi-

316 2885 401 2930 mus
437 2865 698 2944 esurientcm,
732 2869 771 2929 et
802 2865 1007 2948 pauimus3
1043 2866 1268 2942 sitientem,
1297 2872 1336 2928 et
1363 2860 1456 2926 dedi·

316 2992 401 3037 mus
429 2975 591 3054 potum?
621 2970 785 3050 Quando
816 2977 948 3036 autem
978 2977 1017 3037 te
1041 2972 1221 3035 uidimus
1253 2970 1457 3052 hospitem.

319 3083 358 3143 et
385 3076 634 3160 collegimus
663 3081 718 3156 te3
748 3082 817 3142 aut
841 3078 998 3158 nudum,
1031 3083 1070 3142 et
1093 3079 1456 3161 cooperuimuste?

317 3189 396 3251 hut
424 3184 579 3267 quando
609 3188 647 3249 te
676 3185 856 3250 uidimus
884 3186 1093 3250 infirmum
1126 3189 1195 3250 aut
1223 3186 1260 3249 in
1292 3198 1496 3253 carcerae

318 3295 357 3357 et
388 3291 574 3358 uenimus
603 3291 648 3355 ad
677 3295 738 3356 te?
771 3292 819 3356 Et
846 3292 1098 3374 respondens
1127 3311 1193 3356 rex
1221 3292 1331 3356 dicet
1356 3289 1457 3354 illis:

317 3403 437 3463 Amen
466 3398 555 3463 dico
579 3398 709 3475 uobis,
741 3398 932 3481 quamdiu
956 3397 1120 3462 fecistis
1144 3399 1213 3462 uni
1238 3399 1283 3462 de
1306 3398 1364 3462 his
1385 3395 1456 3458 lra-

318 3505 453 3569 tribus
489 3505 589 3569 meis
622 3505 814 3579 minimis,
855 3505 950 3568 mihi
984 3505 1163 3570 fecistis.
1202 3506 1307 3570 Tunc
1343 3503 1459 3572 dicet,

318 3612 433 3694 inquit,
461 3615 500 3675 et
523 3611 585 3676 his
610 3612 678 3693 qui
702 3631 720 3675 a
743 3611 930 3676 sinistris
956 3615 1087 3677 erunt:
1120 3611 1331 3677 Disceditc
1353 3629 1368 3672 a
1391 3625 1459 3677 me,

407 3855 423 3907 2
442 3853 494 3924 Ep.
515 3855 567 3907 199
623 3855 637 3906 7
658 3855 707 3907 Mt.
727 3856 770 3918 25,
790 3856 823 3909 31
845 3873 904 3925 sqq.

357 3978 445 4030 lreru
464 3993 516 4031 our.
536 3993 576 4045 ep
630 3979 755 4046 3esych.
775 3995 829 4047 093
848 3979 963 4047 esytium
978 3997 1001 4047 p
1056 3979 1136 4034 5hic
1156 3995 1207 4032 om.
1225 3995 1243 4048 p
1294 3975 1460 4038 8ucniretu

321 4067 352 4119 ll
373 4067 520 4135 separabit,
539 4065 562 4118 it
580 4083 613 4123 m.
634 4070 654 4120 2
673 4069 760 4120 eraois
779 4075 837 4127 unt,
857 4085 870 4121 e
926 4069 959 4120 12
979 4070 1077 4122 statuit
1094 4085 1112 4138 9
1172 4069 1204 4121 19
1225 4067 1357 4138 operuistis
1377 4059 1459 4115 codd.

315 4161 429 4222 practer
447 4172 480 4222 a;
498 4171 604 4223 cooper.
624 4173 667 4209 oo
763 4157 904 4225 [infirmus
926 4161 954 4210 et
973 4157 1106 4212 uisitastis
1125 4159 1179 4227 me]
1200 4175 1251 4214 ont.
1270 4156 1380 4220 ctcyp
1393 4169 1407 4218 ρ
1420 4148 1461 4199 al.

321 4244 353 4295 21
374 4243 492 4296 uidimus
511 4248 572 4297 teo
636 4247 671 4298 22
690 4244 813 4298 dedimus
834 4263 870 4314 ep
875 4264 897 4314 p
916 4245 1028 4310 Domh.,·
1048 4245 1171 4299 dedimus
1191 4247 1244 4300 tibi
1263 4244 1325 4298 aba
1378 4240 1414 4291 ‘24
1433 4241 1459 4290 te

316 4337 382 4400 post
401 4347 505 4400 oooper.
525 4349 576 4386 om.
597 4349 611 4386 c
664 4335 698 4386 26
719 4334 786 4387 dicit
803 4351 820 4402 p
875 4337 908 4388 29
929 4335 1017 4402 erunt]
1038 4341 1102 4388 sunt
1123 4351 1140 4385 α
