3192 4959
302 431 343 494 76
645 428 671 482 S.
700 429 857 482 Aurelii
884 428 1103 497 Augustini

301 643 395 705 quam
434 627 541 690 nostra
577 623 697 688 maiora
733 627 809 689 tunc
846 643 986 706 corpora,
1020 625 1166 709 gigantes
1202 625 1297 709 longe
1334 623 1449 688 ceteris

302 731 475 806 anteibant;
511 731 595 796 sicut
624 731 695 795 aliis
725 731 837 796 deinde
865 733 1045 815 nostrisque
1068 732 1265 815 temporibus
1288 750 1357 795 rara
1382 728 1450 812 qui-

301 837 382 912 dem,
413 837 468 902 sed
500 857 673 920 numquam
706 839 806 902 ferme
840 839 1018 918 defuerunt
1041 859 1122 923 quae
1153 839 1284 903 modum
1314 837 1450 901 aliorum

301 944 474 1024 plurimum
508 945 701 1010 excederent.
740 945 865 1010 Plinius
898 946 1075 1012 Secundus.
1103 945 1310 1010 doctissimus
1342 944 1450 1008 bomo.

302 1053 418 1132 quanto
456 1053 558 1135 magis
597 1052 764 1135 magisque
796 1053 948 1135 praeterit
978 1053 1099 1118 saeculi
1136 1071 1297 1129 excursus,
1329 1051 1452 1114 minora
1480 1071 1491 1107 ⁵

302 1174 432 1238 corpora
460 1162 605 1222 naturam
633 1159 712 1222 ferre
740 1161 892 1235 testatum
925 1159 1134 1242 quodetiam
1161 1159 1333 1224 Homerum
1366 1176 1451 1221 com·

302 1267 456 1327 memorat
488 1283 581 1346 saepe
615 1265 752 1328 carmine
785 1266 885 1330 luisse
915 1270 1134 1349 conquestum,
1162 1285 1223 1330 non
1251 1265 1329 1330 haec
1360 1265 1452 1328 uelut

301 1371 426 1452 poetica
453 1369 604 1454 figmenta
632 1371 870 1448 de1·idens‚sed
897 1372 928 1437 in
957 1373 1142 1438 historicam
1169 1372 1264 1436 fidem
1286 1374 1450 1452 umquam

301 1475 527 1542 miraculorum
556 1478 747 1542 naturalium
777 1479 913 1561 scriptor
939 1478 1121 1544 adsumens.
1158 1479 1288 1554 Verum,
1312 1479 1350 1540 ut
1378 1477 1451 1562 dixi,

303 1583 504 1666 antiquorum
531 1584 769 1668 magnitudines
798 1604 964 1668 corporum
993 1587 1123 1650 inuenta
1149 1586 1338 1668 plerumque
1368 1603 1451 1654 ossa,
1470 1600 1494 1642 m

303 1689 450 1772 quoniam
483 1691 633 1754 diuturne
665 1695 749 1764 sunt,
784 1692 880 1755 etiam
912 1694 1015 1756 multo
1047 1692 1275 1775 posterioribus
1313 1690 1452 1754 saeculis

302 1795 448 1878 produnt.
472 1797 635 1863 Annorum
659 1799 766 1862 autem
789 1799 1001 1863 numerositas
1025 1799 1181 1881 cuiusque
1203 1796 1351 1872 bominis
1372 1815 1452 1878 quae

301 1902 499 1984 temporibus
528 1903 594 1967 illis
623 1903 693 1972 fuit.
722 1905 820 1968 nullis
849 1924 932 1970 nunc
965 1906 1083 1971 talibus
1117 1905 1315 1970 documentis
1344 1904 1453 1966 uenire

301 2009 333 2072 in
364 2011 610 2091 experimentum
638 2015 755 2091 potest.
793 2009 860 2075 Nec
888 2014 994 2076 tamen
1027 2013 1097 2077 ideo
1130 2012 1210 2076 fides
1243 2029 1350 2076 sacrae
1377 2009 1453 2073 huic

302 2115 453 2180 historiae
483 2116 661 2200 deroganda
690 2119 866 2194 sebonius
896 2123 984 2184 tanto
1010 2119 1217 2202 inpudentius
1244 2121 1368 2182 nauata
1391 2135 1452 2180 uon
1472 2139 1497 2180 re

304 2223 472 2299 credimus,
512 2227 628 2304 quanto
667 2222 779 2306 inpleri
817 2225 934 2288 certius
970 2227 1191 2308 praenuntiata
1227 2223 1452 2307 conspicimus,

303 2331 391 2394 Dicit
417 2333 522 2394 tanuen
553 2331 649 2394 etiam
672 2331 757 2395 idem
781 2332 906 2396 Plinius
932 2351 1003 2398 esse
1027 2332 1131 2397 adhuc
1155 2333 1293 2414 gentem,
1317 2329 1373 2394 ubi
1398 2329 1454 2392 du·

304 2439 410 2502 centos
440 2456 537 2501 annos
566 2437 697 2504 uiuitur.
737 2437 770 2502 Si
800 2457 874 2521 ergo
902 2439 1113 2503 humanarum
1135 2437 1274 2502 uitarum
1300 2434 1454 2499 diuturni·

304 2548 396 2622 tates,
422 2563 500 2627 quas
530 2545 647 2626 experti
675 2563 735 2608 non
765 2563 888 2619 sumus,
912 2543 1005 2609 hodie
1037 2545 1151 2608 babere
1176 2543 1347 2607 creduntur
1368 2542 1453 2606 inco·

304 2651 392 2734 gnita
423 2651 514 2716 nobis
542 2651 622 2728 loca,
654 2671 733 2734 quur·
760 2671 821 2717 non
851 2653 1003 2717 babuisse
1032 2651 1200 2715 credantur·
1228 2651 1261 2714 et
1287 2651 1452 2732 tempora?
1470 2675 1497 2714 so

303 2759 351 2821 An
376 2775 451 2820 uero
475 2756 625 2820 credibile
650 2761 700 2822 est
723 2758 840 2822 alicubi
865 2778 935 2823 esse
959 2758 1042 2839 quod
1066 2757 1119 2821 bic
1141 2776 1202 2821 non
1222 2759 1282 2833 est,
1301 2759 1335 2819 et
1354 2755 1454 2818 incre·

304 2863 401 2928 dibile
425 2866 475 2927 est
499 2863 665 2946 aliquando
690 2864 790 2928 fuisse
815 2865 900 2946 quod
924 2883 1006 2928 nunc
1029 2883 1089 2928 non
1115 2866 1184 2927 est?

778 3057 915 3122 CAPUT
938 3057 978 3121 X.

305 3197 357 3261 De
382 3197 613 3265 differentia.
635 3217 705 3280 qua
727 3197 827 3262 inter
845 3198 1038 3262 Hebraeos
1063 3200 1100 3260 et
1123 3198 1274 3260 nostros
1299 3195 1451 3260 codices

489 3304 667 3369 uidentur
691 3323 871 3368 annorum
894 3304 1040 3367 numeri
1065 3303 1271 3366 dissonare.
1469 3333 1496 3371 as

351 3441 506 3522 Quocirca
538 3445 598 3510 etsi
631 3445 713 3509 inter·
740 3445 901 3510 Hebraeos
935 3447 969 3507 et
994 3447 1119 3508 nostros
1152 3441 1278 3507 codices
1312 3440 1350 3503 de
1382 3441 1450 3522 ipso

305 3570 434 3616 numero
459 3569 610 3616 annorum
634 3553 784 3616 nonnulla
808 3551 935 3616 uidetur
959 3569 1029 3614 esse
1049 3549 1210 3624 distantia,
1235 3546 1319 3630 quod
1341 3547 1451 3630 ignoro

394 3743 411 3794 4
430 3742 463 3795 H.
483 3741 518 3796 N.
537 3741 598 3804 Vll,
619 3743 651 3796 16
708 3744 740 3796 17
760 3742 796 3796 ib.
816 3742 877 3806 Vll,
896 3743 930 3795 48
951 3742 1008 3807 (49)

343 3867 355 3920 l
376 3867 479 3919 maiora
502 3883 581 3934 quam
605 3870 731 3920 nostrae
821 3868 839 3919 4
863 3865 1024 3918 assederunt
1043 3865 1162 3932 reaccepit.
1186 3861 1213 3913 V
1300 3863 1316 3915 6
1335 3859 1451 3914 VERRE

305 3955 477 4008 rescribendo
495 3956 527 4008 ia
545 3955 667 4008 ababa
687 3961 711 4008 el
729 3955 868 4008 homerum
887 3956 919 4007 in
937 3970 1057 4006 acriorum
1076 3957 1235 4020 corruptum
1257 3949 1283 4002 V
1380 3965 1451 4003 conr·

305 4059 438 4096 memoras
456 4045 578 4112 rescript.
604 4043 628 4095 V
726 4044 759 4097 14
778 4059 854 4096 sacra
878 4043 903 4096 V
1007 4042 1071 4095 huic
1094 4041 1264 4106 Vadam·
1282 4038 1362 4092 huius
1377 4053 1451 4106 ppo

308 4161 340 4212 15
360 4158 520 4228 deneganda
540 4178 553 4228 ρ
592 4159 624 4213 lo
644 4115 781 4228 impleriip;
803 4162 849 4224 (ε.-
868 4159 896 4212 in
915 4158 1071 4228 plerisque),
1091 4155 1103 4209 l
1119 4174 1153 4210 m.
1173 4159 1201 4220 2,
1221 4172 1234 4209 e
1272 4155 1306 4208 20
1325 4153 1450 4207 babuisse

305 4247 409 4300 nonV
456 4247 707 4300 memoremus
763 4247 862 4300 alicubi
882 4265 941 4300 esse
960 4264 1010 4301 ona
1030 4248 1055 4300 el
1109 4247 1143 4300 22
1164 4247 1206 4298 est
1225 4241 1450 4311 calculiquaudo

307 4353 390 4392 ome
444 4337 479 4389 24
499 4335 603 4390 codices
623 4339 728 4389 nostros
749 4353 764 4403 q
820 4337 853 4390 27
873 4337 968 4405 ignaro
992 4334 1026 4387 V¹
