3192 4959
321 444 385 506 234
668 441 694 493 S,
722 439 882 492 Aurelii
909 440 1125 506 Augustini

321 637 423 719 adque
462 636 633 717 deiectum3
673 638 706 699 et
738 654 798 699 non
833 633 947 698 audeat
980 634 1159 698 existimare
1192 633 1295 697 Deum
1329 634 1382 698 uel
1412 633 1463 697 boo

320 743 506 824 promisisse
533 742 729 806 mendaciter
756 744 810 806 uel
838 742 934 804 talem
962 740 1162 806 Salomonem
1187 740 1381 821 domumque
1405 741 1462 804 eius

320 849 461 913 futuram
490 868 551 913 non
579 849 725 931 potuisse
754 848 922 930 praescire.
955 848 1025 912 Non
1054 848 1126 911 hinc
1151 849 1257 910 eutem
1284 846 1459 911 deberemus

321 956 491 1038 ambigere,
525 974 583 1019 nec
611 956 639 1019 si
666 974 727 1019 non
755 955 786 1018 iu
817 953 942 1019 Christo
970 954 1105 1018 Domino
1135 958 1253 1029 nostro,
1282 954 1339 1035 qui
1362 955 1457 1018 factus

320 1064 370 1126 est
398 1082 434 1126 er
462 1064 582 1127 semine
609 1062 713 1127 Dauid
743 1062 918 1126 secundum
946 1079 1080 1136 carnem,
1110 1061 1172 1123 iam
1196 1060 1379 1125 uideremus
1402 1061 1456 1125 ista
1484 1087 1494 1123 ι

321 1168 471 1251 conpleri,
510 1189 548 1233 ne
586 1188 665 1233 uane
705 1168 807 1250 adque
835 1168 970 1231 inaniter
997 1168 1048 1231 hio
1077 1166 1174 1231 ulium
1204 1167 1343 1249 aliquem
1372 1168 1463 1249 roqui-

321 1294 439 1349 ramnr,
464 1276 549 1339 siout
572 1274 712 1339 carnales
735 1273 855 1338 Iudaei.
880 1272 961 1337 Nam
987 1277 1019 1338 et
1046 1274 1235 1356 ipsiusque
1260 1274 1338 1338 adeo
1362 1273 1462 1349 filium,

322 1400 417 1463 quem
439 1382 509 1445 loco
534 1381 597 1445 isto
620 1381 689 1465 regi
713 1380 818 1444 Dauid
842 1381 1035 1463 promissum
1059 1382 1180 1463 legunt,
1205 1380 1398 1463 intellegunt
1411 1398 1462 1443 non

322 1488 422 1553 fuisse
447 1486 660 1561 Salomonem,
684 1490 721 1552 ut
745 1508 792 1564 eo,
825 1488 879 1569 qui
903 1488 1080 1570 promissus
1105 1489 1155 1552 est
1177 1490 1266 1551 tenta
1288 1488 1353 1551 iam
1377 1487 1463 1551 mani-

320 1594 499 1671 festatione,
532 1594 690 1658 declarato
724 1594 828 1659 adbuc
859 1594 995 1659 mirabili
1031 1594 1182 1658 caecitate
1213 1594 1311 1658 alium
1341 1612 1494 1676 sperarem

321 1721 356 1765 se
381 1701 495 1765 dicant.
519 1702 618 1766 Facta
641 1705 691 1766 est
714 1701 844 1784 quidem
867 1702 1021 1767 nonnulla
1043 1702 1147 1785 imago
1167 1701 1212 1764 rei
1231 1701 1359 1764 farturae
1378 1699 1464 1763 etiam

320 1808 351 1871 in
377 1807 555 1885 Salomone,
578 1808 610 1871 in
635 1827 671 1871 eo
696 1808 779 1889 quod
800 1807 956 1889 templum
976 1806 1157 1871 aedificauit
1181 1811 1213 1872 et
1231 1825 1342 1890 pacem
1361 1804 1465 1869 babuit

322 1913 495 1977 sectandum
520 1933 632 1979 nomeu
659 1934 753 1977 suum
777 1912 942 1995 (Salomon
967 1912 1083 1996 quippe
1108 1912 1259 1996 pacificus
1279 1916 1329 1977 cst
1346 1908 1465 1991 Latine)

322 2022 408 2085 etin
433 2021 557 2086 exordio
581 2021 670 2103 regni
694 2021 744 2085 sui
772 2020 960 2084 mirabiliter
982 2020 1153 2085 laudabilis
1178 2020 1253 2095 fuit3
1284 2020 1339 2083 sed
1362 2018 1464 2083 cadem

322 2146 379 2190 sua
415 2145 548 2208 persona
585 2146 639 2208 per
676 2127 820 2190 umbram
859 2126 960 2192 futuri
998 2126 1243 2208 praenuntiabat
1276 2126 1370 2190 etiam
1403 2125 1502 2205 ipson

322 2233 483 2297 Christum
507 2232 690 2307 Dominum,
714 2253 776 2298 non
801 2233 977 2298 exhibebat.
1005 2233 1091 2299 Unde
1116 2232 1272 2316 quaedam
1296 2233 1333 2297 dc
1351 2232 1407 2297 illo
1426 2231 1466 2293 ita

321 2340 439 2421 scripta
461 2349 547 2419 sunt,
573 2340 664 2421 quasi
687 2340 725 2403 de
749 2339 818 2422 ipso
847 2340 910 2403 ista
931 2340 1092 2423 praedicta
1117 2340 1191 2417 sint,
1217 2339 1291 2403 dum
1317 2340 1468 2422 scriptura

320 2450 429 2510 sancta
461 2449 557 2510 etiarn
590 2447 685 2510 rebus
720 2446 820 2529 gestis
855 2446 1047 2529 prophetans
1082 2446 1217 2528 quodam
1250 2446 1345 2509 modo
1374 2445 1404 2509 in
1433 2462 1465 2506 eo

319 2552 453 2637 figuram
478 2552 608 2617 deliniat
632 2554 824 2616 futurorum.
854 2552 935 2617 Nam
959 2556 1083 2635 praeter
1105 2552 1203 2615 libros
1228 2551 1354 2617 diuinae
1374 2552 1467 2615 histo·

319 2660 394 2737 riae,
426 2659 483 2723 ubi
514 2678 663 2742 regnasse
696 2663 850 2733 narratur,
888 2658 1030 2741 psalmus
1064 2660 1158 2722 etiam
1194 2659 1504 2742 septuagensirnusa

319 2766 442 2849 primus
469 2766 565 2830 titulo
590 2765 724 2829 nominis
750 2765 817 2829 eius
843 2765 1016 2847 inscriptus
1045 2769 1107 2841 est3
1137 2766 1169 2828 in
1194 2784 1255 2845 quo
1280 2770 1346 2829 tam
1370 2766 1469 2829 multa

251 2863 253 2865 ’
321 2872 480 2948 dicuntur,
520 2890 598 2953 quae
633 2871 759 2936 omnino
793 2872 822 2935 ei
856 2872 1024 2937 conuenire
1056 2892 1118 2935 non
1151 2876 1297 2955 possunt,
1335 2872 1469 2937 Domino

322 2983 430 3043 autem
455 2977 581 3043 Christo
601 2978 767 3060 aptissima
785 2979 1010 3061 perspicuitate
1031 2980 1234 3055 conueniunt,
1254 2982 1292 3043 ut
1311 2978 1471 3043 euidenter

322 3088 481 3167 appareat,
512 3083 596 3167 quod
619 3084 650 3147 in
674 3085 730 3150 illo
754 3084 857 3168 figura
885 3085 1126 3167 qualiscumque
1151 3084 1338 3150 adumbrata
1362 3086 1417 3160 sit,
1441 3083 1469 3147 in

319 3192 382 3256 isto
408 3194 514 3255 autem
537 3190 607 3273 ipsa
629 3191 748 3255 ueritas
773 3196 982 3274 praesentata.
1010 3192 1130 3256 Notum
1157 3194 1207 3257 est
1229 3191 1324 3269 enim,
1354 3192 1469 3274 quibus
1485 3210 1508 3252 a

319 3297 463 3362 terminis
494 3316 627 3381 regnum
660 3298 847 3361 conclusum
883 3298 986 3362 luerat
1016 3298 1209 3373 Salomonis3
1244 3301 1413 3363 ettamen
1441 3298 1469 3359 in

320 3424 356 3469 eo
388 3405 511 3486 psalmo
544 3404 673 3488 legitur,
706 3406 743 3468 ut
776 3406 839 3467 alia
871 3408 1008 3469 taceam:
1038 3405 1305 3470 Dominabitur
1333 3425 1351 3469 a
1380 3401 1471 3469 mari

320 3528 441 3591 usquo
465 3509 507 3573 ad
532 3529 632 3573 mare
661 3518 697 3574 et
721 3529 739 3573 a
762 3511 921 3574 flumine
950 3530 1069 3593 usque
1094 3512 1136 3575 ad
1161 3512 1341 3576 terminos
1369 3511 1470 3576 orbis

319 3620 453 3693 terrae,
482 3616 566 3697 quod
594 3617 626 3679 in
656 3616 782 3682 Christo
812 3617 958 3682 uidemus
986 3618 1109 3700 inpleri.
1142 3618 1169 3682 A
1196 3616 1327 3683 flumine
1352 3618 1470 3701 quippo

322 3722 503 3787 dominandi
532 3723 651 3787 sumsit
674 3723 846 3801 exordium,
875 3724 931 3787 ubi
953 3724 1132 3807 baptizatus
1157 3744 1174 3788 a
1196 3724 1334 3789 Iohanne
1361 3724 1471 3791 eodem
1489 3745 1512 3785 a

410 3986 426 4039 5
445 3986 523 4038 Rom.
544 3986 568 4048 1,
588 3986 604 4037 3
658 3986 692 4038 27
711 3985 756 4041 Ps.
777 3987 819 4048 71,
840 3986 856 4039 8

356 4160 485 4212 dnostro
510 4158 557 4228 qui
579 4158 679 4228 factus]
705 4176 759 4213 non
782 4159 872 4213 factus
889 4161 917 4230 9¹
1027 4162 1060 4215 16
1084 4161 1220 4215 dominum
1244 4166 1371 4219 nostrum
1393 4164 1474 4219 ab²o

322 4248 355 4299 17
374 4250 439 4299 sunt
457 4247 481 4299 e¹
538 4248 571 4301 19
590 4246 701 4301 diliuiat
716 4266 748 4317 p,·
767 4248 888 4302 declinat
907 4266 934 4315 e,·
953 4249 1103 4304 delineata
1152 4252 1186 4305 25
1205 4256 1388 4319 praesentata
1407 4259 1475 4309 este

320 4335 491 4389 abluente
545 4334 580 4389 30
599 4352 630 4389 eo
651 4335 853 4390 demonstrante
872 4354 910 4407 ep
