3192 4959
330 443 394 506 478
675 437 702 490 S.
730 437 887 490 Aurelii
916 435 1134 505 Augustini

327 633 413 697 idern
440 633 510 715 ipse
538 632 702 714 apostolus
734 631 934 712 apertissime
963 631 1051 699 dicit.
1081 631 1112 695 in
1140 631 1206 694 ictu
1232 631 1316 694 oculi
1339 630 1463 695 futuram

329 738 590 804 resurrectionem
616 742 649 802 et
670 738 703 802 in
726 739 869 802 membra
893 738 960 801 sine
985 738 1044 801 fine
1068 738 1194 802 uictura
1216 740 1304 801 tanta
1326 737 1465 800 facilitate

326 850 457 926 tamque
493 845 720 910 inaestimabili
762 845 932 909 [uelocitate
969 845 1144 908 rediturum
1185 844 1466 926 antiquissimomm

329 952 519 1017 cadauerum
556 952 743 1034 polluerem?
779 951 847 1015 Nee
885 951 923 1015 ab
963 951 1018 1014 illa
1056 952 1222 1020 sententia.
1262 969 1324 1033 qua
1359 951 1467 1014 homini
1547 1009 1548 1036 3

329 1061 451 1124 dictum
472 1061 535 1122 est:
555 1058 667 1122 Terra
691 1077 729 1122 es
754 1059 850 1122 etin
875 1061 1010 1122 terram
1034 1057 1120 1134 inis,
1145 1058 1270 1122 futuros
1294 1057 1365 1121 illos
1388 1076 1497 1122 sanc-s
1547 1063 1548 1068 ’

329 1171 382 1230 tos
415 1165 603 1228 arbitremur
626 1164 782 1239 inmunes,
809 1164 835 1228 si
860 1181 968 1228 corum
993 1164 1195 1228 morientium
1218 1163 1250 1226 in
1274 1170 1386 1228 terram
1413 1183 1465 1226 non

328 1272 471 1336 recident
498 1289 637 1351 corpora,
671 1270 737 1350 scd,
771 1271 857 1334 sicut
884 1271 915 1332 in
943 1270 1013 1352 ipso
1042 1275 1133 1352 raptu
1162 1271 1347 1344 morientur,
1374 1271 1415 1333 ita
1441 1279 1465 1334 et

330 1381 505 1462 resurgent,
535 1377 610 1440 dum
634 1377 774 1441 serentur
795 1377 827 1440 in
853 1396 932 1442 aer'a.
961 1379 1000 1441 In
1029 1379 1165 1441 terram
1191 1378 1308 1460 quippe
1332 1378 1403 1442 ibis
1425 1383 1465 1440 est

330 1488 373 1550 ‘in
396 1485 456 1548 hoc
479 1484 539 1547 ibis
564 1484 682 1547 amissa
705 1483 782 1564 nitu,
808 1483 891 1565 quod
916 1504 984 1548 erus
1004 1487 1172 1565 antequam
1193 1503 1336 1548 sumeres
1354 1485 1463 1547 uitam‘:

328 1593 363 1656 id
391 1595 451 1668 est,
484 1590 544 1654 hoc
573 1591 634 1654 eris
663 1591 870 1667 exanimatus,
900 1591 982 1674 quod
1012 1609 1080 1654 eras
1110 1596 1278 1672 antequam
1307 1610 1390 1655 esses
1412 1591 1496 1652 ani-o

330 1703 437 1763 matus
459 1698 575 1778 (terrac
599 1696 716 1777 quippe
739 1695 917 1761 insufflanit
939 1697 1027 1761 Deus
1051 1696 1081 1759 in
1107 1696 1219 1760 faciem
1248 1695 1359 1760 flatum
1382 1699 1463 1762 uiue.
1548 1719 1549 1740 r

331 1824 404 1870 cum
429 1805 533 1867 iactus
557 1805 608 1865 est
629 1802 725 1866 homo
748 1802 780 1865 in
806 1803 942 1866 animam
966 1801 1102 1886 mnemia
1128 1808 1290 1884 tamquam
1312 1805 1463 1868 diceretur:

330 1911 437 1974 ‘Terra
464 1929 498 1973 es
526 1909 673 1981 animata,
704 1909 788 1991 quod
812 1929 872 1973 non
898 1927 980 1986 eras3
1009 1914 1092 1973 terra
1120 1909 1181 1972 eris
1206 1911 1368 1986 exanimis
1395 1911 1464 1974 sicut

330 2019 426 2093 eras';
456 2015 542 2098 quod
565 2020 641 2079 sunt
664 2019 697 2080 et
719 2021 887 2096 antequam
913 2023 1097 2100 putrescant
1120 2016 1225 2080 omniu
1249 2034 1378 2098 corpora
1399 2035 1463 2080 rnor-

332 2128 475 2197 tuorum3
504 2122 589 2204 quod
612 2125 704 2186 erunt
727 2127 758 2186 ct
781 2122 847 2188 iila.
873 2123 899 2186 si
923 2125 1107 2188 morientur.
1135 2122 1330 2205 ubicumque
1349 2123 1462 2188 morian·
1478 2141 1494 2179 u

330 2233 395 2306 tur,
425 2248 498 2293 cum
525 2229 594 2292 uita
622 2229 782 2303 carebunt,
812 2247 906 2309 quam
936 2229 1084 2292 continuo
1115 2233 1283 2312 receptura
1316 2233 1395 2294 sunt.
1422 2227 1462 2292 Sic
1549 2235 1550 2290 i

332 2356 407 2419 ergo
439 2337 532 2400 ibunt
564 2335 595 2398 in
629 2339 754 2413 terram,
783 2336 858 2415 quia
886 2355 922 2398 err
950 2335 1034 2397 uiuis
1063 2334 1244 2400 hominibus
1273 2340 1356 2400 terra
1378 2341 1462 2399 erunt.

332 2462 426 2525 quem
450 2443 490 2506 ad
512 2441 644 2506 modum
667 2443 694 2506 it
716 2442 747 2505 in
773 2443 919 2516 cinerem,
945 2442 1028 2523 quod
1053 2442 1089 2504 fit
1113 2441 1206 2510 cinis:
1235 2443 1261 2506 it
1284 2444 1315 2507 in
1341 2445 1462 2508 uetusta·

331 2552 409 2621 tem,
434 2549 519 2630 quod
542 2549 578 2612 iit
601 2551 711 2621 uatum
739 2549 766 2611 it
793 2549 824 2610 in
849 2551 975 2624 testam,
1005 2548 1090 2629 quod
1114 2567 1149 2612 ex
1172 2549 1240 2612 luto
1266 2549 1301 2613 fit
1324 2554 1415 2616 testa:
1438 2552 1462 2610 ct

333 2655 396 2719 alia
428 2664 573 2719 sescenta
604 2657 652 2719 sic
682 2655 854 2736 loquimur.
888 2652 957 2732 Quo
990 2653 1084 2719 modo
1117 2659 1222 2719 autern
1256 2656 1301 2720 sit
1327 2657 1492 2719 futurumu

335 2762 419 2843 quod
447 2781 530 2825 nunc
558 2780 613 2844 pro
642 2764 767 2825 nostrae
796 2761 993 2824 ratiunculae
1021 2759 1145 2825 uiribus
1168 2765 1343 2844 utcumque
1366 2758 1461 2824 conici·

335 2887 417 2945 mus,
450 2871 526 2932 tunc
558 2869 618 2931 crit
649 2868 768 2950 potius,
806 2871 843 2930 ut
874 2885 968 2931 nosse
1000 2867 1171 2947 possimus.
1205 2867 1459 2932 Resurrectionem

334 2975 452 3056 quippe
475 2978 672 3038 mortuorum
695 2974 833 3037 futuram
859 2979 892 3036 et
914 2973 944 3036 in
969 2993 1071 3050 carne,
1097 2974 1220 3056 quando
1242 2973 1384 3039 Christus
1400 2991 1459 3036 uen-

333 3089 426 3144 turus
450 3086 501 3144 est
523 3080 616 3144 uiuos
640 3079 839 3144 iudicaturus
859 3083 890 3143 et
914 3082 1067 3154 mortuos
1098 3083 1230 3163 oportet,
1260 3081 1288 3144 si
1312 3076 1459 3146 Christiani

335 3206 405 3251 esse
434 3187 593 3261 uolumus,
622 3194 659 3250 ut
686 3185 867 3260 credamus
898 3185 1038 3250 sednon
1066 3185 1137 3250 ideo
1167 3185 1204 3250 da
1232 3187 1291 3252 hac
1319 3207 1350 3251 re
1376 3184 1490 3249 inanire

333 3298 386 3357 est
407 3293 484 3357 fides
508 3295 625 3368 nostra,
650 3291 687 3368 si,
713 3311 807 3373 quern
832 3291 869 3355 nd
894 3292 1024 3356 morium
1047 3292 1155 3356 sutura
1174 3293 1227 3368 sit,
1252 3295 1385 3375 perfecte
1402 3309 1458 3354 con·

335 3399 524 3482 prehendere
548 3419 610 3463 non
633 3401 789 3464 ualemus.

378 3507 496 3570 Verum
523 3506 597 3581 iam,
628 3506 712 3570 sieut
739 3503 857 3592 [supra]
885 3505 1101 3586 promisimus,
1131 3505 1168 3568 de
1193 3506 1254 3570 hoc
1280 3505 1390 3570 iudicio
1412 3499 1458 3566 Dei

334 3613 510 3677 nouissimo
534 3614 630 3676 etiam
653 3613 831 3694 prophetici
851 3616 974 3676 ueteres
994 3611 1065 3675 iibri
1086 3611 1163 3693 quid
1182 3609 1457 3694 praenuntiauerint.

425 3805 437 3857 1
461 3805 485 3857 1.
504 3801 563 3857 Cor.
585 3803 627 3869 15,
647 3804 681 3856 52
736 3805 770 3854 28
790 3819 813 3861 c.
832 3805 849 3857 4

370 3927 574 3995 htamquamp
610 3925 819 3992 irecedentb;
838 3925 997 3994 receduntp
1051 3926 1232 3994 morianturp
1269 3923 1455 3992 8resurguntp

334 4013 457 4067 feruntur
476 4015 516 4068 bc
575 4015 602 4068 in
622 4021 687 4068 aute
706 4032 770 4120 aeroi
788 4031 839 4068 om.
856 4034 874 4086 p
936 4017 988 4084 est]
1010 4019 1037 4068 ct
1057 4031 1086 4081 c:
1103 4015 1131 4068 id
1152 4015 1228 4068 esth
1286 4017 1315 4070 ll
1336 4005 1456 4082 quidemb

337 4131 370 4184 13
390 4131 580 4199 animetuap
652 4133 821 4190 examinare
886 4133 918 4185 16
938 4131 1101 4184 continuab
1174 4131 1232 4184 sie
1294 4131 1324 4184 18
1341 4139 1455 4196 querneu-

335 4218 478 4288 modump
535 4218 834 4288 lusq.i‹1-id-idp
888 4221 921 4274 23
942 4221 1041 4290 quippe
1060 4237 1111 4276 om.
1132 4218 1161 4272 αι
1245 4223 1274 4272 et
1293 4235 1364 4280 mas.;
1380 4225 1455 4268 esser

335 4345 370 4396 25
389 4322 427 4403 iat,
446 4343 478 4394 in
496 4359 580 4411 morp.
595 4320 636 4399 et.
656 4361 670 4397 c
723 4345 757 4397 26
777 4345 801 4397 si
821 4343 928 4413 quidem
949 4343 1102 4396 ammodum
1119 4359 1137 4412 p
1191 4343 1227 4397 28
1247 4359 1324 4413 supra
1341 4355 1387 4394 orn.
1401 4352 1454 4404 pp?
