3192 4959
356 448 407 501 De
436 448 611 503 ciuitate
636 446 698 501 dai
722 448 786 501 lib.
811 448 869 502 XV.
893 464 968 517 cap.
993 448 1018 501 8.
1043 448 1068 501 9.

138 648 224 707 natas
252 663 289 707 ex
320 645 440 709 semine
472 645 574 727 ipsius
602 645 746 710 Abrahae
779 665 840 710 non
872 665 929 729 per
961 644 1083 710 Sarram
1117 646 1285 728 coniugem

138 754 310 833 procreato.

576 944 712 1011 CAPUT
738 946 840 1010 VIlll.

138 1086 186 1149 De
214 1086 332 1169 longa
360 1085 441 1149 uita
469 1086 671 1161 homiuum,
696 1104 789 1168 quae
817 1087 893 1151 fuit
920 1090 1005 1150 ante
1034 1086 1223 1151 diluuium
1250 1088 1287 1150 et

111 1220 122 1255 ⁵
269 1192 311 1256 de
337 1192 518 1275 ampliore
542 1192 787 1257 humanorum
813 1212 1009 1276 corporum
1032 1193 1158 1259 torma.

180 1332 287 1412 Quam
311 1333 350 1397 ob
376 1352 441 1397 rem
465 1333 573 1398 nullus
596 1332 734 1417 prudens
753 1352 859 1397 rerum
879 1334 1075 1398 existimator
1093 1334 1288 1398 dubitauerit

139 1438 211 1504 Cain
237 1458 300 1503 non
325 1441 429 1504 solum
453 1440 603 1521 aliquam,
623 1459 735 1504 uerum
760 1441 855 1505 etiam
878 1460 1025 1523 magnam
1047 1442 1192 1523 potuisse
1216 1459 1287 1504 oon-

138 1545 208 1609 dere
235 1546 412 1621 ciuitatem,
438 1546 562 1629 quando
586 1546 618 1611 in
642 1550 705 1610 tam
732 1546 863 1630 longum
887 1552 1014 1628 tempus
1042 1546 1289 1631 protendebatur

139 1654 203 1717 uita
228 1654 428 1727 mortalium;
454 1652 515 1717 nisi
540 1654 620 1717 forte
644 1652 820 1717 infidelium
846 1654 1004 1735 quispiam
1029 1673 1064 1719 ex
1087 1654 1158 1735 ipsa
1179 1674 1287 1717 nume-

100 1782 122 1819 n
138 1760 270 1824 rositate
295 1778 446 1823 annorum
471 1759 562 1823 uobis
586 1760 710 1843 ingerat
734 1760 961 1841 quaestionem,
987 1780 1049 1842 qua
1071 1760 1189 1825 uixisse
1212 1763 1287 1824 tuuc

138 1866 283 1931 homines
313 1865 468 1946 scriptum
497 1870 547 1929 est
575 1866 603 1929 in
634 1866 877 1931 auctoritatibus
902 1868 1031 1941 nostris,
1056 1872 1088 1930 et
1111 1867 1170 1931 hoo
1192 1869 1289 1949 neget

140 1993 206 2037 esse
239 1972 441 2036 credendum.
478 1973 527 2036 lta
556 1971 672 2055 quippe
695 1992 756 2037 nou
781 1974 912 2037 eredunt
935 1975 1029 2038 etiam
1053 1973 1288 2059 magnitudines

139 2098 307 2161 corporum
331 2080 423 2161 longe
447 2079 616 2162 ampliores
640 2083 715 2144 tuuc
739 2080 840 2144 fuisse
864 2100 958 2162 quarn
982 2100 1064 2145 nuno
1088 2084 1171 2146 sunt.
1197 2080 1288 2145 Unde

138 2190 168 2249 et
189 2184 414 2249 nobilissimus
439 2204 547 2250 eorum
567 2192 661 2267 poeta
682 2184 841 2269 Vergilius
862 2186 899 2251 de
918 2188 1040 2271 ingenti
1058 2188 1173 2269 lapide,
1194 2207 1288 2269 quem

99 2313 120 2350 a
137 2293 165 2356 iu
198 2311 350 2377 agrorum
378 2292 482 2355 limite
510 2292 639 2355 infixum
667 2294 718 2357 uir
745 2292 837 2358 fortis
866 2293 993 2358 illorum
1022 2298 1201 2376 temporum
1231 2314 1288 2375 pu·

138 2419 234 2483 gnane
261 2402 296 2462 et
318 2398 425 2479 rapuit
448 2401 480 2462 et
504 2400 643 2463 eueuu'it
667 2402 698 2463 et
721 2400 850 2463 intorsit
873 2404 905 2465 et
926 2400 1028 2464 misit:

224 2543 282 2601 Vix
306 2542 388 2601 illum
414 2576 456 2584 -
479 2545 574 2619 inquit
596 2578 640 2586 —
663 2545 731 2604 lecti
754 2547 801 2605 bis
825 2564 875 2605 ser
899 2547 1014 2605 cemioe
1039 2548 1180 2617 subirent,

226 2632 334 2702 Qualia
357 2650 435 2691 nuno
458 2634 606 2693 hominnm
630 2635 765 2709 producit
789 2653 910 2709 corpora
932 2636 1027 2706 tellus,

137 2770 322 2854 significans
356 2771 476 2835 maiora
507 2778 583 2836 tune
616 2792 745 2854 corpora
781 2773 955 2855 producere
992 2774 1093 2839 solere
1130 2774 1287 2839 tellurem.

98 2910 120 2948 n
137 2876 264 2957 Quanto
286 2878 388 2961 magis
408 2878 509 2961 igitur
526 2879 723 2961 temporibus
743 2880 971 2944 recentioribus
990 2880 1098 2944 mundi
1118 2884 1191 2943 aute
1208 2880 1290 2944 illud

137 2984 241 3047 nobile
263 2982 528 3067 diffamatumque
547 2984 719 3049 diluuium!
746 2984 808 3049 Sed
828 2986 865 3049 de
886 3004 1051 3067 corporum
1070 2986 1288 3069 magnitudine

135 3088 325 3171 plerumque
358 3088 540 3154 incredulos
572 3090 690 3154 nudata
722 3110 778 3172 per
809 3095 1005 3155 uetustatem
1039 3092 1107 3156 siue
1133 3111 1191 3173 per
1223 3093 1287 3156 uim

135 3195 306 3259 fluminum
335 3196 504 3277 uariosque
533 3214 626 3259 casus
656 3198 803 3279 sepulcra
830 3198 1031 3274 couniueunt
1055 3198 1110 3263 ubi
1138 3218 1289 3283 apparue-

135 3306 207 3365 mnt
236 3302 294 3365 uel
321 3301 404 3365 unde
434 3302 615 3367 ceciderunt
642 3302 835 3367 incredibilis
860 3304 1088 3388 magnitudinis
1113 3324 1185 3369 ossa
1209 3324 1290 3369 mor·-

99 3440 121 3481 a
137 3410 279 3474 tuorum.
319 3408 393 3472 Vidi
417 3408 485 3490 ipse
509 3427 567 3473 uon
593 3409 692 3486 solus,
717 3410 773 3473 sed
797 3410 919 3492 aliquot
942 3430 1067 3475 mecum
1091 3412 1122 3475 in
1145 3412 1289 3477 Uticensi

135 3514 237 3603 litore
258 3515 411 3579 molarem
441 3515 579 3579 hominis
609 3515 735 3579 dentem
764 3522 831 3581 tam
859 3517 1030 3601 ingentem,
1055 3523 1100 3593 ut,
1125 3519 1154 3582 si
1180 3518 1212 3581 iu
1236 3538 1288 3581 uo-

136 3624 277 3685 strornm
317 3620 458 3685 dentium
495 3621 642 3685 modulos
681 3622 863 3686 minutatim
901 3624 1128 3699 concideretur,
1162 3627 1289 3687 centum

136 3728 225 3791 nobis
256 3727 422 3791 uideretur
449 3726 551 3791 faeere
580 3728 734 3811 potuisse.
773 3728 836 3793 Sed
864 3729 956 3793 illum
986 3730 1124 3813 gigantis
1153 3730 1289 3794 alicuius

136 3832 234 3898 fnisse
271 3832 469 3897 crediderim.
505 3833 587 3897 Nam
622 3838 745 3918 praeter
778 3834 863 3917 quod
896 3839 984 3899 eraut
1016 3836 1155 3899 omnium
1187 3838 1288 3901 multo

225 4025 258 4078 17
280 4023 351 4079 Aen.
370 4023 430 4087 llll,
449 4024 501 4079 899
520 4042 560 4094 sq.

170 4148 185 4199 2
204 4150 353 4218 procreato
377 4146 532 4218 Ve²p¹af
547 4150 661 4217 Domd.,·
679 4154 837 4220 procreatae
857 4151 896 4218 e¹;
914 4157 1068 4221 procreatos
1084 4167 1117 4215 o,·
1135 4155 1289 4219 procreatas

137 4236 203 4306 dpn
263 4239 296 4291 ll
321 4238 527 4291 auctoritatibus
552 4239 599 4293 Ve
617 4240 732 4307 Dourd.;
751 4240 908 4293 auctoribus
928 4242 1025 4309 abpu
1088 4242 1120 4293 15
1139 4246 1289 4309 temporum

137 4368 193 4422 sap.
213 4354 265 4407 liu.
292 4351 322 4405 V
392 4354 425 4406 24
445 4320 504 4423 osia
527 4354 553 4406 V
619 4357 653 4409 95
673 4356 783 4424 aliquod
807 4356 833 4406 V
900 4358 933 4409 29
954 4353 1291 4423 ercammarum-ipat!
