3192 4959
369 420 420 475 Da
449 420 623 488 ciuitate
652 420 712 476 dei
740 421 807 476 lib.
834 420 905 476 XVI.
935 438 1008 492 cap.
1039 423 1062 476 1.
1226 427 1290 490 123

580 615 742 682 LIBER
764 617 851 682 XVI.

624 880 761 947 CAPUT
785 882 809 947 Ι.

138 1026 192 1089 An
212 1028 309 1106 post
328 1023 533 1089 diluuium
558 1023 676 1088 nNoe
695 1041 824 1105 usque
843 1023 889 1088 ad
907 1024 1104 1089 Abraham
1125 1025 1287 1107 aliquae

106 1131 327 1196 stamiliae
356 1131 575 1196 secundnm
599 1130 723 1194 Deum
752 1129 987 1196 uiuentium
1015 1131 1286 1212 reperiantur.

183 1274 263 1338 Post
287 1272 446 1338 diluuium
470 1272 682 1355 procurrentis
708 1274 835 1336 sanotae
859 1271 999 1355 uestigia
1017 1272 1159 1338 ciuitatis
1178 1275 1285 1336 utrum

138 1381 325 1446 continuata
352 1381 417 1444 sint
443 1398 481 1444 an
509 1377 793 1444 intercurrentibus
821 1379 984 1462 inpietatis
1011 1380 1187 1464 intenupta
1208 1383 1288 1447 tem-

137 1487 280 1570 poribus,
299 1487 345 1551 ita
363 1488 401 1552 ut
418 1487 526 1552 nullus
544 1482 708 1551 hominnm
728 1486 796 1550 ueri
815 1488 909 1551 unius
928 1485 989 1551 Dei
1007 1488 1111 1552 cultor
1128 1487 1287 1566 existeret,

138 1594 177 1657 ad
204 1593 365 1676 liquidum
393 1593 558 1676 scripturis
581 1593 788 1675 loquentibus
810 1593 953 1659 inuenire
977 1590 1106 1659 difficile
1130 1596 1189 1672 est,
1217 1614 1287 1677 pro-

97 1722 121 1761 m
137 1705 247 1783 pterea
271 1699 345 1783 quia
367 1699 399 1764 in
424 1700 582 1766 canonicis
605 1701 695 1765 libris
718 1704 793 1782 post
811 1699 894 1781 Noe,
919 1701 974 1784 qui
997 1719 1071 1765 eum
1094 1699 1226 1784 coniuge
1250 1719 1286 1766 ao

110 1807 112 1810 ’
136 1809 241 1872 tribus
265 1807 341 1872 filiis
364 1807 562 1890 totidemque
585 1807 718 1872 nuribus
744 1807 811 1872 suis
835 1807 952 1873 meruit
974 1827 1031 1889 per
1053 1826 1157 1872 aream
1181 1811 1286 1873 nasta-

136 1917 222 1980 tioue
251 1913 367 1979 diluuii
393 1913 531 1992 liberari,
564 1933 626 1978 non
654 1912 836 1980 inuenimus
864 1933 966 1997 usque
993 1914 1152 1980 Abraham
1181 1914 1285 1978 cuius·

138 2039 233 2102 quam
256 2019 409 2102 pietatem
434 2019 573 2084 euidenti
592 2019 700 2084 diuino
726 2020 851 2102 eloquio
870 2020 1095 2103 praedicatam,
1119 2021 1181 2085 nisi
1200 2019 1285 2103 quod

136 2125 203 2192 Noe
229 2125 311 2192 duos
334 2127 418 2191 filios
449 2145 524 2192 suos
549 2125 622 2192 Sem
646 2130 678 2191 et
700 2127 834 2209 Iaphetb
857 2127 1044 2210 prophetica
1065 2126 1285 2193 benedictione

100 2251 123 2292 n
139 2232 350 2308 commendat,
387 2233 513 2298 intuens
552 2236 584 2298 et
614 2234 804 2316 praeuideus
837 2235 921 2317 quod
953 2234 1047 2318 longe
1077 2234 1181 2298 fuerat
1211 2237 1286 2318 post

138 2341 290 2406 iutnrnm.
309 2339 400 2405 Unde
419 2340 538 2405 factum
559 2345 608 2408 eet
627 2341 722 2406 etiam
741 2341 833 2419 iilud,
852 2346 890 2407 ut
907 2341 1009 2406 filium
1024 2361 1118 2409 snum
1133 2341 1283 2420 medinm,

138 2445 195 2512 boc
218 2451 270 2512 est
292 2445 502 2530 primogenito
526 2443 682 2511 iuniorem
706 2447 884 2529 ultimoque
908 2448 1068 2526 maiorem,
1097 2447 1153 2531 qui
1174 2466 1284 2537 pecca-

139 2556 226 2617 uerat
252 2553 285 2616 in
313 2555 447 2635 patrem,
481 2553 600 2618 nonin
630 2554 712 2635 ipso,
746 2554 802 2620 sed
829 2555 861 2618 in
889 2555 954 2620 filio
984 2555 1053 2620 eius
1082 2574 1140 2620 suo
1171 2558 1283 2636 nepote

140 2659 342 2726 malediceret
354 2659 405 2724 his
422 2659 543 2725 uerbis:
562 2659 809 2726 Maledictus
831 2661 1016 2728 chanaan
1035 2681 1143 2744 puer,
1163 2662 1283 2725 famu·

97 2763 201 2855 eolus
235 2765 316 2830 erit
348 2766 548 2831 fratribus
582 2768 680 2832 suis.
711 2767 858 2834 Cbanaan
886 2787 977 2852 porro
1001 2773 1096 2835 natus
1118 2770 1224 2833 iuerat
1247 2788 1283 2834 er

146 2871 245 2952 Cham,
271 2873 328 2956 qui
346 2873 446 2956 patris
465 2873 650 2939 dormientis
670 2893 727 2939 neo
746 2879 877 2953 texerat,
901 2876 956 2948 sed
975 2875 1089 2958 potius·
1102 2874 1284 2959 prodiderat

145 2978 323 3044 nuditatem.
353 2979 443 3044 Unde
471 2979 566 3044 etiam
596 2979 679 3062 quod
708 2985 838 3046 secutus
868 2982 1010 3048 adiunxit
1030 2981 1282 3047 benedictionem

147 3083 268 3149 duorum
306 3085 437 3150 maximi
473 3090 505 3151 et
541 3087 665 3152 minimi
700 3086 837 3152 filiorum
871 3089 993 3154 dicens:
1031 3088 1281 3154 Benedictus

150 3189 331 3258 Dominus
359 3193 467 3258 Deus
497 3191 593 3270 Sem,
628 3197 666 3258 et
694 3195 773 3260 erit
802 3195 987 3262 Ghauaan
1016 3215 1115 3279 puer
1143 3196 1279 3271 illium

99 3314 126 3354 ιε
148 3296 325 3365 latificet
343 3301 451 3366 Dens
471 3300 656 3384 Iapheth‚
681 3305 720 3367 et
740 3302 900 3367 habitet
917 3303 955 3367 in
976 3302 1161 3368 domibus
1182 3302 1280 3378 Sem,

146 3405 311 3489 sicutipse
337 3406 479 3472 eiusdem
503 3407 571 3472 Noe
597 3411 629 3472 ot
651 3409 763 3474 uineae
787 3410 941 3492 plantatio
967 3413 1000 3473 et
1022 3428 1058 3473 er
1081 3409 1150 3474 eius
1174 3409 1280 3472 fructu

145 3509 299 3579 inebriatio
334 3517 367 3578 et
399 3515 584 3602 dormientis
617 3515 776 3602 enudatio,
810 3519 847 3602 et
875 3535 954 3602 qnae
986 3516 1032 3580 ibi
1064 3519 1183 3600 cetera<
1198 3515 1282 3579 facta

225 3757 257 3812 19
276 3755 343 3812 Gen.
363 3757 389 3822 9,
408 3759 443 3812 25
461 3774 520 3828 sqq.

177 3880 323 3952 taliquem
342 3883 383 3952 [ρ
438 3881 471 3936 10
490 3882 537 3954 qni
556 3883 601 3952 a¹,·
620 3882 726 3953 quoda
781 3884 905 3955 ac]etb
962 3886 992 3954 11
1014 3885 1169 3938 uastatione
1193 3881 1283 3936 Vbrs‘

149 3969 288 4024 pretatione
306 3988 333 4036 e,·
352 3987 370 4024 a
387 3971 542 4026 uastatione
558 3989 643 4044 qpo5
661 3990 678 4028 a
696 3974 827 4028 uastitate
847 3991 866 4027 o
912 3975 945 4028 12
965 3990 1050 4044 usque
1074 3974 1148 4027 Vrd
1165 3970 1281 4036 Darem„-

150 4069 223 4124 usque
240 4057 273 4111 ad
291 4059 440 4130 alroppa
510 4059 674 4133 habraemp
747 4063 926 4132 quuinsquam
949 4062 975 4116 V
1029 4065 1061 4118 15
1081 4067 1145 4132 post
1161 4061 1280 4114 inarato

152 4141 178 4194 11
198 4145 322 4202 iuniorem
345 4148 629 4222 academinoremo
683 4176 685 4182 ·
736 4153 770 4205 22
794 4150 918 4206 adiunxit
944 4152 994 4205 Vb
1017 4151 1132 4217 Domb.,·
1154 4147 1280 4216 adiungit

151 4245 277 4306 aepprc
341 4238 541 4294 aduersam.
565 4239 599 4293 1¹¹
667 4241 701 4294 25
722 4241 812 4296 eiuse
882 4241 998 4296 latificet
1020 4237 1278 4309 prraDomb.,·

150 4316 266 4379 laetificet
283 4343 401 4396 cappo
455 4329 488 4381 27
509 4327 636 4382 enudatio
661 4329 698 4398 V;
715 4329 778 4386 nud.
797 4331 856 4384 rell.
876 4347 892 4384 o
911 4331 1011 4384 Domb.
