3192 4959
312 464 363 517 De
392 463 564 517 ciuitate
593 462 654 517 dei
681 464 745 517 lib.
774 464 864 518 XIIII.
889 482 963 534 cap.
987 464 1029 521 20.
1058 466 1101 519 21.
1236 471 1278 531 45

135 661 201 724 ruit.
231 660 293 724 Illa
322 678 396 725 uero
424 658 601 724 benedictio
630 660 823 743 nuptiarum,
851 664 889 725 ut
917 660 1078 743 coniugati
1101 666 1279 726 crescerent

135 771 164 831 et
189 766 479 850 multiplicarentur
508 770 541 831 et
563 766 721 849 inplerent
742 770 869 845 terram,
897 768 1044 848 quamuis
1068 771 1102 831 et
1122 768 1154 831 in
1179 767 1278 832 delin-

135 874 302 957 quentibus
335 874 496 949 manserit,
529 876 633 938 tanim
667 876 837 954 antequam
870 873 1089 956 delinquerent
1120 874 1195 939 data
1217 881 1277 951 est,

132 987 167 1046 ut
192 986 440 1065 cognosceretur
466 981 714 1064 procreationem
742 980 880 1044 filiomm
908 981 948 1045 ad
976 982 1110 1065 gloriam
1139 981 1276 1048 conrrbii.

105 1108 189 1153 cnon
213 1090 256 1154 ad
280 1108 412 1173 poenam
438 1088 593 1171 pertinere
612 1088 743 1170 peccati.
770 1087 831 1153 Sed
855 1106 937 1157 nunc
956 1087 1111 1165 homines,
1134 1088 1276 1169 prolecto

131 1197 215 1261 illins
251 1215 331 1279 quaa
363 1196 392 1260 in
425 1195 571 1277 paradiso
604 1195 667 1259 luit
697 1194 863 1259 felicitatis
895 1194 1007 1278 ignari,
1036 1194 1098 1258 nisi
1125 1213 1181 1276 per
1204 1194 1275 1272 boo,

132 1303 212 1385 quod
247 1304 364 1387 experti
396 1307 481 1379 sunt,
518 1302 551 1366 id
584 1306 633 1367 est
665 1320 720 1383 per
749 1300 926 1378 libidinem,
963 1302 1002 1366 de
1034 1320 1097 1383 qua
1127 1301 1274 1366 uidemus

133 1410 225 1473 etiam
254 1411 356 1492 ipsam
383 1410 583 1473 honestatem
612 1409 797 1473 erubescere
821 1408 1013 1489 nuptiarum,
1043 1428 1103 1473 non
1130 1408 1275 1490 potuisse

132 1516 217 1599 gigni
242 1514 324 1579 lilios
348 1514 526 1597 opinantur,
551 1514 605 1577 alii
630 1514 804 1597 scripturas
828 1514 964 1591 diuinas,
988 1514 1043 1579 ubi
1065 1515 1185 1599 legitur
1202 1519 1276 1598 post

94 1639 116 1679 ιο
131 1628 294 1705 peceatum
321 1622 474 1705 puduisse
503 1620 656 1685 nuditatis
687 1625 720 1685 et
747 1622 894 1705 pudenda
916 1640 987 1686 esse
1010 1624 1165 1699 contecta,
1189 1641 1275 1703 pror-

131 1748 182 1794 sus
205 1749 268 1794 non
293 1730 495 1811 accipientes,
521 1728 576 1793 sed
599 1726 768 1793 infideliter
786 1728 973 1803 inridentem
999 1728 1053 1792 alii
1071 1747 1146 1793 uero
1166 1748 1274 1811 quam-

130 1838 176 1901 uis
204 1856 260 1901 eas
288 1836 445 1917 accipiant
473 1838 505 1899 et
532 1835 693 1911 honorent,
722 1835 804 1899 illud
826 1838 932 1899 tamen
957 1836 1042 1917 quod
1065 1834 1184 1900 dictum
1210 1838 1273 1899 est:

132 1943 313 2008 Crescite
352 1945 391 2006 et
422 1942 776 2024 multiplicamini,
814 1962 875 2006 non
908 1942 1084 2007 secundum
1116 1941 1272 2005 carnalem

129 2050 354 2114 fecunditatem
394 2050 510 2113 nolunt
547 2048 700 2131 intellegi,
743 2050 819 2131 quia
856 2051 888 2113 et
924 2048 1099 2113 secundum
1136 2048 1272 2111 animam

94 2157 245 2240 elegitur
268 2156 332 2219 tale
356 2155 475 2237 aliquid
499 2154 634 2219 dictum:
664 2154 973 2238 Multiplicabis
1001 2176 1058 2219 me
1081 2155 1119 2218 in
1144 2154 1272 2218 anima

130 2282 209 2327 mea
240 2262 279 2325 in
308 2262 476 2337 uirtute,
509 2266 547 2325 ut
578 2262 621 2338 id,
650 2262 733 2345 quod
761 2262 793 2324 in
824 2262 933 2345 genesi
958 2261 1115 2343 seqnitur:
1149 2262 1197 2325 Et
1219 2260 1272 2324 in·

130 2370 237 2449 plete
269 2373 421 2433 terram
454 2370 493 2433 et
523 2368 784 2433 dominamini
814 2369 913 2446 eius,
941 2376 1056 2433 terram
1083 2367 1273 2451 intellegant

130 2494 260 2549 carnem,
293 2494 387 2557 quam
420 2475 597 2556 praesentia
629 2495 688 2539 sua
714 2474 815 2557 inplet
848 2474 951 2539 anima
978 2474 1110 2558 eiusque
1137 2474 1272 2539 maxime

130 2581 315 2659 dominatur,
340 2600 412 2646 curn
434 2581 466 2645 in
490 2582 609 2645 uirtute
628 2580 873 2663 multiplicatum
899 2581 1039 2645 carnales
1058 2584 1166 2645 autem
1185 2580 1270 2645 letus

93 2700 116 2738 π
130 2688 193 2751 sine
215 2687 356 2765 libidine,
381 2706 461 2770 quae
483 2691 556 2771 post
580 2691 746 2771 peccatum
765 2691 871 2753 exorta
889 2688 1043 2769 inspecta,
1063 2688 1195 2752 confusa
1217 2706 1270 2751 ue-

130 2794 191 2858 lata
208 2798 266 2869 est,
282 2814 339 2859 nec
354 2797 430 2858 tunc
449 2794 536 2859 nasci
555 2794 709 2877 potuisse,
725 2794 809 2857 sioni
827 2812 929 2875 neque
947 2812 1031 2857 nunc
1048 2797 1192 2876 possunt,
1211 2814 1270 2859 neo

130 2901 158 2963 in
189 2900 334 2983 paradiso
367 2902 492 2966 futuros
526 2901 636 2979 fuisse,
670 2900 726 2965 sed
758 2901 847 2977 foris,
880 2900 966 2965 sicut
997 2904 1029 2965 et
1060 2900 1180 2964 factum
1207 2908 1267 2964 est.

130 3008 206 3073 Nam
240 3012 353 3090 postea
390 3026 485 3090 quam
520 3007 593 3071 inde
626 3006 750 3072 dimissi
783 3012 868 3086 sunt,
907 3007 946 3071 ad
978 3007 1153 3091 gignendos
1184 3006 1268 3072 filios

131 3115 268 3179 coierunt
291 3133 410 3197 eosque
434 3118 620 3199 genuerunt.

92 3356 114 3393 ,.,
565 3308 701 3375 eaeor
724 3308 824 3373 xxii.

131 3430 180 3494 De
208 3432 336 3515 copula
367 3430 561 3515 coniugali
590 3451 608 3495 a
635 3431 711 3495 Deo
735 3431 914 3514 primitus
938 3431 1124 3495 instituta
1146 3430 1266 3512 adqrre

589 3537 800 3601 benedicta.

174 3680 234 3745 Nos
256 3684 362 3745 autern
386 3680 591 3745 nullomodo
616 3680 798 3745 dubitamus
823 3678 997 3743 secundum
1015 3678 1265 3744 benedictionem

133 3784 188 3850 llei
218 3806 356 3851 crescere
389 3790 421 3851 et
452 3786 659 3869 multiplicari
692 3790 723 3851 et
756 3786 874 3870 inplere
905 3790 1020 3849 terram
1049 3785 1166 3850 donum
1194 3806 1265 3851 esse

214 3978 245 4032 15
261 3978 306 4031 Ps.
328 3978 388 4042 137,
406 3978 423 4031 3

166 4100 181 4152 4
198 4105 366 4171 cognosceret
384 4101 569 4171 procreatione
589 4102 599 4155 1
680 4076 825 4171 procreat,
842 4100 875 4153 in
893 4116 978 4169 accep.
996 4076 1228 4170 propagationem,
1249 4120 1263 4154 e

135 4186 151 4239 5
167 4186 287 4255 homines,
304 4191 487 4259 superscripto
504 4207 538 4243 m.
554 4192 574 4243 2
591 4190 685 4259 aliqui,
694 4206 716 4257 p
753 4190 770 4243 8
784 4190 871 4258 ipsam
891 4190 1001 4242 etiamr
1038 4192 1071 4243 15
1089 4206 1132 4243 me
1150 4204 1201 4243 ona.
1218 4208 1263 4257 ap

135 4274 200 4329 inani
216 4295 273 4332 mea
288 4278 297 4331 I
335 4281 367 4335 16
386 4280 415 4332 in
433 4278 535 4332 uirtute
555 4278 607 4333 Vc
625 4278 736 4341 Domb.,·
756 4278 784 4331 in
803 4278 906 4331 uirtute
923 4278 1011 4341 1υαὶ,
1029 4278 1131 4331 uirtute
1149 4284 1197 4332 tun
1210 4294 1262 4345 ev,-

136 4362 224 4419 nirtute
242 4368 270 4434 b,·
288 4368 416 4421 uirtutem
436 4384 454 4421 α
459 4384 481 4436 p
553 4368 595 4437 ut]
616 4370 644 4421 et
663 4367 706 4421 ob
761 4368 795 4421 23
816 4366 925 4419 demissi
945 4366 967 4419 1ι
