3192 4959
349 451 416 519 404
695 449 722 502 S.
750 447 909 501 Aurelii
938 448 1160 517 Augustini

349 645 465 719 oleum,
490 643 530 708 ad
553 644 652 709 elium
677 643 787 721 siluas,
817 643 856 707 ad
880 643 977 708 elium
1001 663 1159 720 nummos
1189 644 1351 708 edulium
1376 645 1488 726 nauiga-

349 738 479 827 tionem
513 751 552 814 ad
584 751 683 814 alium
714 751 799 814 bella
832 749 934 834 adque
962 751 1124 828 uictorias,
1158 751 1196 815 ad
1225 751 1323 816 alium
1349 751 1488 834 coniugia,

349 857 389 922 ad
421 858 519 922 alium
552 861 680 939 partum
712 876 750 921 ee
780 857 1007 921 fecunditatem
1041 861 1074 921 et
1106 857 1143 920 ad
1178 857 1258 922 alios
1292 858 1356 922 alie
1385 863 1487 923 cetera:

349 964 498 1029 caelestis
531 969 638 1029 autem
671 963 786 1028 ciuitas
820 982 891 1027 eum
929 982 1027 1028 unum
1060 963 1164 1028 Deum
1197 965 1302 1029 solum
1336 963 1488 1029 solendum

350 1075 460 1136 nosset
492 1071 583 1153 eique
615 1073 740 1135 tantum
773 1070 867 1134 modo
901 1070 1102 1134 seruiendum
1137 1070 1293 1136 seruitute
1325 1071 1392 1146 iila,
1426 1089 1518 1152 quaer

352 1177 472 1244 Graece
499 1175 623 1259 λατρεία
647 1177 764 1241 dieitur
787 1181 820 1241 et
842 1197 903 1242 non
928 1177 990 1242 nisi
1011 1173 1081 1242 Deo
1106 1177 1248 1254 debetur,
1277 1178 1365 1242 fideli
1388 1177 1489 1260 pietate

352 1288 508 1350 censeret:
536 1285 658 1348 foetum
682 1287 740 1360 est,
765 1288 802 1348 ut
825 1283 989 1368 religionis
1012 1287 1101 1368 leges
1131 1304 1202 1349 eum
1226 1289 1351 1350 terrene
1375 1285 1489 1348 ciuitate

351 1410 413 1456 non
446 1395 556 1474 posset
592 1390 707 1454 habere
741 1409 926 1456 communes
963 1410 1083 1474 proque
1116 1391 1166 1455 his
1199 1393 1238 1455 ab
1273 1412 1310 1455 ea
1340 1391 1490 1456 dissentire

351 1499 481 1562 haberet
508 1517 637 1562 neeesse
662 1497 765 1581 adque
789 1500 874 1562 oneri
903 1517 974 1562 esse
999 1497 1124 1562 diuersa
1148 1498 1361 1563 sentientibus
1386 1515 1490 1562 eorun-

353 1625 414 1687 que
450 1605 513 1668 iras
551 1610 583 1668 et
626 1604 698 1668 odia
731 1609 764 1668 et
795 1605 1053 1687 persecutionum
1085 1607 1211 1688 inpetus
1245 1607 1411 1678 sustinere,
1442 1603 1521 1668 nisio

353 1731 426 1775 eum
449 1710 570 1774 animos
594 1711 834 1776 aduersantium
858 1711 1025 1793 aliquando
1049 1714 1168 1776 terrore
1193 1731 1269 1776 suae
1289 1711 1490 1776 multitudinis

353 1824 386 1881 et
418 1836 542 1900 semper
573 1817 682 1881 diuino
715 1819 871 1883 adiutorio
900 1820 1111 1900 propulsaret.
1143 1819 1231 1883 Haeo
1260 1838 1336 1902 ergo
1360 1817 1489 1882 caelestis
1552 1825 1553 1836 ¹

354 1924 470 1987 eiuites
494 1924 570 1987 dum
593 1923 814 2007 peregrinatur·
835 1924 865 1988 in
891 1929 983 2002 terre,
1013 1944 1049 1989 ex
1074 1925 1221 1990 omnibus
1246 1925 1394 2008 gentibus
1419 1925 1490 1988 ciues

355 2033 468 2094 euocat
485 2029 587 2111 adque
603 2029 634 2092 iu
650 2030 796 2094 omnibus
812 2029 932 2113 linguis
951 2031 1147 2114 peregrinam
1166 2031 1292 2114 colligit
1310 2031 1488 2104 societatem,

354 2156 416 2201 non
449 2155 560 2201 curans
594 2135 749 2218 quidquid
776 2137 809 2200 in
838 2138 980 2202 moribus
1004 2138 1130 2222 legibus
1158 2138 1380 2220 institutisque
1404 2137 1523 2200 diuers

356 2263 427 2307 sum
451 2246 510 2318 est,
535 2243 652 2323 quibus
676 2262 736 2324 pax
758 2246 882 2307 terrene
904 2245 956 2307 uel
981 2243 1177 2325 conquiritur
1196 2245 1249 2309 uel
1267 2249 1401 2310 tenetur.
1423 2241 1489 2306 nihii

356 2368 465 2414 eorum
504 2349 686 2414 rescindens
727 2351 781 2413 uel
819 2350 997 2424 destruens,
1034 2351 1132 2416 immo
1169 2351 1264 2415 etiam
1303 2369 1428 2416 seruans
1460 2366 1489 2412 ao

355 2473 502 2538 sequens,
527 2456 710 2537 quodlicet
733 2455 896 2520 diuersum
921 2457 951 2520 in
976 2457 1113 2522 diuersis
1136 2457 1329 2534 nationibus,
1348 2458 1386 2522 ed
1404 2475 1488 2520 unuin

355 2567 461 2626 tamen
489 2561 686 2644 eundemque
714 2562 810 2626 finem
838 2565 979 2627 terrenae
1006 2564 1093 2646 panis
1121 2564 1305 2641 intenditur,
1331 2566 1358 2630 si
1380 2563 1488 2644 reiigio-

357 2687 439 2746 nem,
473 2687 534 2749 qua
567 2689 650 2732 unus
684 2688 831 2734 summus
866 2674 899 2733 et
932 2689 1027 2734 uerus
1058 2671 1144 2735 Deus
1180 2671 1331 2736 colendus
1364 2671 1522 2736 docetura

356 2793 417 2839 non
449 2774 580 2855 inpedit.
613 2775 723 2840 Utitur
754 2795 829 2860 ergo
863 2776 959 2840 etiam
988 2777 1134 2842 caelestis
1164 2779 1280 2843 ciuitas
1309 2780 1341 2843 in
1366 2779 1420 2842 hee
1441 2795 1489 2839 soa

357 2882 607 2964 peregrinatione
629 2902 707 2964 paee
730 2886 853 2947 terrens
872 2888 904 2947 et
927 2885 1078 2950 derebus
1099 2885 1138 2949 ad
1155 2887 1323 2950 mortalem
1343 2884 1489 2950 hominum
1551 2961 1552 2966 ἵ

357 2994 501 3052 naturam
525 2990 757 3071 pertinentibus
780 2991 989 3054 humanorum
1018 2991 1220 3056 uoluntatem
1245 2991 1490 3074 conpositionem.
1551 2981 1552 2984 ’

358 3099 510 3177 quantum
544 3097 634 3160 selua
664 3097 783 3179 pietate
811 3117 847 3162 ao
870 3098 1021 3182 religione
1050 3099 1242 3176 conceditur,
1272 3105 1377 3164 tuetur
1400 3097 1491 3178 adque

358 3201 480 3282 adpetit
510 3220 642 3282 eamque
672 3207 828 3268 terrenam
860 3223 970 3286 pacem
996 3205 1093 3269 reiert
1120 3205 1159 3269 sd
1186 3207 1356 3270 caelestem
1383 3215 1524 3286 peremat

360 3327 440 3390 quae
467 3326 541 3372 uere
569 3309 614 3372 ita
641 3329 701 3392 pax
724 3316 784 3387 est,
813 3314 850 3376 ut
873 3311 1035 3376 rationalis
1065 3311 1228 3376 dumtaxat
1256 3320 1412 3378 creaturae
1435 3307 1493 3374 solu

359 3434 419 3497 par
442 3413 585 3479 habenda
613 3416 715 3498 adque
739 3416 871 3481 dicenda
895 3418 947 3492 sit,
977 3418 1211 3484 ordinatissima
1234 3420 1359 3484 scilieet
1379 3428 1409 3481 et
1431 3433 1492 3480 eon-

360 3520 547 3585 eordissima
569 3523 704 3587 societas
728 3523 851 3588 fruendi
875 3525 940 3588 Deo
966 3529 997 3590 et
1019 3525 1157 3589 inuicem
1181 3525 1211 3589 in
1236 3527 1318 3600 Deo;
1349 3543 1404 3607 quo
1429 3541 1492 3586 curn

360 3631 492 3692 uentum
515 3629 585 3704 erit,
610 3649 670 3693 nou
695 3631 754 3695 erit
777 3631 845 3695 uite
869 3632 1022 3710 mortalis,
1046 3631 1102 3696 sed
1120 3635 1212 3715 plane
1232 3637 1375 3716 certeque
1393 3628 1494 3694 uitatis

397 3870 497 3922 teum
521 3887 557 3937 pu
582 3887 632 3923 oar.
658 3872 715 3924 reli.
740 3871 886 3936 oDomb„
910 3873 959 3927 sed
981 3873 1021 3928 ud
1043 3874 1224 3946 aperiendam
1246 3876 1330 3930 nimis
1347 3873 1494 3942 tripodium
1550 3931 1551 3960 Χ

361 3959 589 4012 eorrstructionem
606 3976 791 4014 necessarium
809 3962 921 4016 uidetur
1010 3964 1106 4017 orat·
1073 3967 1127 4017 trra
1143 3981 1205 4020 ·.nrss
1297 3966 1373 4018 ‘r'oon
1377 3959 1495 4016 s'erete'

363 4039 483 4126 eonseiee
501 4073 527 4128 e²
616 4041 789 4139 turberes
777 4095 809 4130 are
829 4095 912 4147 araurp.
933 4077 1039 4142 debere,
1059 4096 1073 4133 e
1159 4081 1193 4134 10
1212 4085 1241 4134 et
1260 4086 1323 4133 ante
1340 4077 1398 4132 odia
1417 4093 1465 4130 ore
1483 4091 1495 4117 1

363 4165 646 4232 Utanmperserquut
668 4181 719 4218 om.
736 4183 754 4234 9
812 4167 844 4218 lei
864 4171 1006 4230 etuoeate
1071 4169 1104 4222 17
1124 4169 1168 4222 uel
1187 4168 1269 4222 destr.
1290 4169 1371 4232 (distr.
1387 4183 1416 4234 o·
1436 4181 1472 4234 ,11⁵
1463 4161 1494 4212 'r

367 4249 477 4317 Dousb.;
495 4269 545 4304 nec
564 4252 645 4306 destr.
667 4255 815 4323 atepeo
852 4257 885 4308 26
906 4263 947 4310 est
966 4258 1006 4310 ite
1024 4273 1075 4325 pax
1091 4275 1110 4326 p
1145 4257 1179 4310 29
1199 4258 1252 4310 erit
1265 4251 1373 4325 oeprt
1387 4253 1496 4314 Demos

362 4337 446 4391 fuerit
465 4357 562 4408 aquo
633 4343 749 4412 plenep
