3192 4959
365 442 413 494 ue
441 441 615 494 ciuitate
645 440 705 493 ces
732 439 799 493 riu.
827 440 884 493 xx.
914 457 988 510 cap.
1018 439 1044 494 s.
1214 442 1278 505 447
1327 409 1330 428 '

127 637 223 721 piat,
252 636 334 701 nisi
366 637 482 718 prius
515 635 770 719 adtiguuerit
802 637 959 712 fortem,
990 635 1017 701 si
1047 634 1142 699 etiam
1173 634 1280 700 soluto

127 744 328 827 eripiuntur?
357 744 402 808 Ac
430 763 486 825 per
507 744 568 807 hcc
591 743 631 806 ad
654 743 715 807 hcc
739 761 851 828 cogere
875 741 1003 806 uidetur
1026 743 1089 806 ista
1113 741 1281 816 sententia,

128 857 165 914 nt
197 850 365 915 credamus
391 849 448 913 illo
476 850 553 913 licet
580 850 692 933 exigno
721 853 863 932 tempore
891 849 1048 913 neminem
1079 867 1280 912 accessurum

128 975 200 1021 esse
237 956 356 1039 populo
390 955 585 1034 Christiano,
624 957 682 1020 sed
714 975 786 1020 cum
821 956 882 1033 eis,
916 955 970 1037 qui
1003 955 1064 1019 iam
1100 953 1281 1031 Christiani,

101 1065 246 1146 areperti
282 1065 410 1141 fuerint,
452 1063 615 1127 diabolum
649 1067 885 1146 pugnaturum
928 1081 964 1128 ex
1002 1063 1117 1144 quibus
1156 1061 1281 1126 etiamsi

130 1173 229 1254 aliqui
260 1171 339 1236 uicti
372 1171 476 1235 secuti
509 1190 582 1234 eum
609 1170 737 1245 fuerint,
771 1189 832 1234 nun
862 1189 915 1233 eos
947 1169 984 1232 ad
1013 1169 1282 1252 praedestinatum

128 1277 268 1342 filiorum
300 1277 362 1341 Dei
393 1296 561 1340 numerum
592 1277 756 1358 pertinere.
788 1276 902 1358 Neque
935 1275 1016 1339 enim
1050 1277 1167 1339 frustra
1197 1274 1283 1338 idern

130 1386 285 1448 lohannes
314 1383 491 1466 apostulus,
519 1383 575 1465 qui
603 1388 636 1446 et
659 1384 738 1446 hane
767 1382 968 1466 apocalypsin
997 1382 1133 1464 scripsit,
1163 1382 1194 1445 in
1219 1381 1284 1464 epi-

131 1493 218 1556 stula
250 1509 309 1554 sua
341 1489 379 1554 de
412 1489 603 1572 quibusdam
631 1488 725 1554 dicit:
759 1487 809 1552 Ex
837 1489 954 1553 nubis
984 1487 1181 1564 exierunt,
1215 1487 1283 1552 sed

92 1617 206 1662 rouen
231 1600 344 1661 erant
367 1615 409 1660 er
433 1598 568 1669 nobis;
598 1616 684 1660 nam
708 1597 742 1662 si
765 1597 950 1660 fuissent
971 1615 1012 1660 cx
1032 1596 1159 1672 uobis,
1183 1614 1283 1658 mun-

132 1706 291 1768 sissent
326 1703 471 1784 utique
508 1705 729 1768 nobiscum.
767 1703 830 1768 Sed
869 1703 944 1786 quid
977 1703 1014 1768 fit
1047 1704 1085 1768 de
1117 1702 1284 1784 paruulis?

131 1810 276 1874 Nimium
309 1810 425 1892 quippe
456 1810 641 1874 incredibile
669 1814 720 1876 est
746 1811 853 1874 nullos
881 1810 945 1874 ianr
969 1813 1060 1874 natos
1091 1813 1123 1874 et
1145 1807 1284 1872 nondum

132 1917 311 1997 baptizatos
334 1917 557 1998 praeoccupari
578 1916 827 1982 Christianorum
848 1917 930 1982 tilios
950 1917 1006 1981 illu
1025 1920 1167 1998 tempore
1186 1915 1286 1978 inian-

132 2029 193 2098 ies,
225 2022 332 2086 nullos
361 2023 457 2087 etiam
484 2023 565 2105 ipsis
592 2023 681 2086 nesci
707 2024 771 2088 iam
795 2025 925 2100 diebus3
959 2027 1014 2087 unt
1038 2023 1065 2086 si
1089 2025 1190 2098 erunt,
1222 2039 1284 2084 non

94 2157 116 2194 u
134 2148 187 2193 ecs
217 2149 235 2191 u
262 2129 447 2211 parentibus
475 2130 543 2194 suis
568 2129 607 2193 ad
635 2131 797 2194 lauacrunr
820 2131 1067 2213 regenerationis
1091 2128 1185 2193 modu
1210 2147 1285 2210 quo-

134 2253 269 2316 cumque
296 2234 437 2316 perduci.
467 2235 611 2314 Quodsi
639 2236 704 2312 fiet,
734 2255 796 2318 qno
821 2241 912 2320 pactu
937 2236 1042 2301 soluto
1071 2236 1135 2299 iam
1159 2235 1284 2299 diabolo

134 2361 212 2405 nasa
244 2342 307 2404 ista
339 2341 520 2423 eripientur,
553 2342 583 2406 in
613 2343 704 2406 cuius
733 2344 863 2407 domurn
893 2363 985 2408 neruo
1008 2344 1115 2420 intrat,
1148 2347 1185 2406 ut
1207 2361 1286 2404 uasa

135 2451 203 2513 eius
228 2449 352 2530 eripiat,
377 2448 438 2512 nisi
461 2449 549 2530 prius
574 2449 764 2533 adligauerit
787 2453 884 2514 enm?
907 2450 1010 2514 Immo
1032 2468 1105 2513 uero
1126 2449 1157 2512 id
1177 2449 1284 2531 potius

136 2562 186 2620 est
213 2555 414 2622 eredendum.
443 2575 500 2618 nec
531 2556 586 2636 qui
615 2556 729 2620 cadunt
756 2557 793 2620 de
818 2556 953 2620 ecclesie
977 2574 1034 2620 nec
1059 2557 1112 2636 qui
1136 2553 1288 2620 accedant

94 2692 119 2727 ω
137 2663 291 2727 ecclesiae
327 2662 384 2726 illu
419 2665 563 2743 tempore
602 2662 784 2735 defuturum
824 2662 879 2726 sed
915 2663 1057 2745 prolecto
1089 2665 1155 2725 tam
1188 2661 1286 2726 furtes

136 2773 229 2832 erunt
259 2773 293 2832 et
322 2774 469 2850 parentes
502 2787 558 2850 pru
590 2769 787 2852 baptizandis
821 2770 964 2852 paruulis
998 2769 1065 2833 suis
1094 2772 1127 2832 et
1154 2768 1197 2846 li,
1231 2766 1286 2848 qui

135 2879 211 2938 tunc
238 2874 387 2956 primitus
416 2874 564 2937 credituri
594 2878 678 2952 sunt,
712 2877 749 2938 ut
776 2875 867 2938 illum
896 2873 1011 2938 fortem
1040 2875 1168 2938 uincent
1191 2873 1286 2937 etiam

136 3001 194 3046 uon
224 2981 371 3064 ligatum,
405 2981 437 3043 id
461 2985 511 3045 est
539 2980 697 3051 omnibus.
729 2981 878 3062 qualibus
902 2985 994 3045 autea
1018 3000 1200 3063 numquam,
1234 2979 1287 3042 uel

137 3088 258 3152 artibus
281 3087 484 3150 insidiantem
507 3086 560 3150 uel
585 3091 748 3170 urgentem
772 3087 896 3152 uiribus
922 3092 955 3152 et
977 3088 1148 3172 uigilanter
1166 3086 1287 3152 intelle-

95 3222 120 3259 2⁵
137 3199 213 3276 gant
237 3197 270 3257 et
292 3194 464 3258 toleranter
486 3194 598 3270 ferant,
622 3212 659 3257 ac
684 3194 730 3258 sic
753 3194 802 3258 illi
827 3195 923 3258 etiam
947 3214 1007 3258 non
1030 3194 1131 3278 ligatu
1156 3193 1288 3275 eripian-

136 3305 197 3364 tur.
235 3298 303 3364 Nec
340 3299 411 3363 ideo
448 3300 531 3364 false
567 3301 627 3364 erit
664 3303 849 3384 euangelica
884 3301 941 3365 illa
977 3301 1149 3366 sententia:
1189 3297 1288 3378 Quis

137 3407 267 3470 intrat
293 3406 331 3468 in
361 3405 516 3470 domum
545 3406 680 3471 fortis.
712 3411 752 3470 ut
781 3425 879 3470 uasa
902 3407 990 3472 eius
1015 3406 1175 3488 eripiat,
1207 3404 1288 3468 nisi

138 3514 250 3596 prius
271 3513 526 3596 adligauerit
543 3513 714 3577 fortem?
729 3513 911 3578 Secundum
927 3513 996 3576 eius
1014 3513 1097 3576 eninr
1113 3509 1287 3576 sententiae

138 3619 304 3683 ueritatem
339 3619 414 3683 crde
446 3619 508 3683 iste
537 3625 682 3684 seruatus
712 3623 771 3696 est,
801 3622 838 3683 ut
862 3619 949 3701 prius
979 3619 1173 3703 adligaretur
1195 3618 1287 3682 fortis

227 3863 244 3916 9
264 3863 288 3916 1.
307 3860 348 3915 Io.
367 3863 393 3924 2,
414 3862 448 3914 19

172 3984 243 4039 and
261 3985 314 4038 hoc
332 4001 418 4042 om.c
481 3983 810 4054 6praedestinandumb
876 3985 1052 4038 lanimem.
1074 4003 1092 4038 a
1154 3987 1287 4055 Sapere·

139 4074 234 4143 lypsiru
251 4073 306 4144 9¹1)
399 4075 431 4128 10
450 4091 512 4127 narr
532 4089 618 4142 usquc
637 4074 676 4126 ud
694 4073 834 4126 nobiscum
855 4089 905 4126 orii.
926 4091 939 4127 c
1039 4076 1251 4143 permansissent
1270 4093 1289 4128 a

141 4165 170 4216 ll
190 4163 434 4230 fitcodd.;iietv
509 4165 538 4216 ll
561 4165 594 4217 21
614 4163 768 4232 paruulisq
847 4165 879 4216 14
898 4163 987 4216 nullos
1006 4165 1093 4220 ouub
1174 4164 1205 4217 16
1225 4164 1290 4217 fite

142 4253 172 4302 18
190 4252 288 4304 fortem
308 4267 368 4304 eum
383 4269 405 4320 p
480 4253 512 4306 19
531 4251 666 4306 caduntb
745 4251 878 4305 accedunt
897 4252 928 4318 b;
946 4251 1044 4305 cedant
1058 4270 1080 4320 p
1152 4253 1187 4304 25
1207 4253 1289 4306 etiam

140 4341 179 4393 illi
194 4359 212 4410 q
266 4340 301 4393 ‘28
321 4339 392 4392 euim
411 4346 480 4396 sent.
500 4342 592 4394 eiusv
