3192 4959
312 403 376 465 382
658 401 685 455 S.
709 401 866 454 Aurelii
894 401 1112 470 Augustini

311 595 444 659 testium
471 594 510 658 ed
539 594 674 659 alienam
702 614 829 660 causam
861 595 1069 677 pertinentem
1099 613 1248 677 quaerere
1279 593 1457 660 ueritatem.

313 701 397 781 Quid
426 720 499 766 eum
526 701 556 766 in
581 719 640 766 sus
663 721 759 767 causa
781 701 917 785 quisque
941 705 1108 788 torquetur
1130 706 1172 779 et,
1201 721 1274 767 cum
1299 703 1458 784 quaeritur

311 814 419 872 utrum
456 809 500 873 sit
536 825 662 886 nocens,
700 810 860 877 cruciatur
896 813 928 874 et
963 809 1113 874 innocens
1148 809 1212 873 luit
1247 827 1304 892 pro
1341 809 1456 874 incerto

313 916 431 980 scelere
463 915 658 981 certissimas
684 935 813 998 poenes,
847 935 907 981 non
936 917 1009 998 quia
1036 915 1117 980 illud
1145 916 1347 981 commisisse
1376 916 1458 980 dete-

314 1023 410 1106 gitur,
437 1022 494 1087 sed
521 1023 595 1104 quia
622 1043 682 1088 non
710 1023 911 1090 commisisse
939 1024 1102 1088 nescitur?
1130 1023 1175 1088 Ac
1203 1041 1260 1105 per
1289 1022 1350 1087 boc
1373 1021 1493 1106 igno-s

312 1129 415 1192 nantia
444 1127 562 1193 iudicis
593 1130 780 1213 plerumque
814 1133 863 1194 est
890 1131 1054 1195 calamitas
1083 1129 1269 1194 innocentis.
1303 1130 1346 1193 m
1376 1128 1459 1210 quod

315 1239 365 1300 est
386 1234 617 1300 intolerabilius
641 1237 808 1320 magisque
836 1237 1048 1320 plangendum
1072 1236 1313 1321 rigandumque,
1343 1235 1372 1300 si
1394 1235 1458 1299 fieri

314 1342 429 1424 possit,
461 1341 604 1406 fontibus
636 1341 848 1418 lacrimarum,
881 1361 953 1406 cum
986 1345 1152 1427 propterea
1183 1341 1276 1406 iudex
1313 1344 1459 1425 torqueat

315 1453 510 1525 accusatum,
543 1463 581 1511 ne
610 1447 734 1511 occidat
760 1447 906 1512 nesciens
933 1449 1141 1525 innocentem,
1169 1447 1207 1510 fit
1233 1467 1290 1528 per
1317 1447 1458 1532 ignoran-

315 1556 379 1620 tiae
402 1555 572 1631 miseriem,
601 1557 638 1617 ut
662 1556 694 1617 et
716 1558 836 1618 tortum
861 1559 893 1618 et
920 1554 1118 1620 innocentem
1142 1554 1275 1632 occidat,
1307 1573 1398 1636 quem
1423 1573 1458 1617 ne
1474 1579 1496 1618 ro

315 1663 514 1726 innocentem
551 1660 710 1725 occideret
741 1663 885 1728 torserat.
925 1659 958 1725 Si
996 1661 1078 1726 enim
1116 1660 1289 1725 secundum
1327 1661 1458 1726 istorum

315 1769 505 1851 sapientiam
537 1767 691 1851 delegerit
723 1787 758 1831 11
790 1768 850 1831 hac
883 1768 952 1832 uita
983 1768 1093 1852 fugere
1126 1787 1221 1849 quarn
1253 1766 1375 1832 diutius
1407 1768 1458 1831 illa

317 1875 474 1940 sustinere
501 1877 672 1939 tormenta:
703 1873 787 1956 quod
811 1893 871 1938 non
895 1874 1066 1951 commisit,
1090 1873 1290 1940 commisisse
1318 1874 1457 1939 sedicit.

319 1979 388 2060 Quo
426 1981 572 2046 damnato
610 1984 642 2044 et
678 1980 795 2055 occiso,
838 1983 945 2046 utrum
982 1984 1147 2046 nocentem
1186 2000 1223 2045 an
1264 1981 1456 2046 innocentem

317 2089 411 2154 iudex
437 2087 597 2166 occiderit,
630 2087 732 2152 adhuc
760 2087 871 2162 nescit,
901 2106 996 2168 quem
1023 2106 1061 2150 ne
1088 2087 1287 2152 innocentem
1321 2088 1456 2151 nesciens
1472 2109 1493 2150 c

319 2195 477 2262 occideret
503 2194 611 2265 torsit:
645 2211 681 2256 ac
709 2211 765 2275 per
791 2194 852 2258 boc
879 2194 1080 2258 innocentem
1109 2197 1141 2257 et
1169 2197 1205 2258 ut
1232 2193 1329 2259 sciret
1360 2193 1456 2266 torsit,

319 2306 351 2367 et
374 2302 450 2365 dum
473 2301 610 2365 nesciret
634 2299 759 2364 occidit.
784 2301 820 2363 In
844 2300 894 2364 bis
918 2299 1056 2365 tenebris
1080 2300 1165 2364 uitae
1190 2301 1318 2365 socialis
1342 2298 1457 2364 sedebit

319 2410 413 2474 iudex
436 2408 492 2472 ille
514 2407 639 2489 sapiens
663 2427 703 2470 an
727 2426 787 2471 non
813 2406 963 2471 audebit?
988 2405 1119 2472 Sedebit
1139 2408 1242 2489 plane.
1269 2405 1457 2488 Constringit

320 2517 403 2580 enim
440 2533 513 2579 eum
551 2516 583 2578 et
618 2513 659 2577 sd
695 2512 755 2578 hoc
788 2513 930 2598 officium
962 2513 1115 2596 pertrahit
1146 2513 1283 2577 humans
1320 2512 1457 2584 societas,

321 2643 416 2706 quam
445 2621 588 2684 deserere
615 2620 702 2684 nefas
732 2619 828 2684 ducit.
856 2620 927 2682 Hoc
955 2619 1035 2683 enim
1065 2619 1154 2682 nefus
1182 2637 1252 2682 esse
1282 2638 1343 2684 non
1367 2617 1456 2692 ducit,
1471 2643 1492 2682 u

322 2728 405 2812 qued
432 2732 532 2792 testes
553 2722 738 2791 innocentes
761 2727 793 2790 in
819 2727 924 2790 causis
948 2729 1136 2808 torquentur
1159 2726 1285 2801 alienis;
1316 2723 1397 2808 quod
1418 2723 1456 2798 hi,

322 2836 376 2917 qui
404 2837 590 2918 arguuntur,
618 2833 653 2897 ui
680 2832 798 2898 doloris
826 2834 1013 2916 plerumque
1042 2835 1182 2915 superati
1212 2832 1306 2897 etde
1331 2830 1456 2896 sefalsa

323 2939 459 3006 confessi
492 2939 587 3003 etism
620 2937 795 3020 puniuntur
821 2938 1015 3015 innocentes,
1050 2956 1122 3002 cum
1150 2939 1214 3002 ism
1243 2938 1320 3002 torti
1352 2936 1457 3002 suerint

322 3047 519 3118 innocentem
549 3044 642 3127 quod,
673 3044 733 3107 etsi
761 3063 821 3110 non
849 3047 951 3109 morte
978 3045 1160 3128 puniantur,
1188 3045 1220 3108 in
1248 3045 1327 3126 ipsis
1356 3043 1406 3108 uel
1425 3059 1456 3105 er

322 3152 402 3238 ipsis
425 3151 600 3237 temnentis
613 3151 800 3234 plerumque
825 3151 1016 3227 moriunturr
1041 3151 1125 3234 quod
1149 3151 1318 3232 aliquando
1343 3154 1374 3218 et
1393 3149 1456 3232 ipsi,
1471 3173 1491 3212 ss

325 3258 380 3341 qui
403 3263 550 3342 arguunt,
578 3257 733 3321 humanae
758 3258 905 3323 societati
932 3259 1078 3336 fortasse,
1107 3277 1146 3322 ne
1170 3259 1304 3322 crimine
1326 3256 1456 3340 inpunita

325 3366 400 3442 sint,
423 3365 573 3447 prodesse
602 3363 765 3445 cupientes
790 3368 822 3428 et
846 3365 1073 3430 mentientibus
1097 3365 1236 3430 testibus
1260 3383 1376 3446 reoque
1397 3363 1455 3446 ipsc

326 3475 434 3537 contra
460 3474 619 3536 tormenta
646 3469 776 3535 durante
805 3471 972 3535 inmaniter
998 3491 1056 3536 nec
1084 3473 1202 3536 fatente
1230 3471 1363 3552 probare
1385 3465 1456 3550 qood

327 3579 470 3644 obiciunt
506 3597 567 3642 non
603 3579 757 3654 ualentes,
796 3579 942 3659 quamuis
980 3597 1054 3642 uera
1091 3577 1274 3654 obiecerint,
1313 3595 1331 3641 a
1366 3574 1455 3640 iudice

326 3685 487 3750 nesciente
511 3684 706 3749 damnantur.
729 3683 817 3748 Haec
840 3688 889 3748 tot
913 3688 945 3748 et
961 3687 1050 3748 tanta
1068 3685 1152 3749 mala
1169 3703 1229 3749 non
1250 3682 1382 3766 deputat
1399 3695 1490 3744 esseae

364 3891 609 3959 dmswdmae
680 3890 858 3959 dmwmp
932 3890 1181 3960 mmmmemq
1255 3890 1456 3954 llmfflmw

330 3981 363 4035 12
382 3979 515 4048 delegerit
533 3980 664 4047 1119111,·
682 3978 810 4046 diligeret
829 3995 861 4044 u;
880 3979 994 4048 elegerit
1012 3997 1025 4048 ρ
1044 3979 1142 4034 Domb.
1254 3983 1287 4044 13
1306 3979 1455 4036 commisisse

330 4062 431 4158 dicitur
438 4113 461 4164 p
518 4095 550 4148 18
570 4093 681 4148 audebit
698 4111 775 4162 mss;
793 4093 929 4150 sedebito
1001 4096 1200 4165 constringetq
1252 4099 1286 4152 19
1304 4094 1433 4168 pertrahet
1441 4105 1455 4159 q

330 4187 363 4239 22
383 4200 515 4238 secane
581 4185 615 4237 23
635 4183 942 4242 curn...innoosntes.
961 4183 1148 4252 tonsurus
1191 4185 1226 4238 24
1246 4185 1303 4240 sie
1362 4185 1455 4238 ustor·
1557 4233 1558 4238 ,

329 4301 428 4354 mentis
445 4298 477 4352 in
495 4316 615 4369 ermpq
668 4300 703 4352 29
722 4298 839 4369 uerbaq
894 4265 1082 4370 30⁰⁰scisnte9
1154 4301 1193 4368 et]
1214 4316 1279 4356 ace
1338 4299 1455 4372 putsutp
