3192 4959
272 415 313 477 56
619 412 644 465 S
673 411 830 465 Aurelss
857 412 1075 481 Augustini

270 607 381 671 fideret
416 606 519 671 bonus
557 608 663 683 homo,
704 607 826 671 malum
864 606 1013 691 angelum
1051 606 1207 682 uinceret;
1246 607 1274 671 si
1311 610 1417 671 autem

271 718 443 779 creatorem
472 713 573 797 adque
602 713 780 777 adiutorem
808 713 913 776 Deum
940 713 1076 795 superbe
1104 713 1165 777 sibi
1189 714 1341 795 placendo
1367 713 1419 778 de-

212 834 218 845 ·
271 824 399 900 sereret,
423 821 616 895 uinceretur3
641 820 789 883 meritum
814 820 932 883 bonum
951 820 1070 885 habeus
1088 818 1120 883 in
1139 820 1249 884 adiuta
1263 819 1419 886 diuinitus

271 927 435 992 uoluntate
465 931 561 1005 recto,
595 926 715 991 malum
749 946 824 991 uero
857 928 889 990 in
922 927 1085 991 deserente
1117 927 1221 991 Deum
1253 928 1419 993 uoluntate

271 1052 430 1117 peruersa.
459 1031 542 1113 Quia
570 1036 602 1097 et
629 1034 736 1116 ipsum
758 1033 856 1097 fidere
880 1033 917 1097 de
941 1033 1097 1098 adiutorio
1121 1034 1181 1098 Dei
1205 1054 1265 1098 non
1289 1034 1417 1115 quidem
1450 1058 1468 1098 s

269 1144 381 1222 posset
414 1141 481 1204 siue
514 1140 670 1204 adiutorio
704 1140 773 1214 Dei,
807 1159 864 1204 neo
896 1142 1002 1205 tamen
1034 1140 1104 1205 ideo
1137 1140 1176 1204 ab
1209 1141 1259 1205 his
1292 1141 1418 1206 diuinae

271 1247 391 1329 gratiae
418 1246 579 1311 benefieiis
608 1246 669 1311 sibi
697 1246 849 1328 placendo
877 1246 1024 1311 recedere
1051 1266 1112 1311 nen
1141 1247 1277 1311 habebat
1304 1248 1335 1311 in
1363 1267 1419 1328 po-

270 1354 397 1419 testate.
427 1352 508 1416 Nam
538 1353 623 1417 siout
648 1353 680 1415 iu
705 1354 763 1416 hao
791 1372 884 1417 earne
911 1353 1021 1418 uiuere
1050 1353 1118 1417 sine
1146 1352 1339 1417 adiumentis
1362 1356 1419 1418 ali-

271 1461 450 1523 mentorum
480 1459 512 1521 iu
541 1462 699 1541 potestate
728 1479 790 1524 non
820 1463 879 1535 est,
908 1480 969 1524 non
998 1464 1105 1524 autem
1133 1461 1165 1525 in
1194 1480 1231 1525 ea
1253 1461 1362 1524 uiuere
1385 1461 1415 1524 in

269 1568 430 1649 potestate
464 1569 523 1642 est,
557 1566 641 1648 quod
674 1567 796 1630 faciunt
827 1567 882 1648 qni
910 1586 944 1631 se
976 1568 1064 1649 ipsos
1097 1571 1222 1631 necant:
1260 1568 1307 1630 ita
1337 1568 1417 1632 bene
1436 1590 1465 1629 ιο

270 1672 380 1735 uiuere
405 1672 472 1737 aine
497 1672 653 1737 adiutorio
677 1673 738 1737 Dei
760 1674 857 1738 etiam
880 1674 912 1738 in
936 1674 1082 1755 paradiso
1106 1694 1167 1739 non
1192 1678 1259 1739 erat
1280 1674 1312 1737 in
1330 1678 1418 1757 pote·

271 1781 368 1854 state;
402 1782 469 1843 erat
497 1782 603 1843 autern
632 1780 662 1843 in
691 1784 850 1861 potestate
877 1782 961 1845 male
988 1781 1107 1859 uiuere,
1136 1781 1193 1846 sed
1219 1781 1417 1846 beatitudine

270 1903 331 1949 non
363 1904 569 1967 permansura
601 1890 633 1949 et
664 1905 764 1969 poena
797 1888 978 1952 iustissima
1008 1892 1167 1953 secutura.
1206 1887 1287 1954 Cum
1319 1887 1419 1969 igitur

271 1990 367 2055 huius
391 1991 490 2055 futuri
515 2010 607 2057 casus
632 1992 761 2057 humani
784 1993 873 2057 Deus
895 2012 958 2057 non
982 1998 1068 2057 esset
1085 1994 1223 2077 ignarus,
1243 2013 1327 2075 quur
1344 2014 1417 2058 eum

270 2118 330 2162 non
369 2098 486 2162 sineret
521 2100 621 2163 inuidi
659 2101 763 2184 angeli
801 2101 998 2185 malignitate
1034 2100 1170 2165 tentari?
1204 2100 1290 2164 nullo
1323 2101 1417 2167 modo
1437 2120 1464 2160 is

270 2204 398 2286 quidem
427 2204 509 2287 quod
538 2208 719 2271 uinceretur·
740 2208 891 2284 incertae,
920 2208 976 2271 sed
1000 2206 1099 2271 nihilo
1124 2206 1229 2272 minus
1254 2208 1417 2289 praescius

272 2310 354 2393 quod
388 2311 426 2375 ab
460 2312 528 2376 eius
560 2313 679 2377 semine
711 2312 822 2377 adiuto
851 2333 910 2378 sua
937 2314 1040 2396 gratia
1066 2313 1149 2378 idem
1177 2314 1247 2394 ipse
1271 2314 1417 2379 diabolus

269 2416 374 2481 fuerat
396 2422 577 2483 sanctorum
603 2420 702 2503 gloria
725 2420 843 2484 maiore
867 2420 1053 2485 uincendus,
1081 2421 1131 2485 Ita
1153 2421 1272 2485 fantum
1298 2425 1356 2498 est,
1381 2424 1419 2485 ut

270 2541 327 2587 neo
356 2524 459 2588 Deum
487 2526 607 2607 aliquid
634 2526 815 2591 futurorum
842 2528 966 2603 lateret,
994 2548 1051 2591 nee
1079 2528 1284 2610 praeseiendo
1309 2548 1417 2610 quem·

271 2648 365 2710 quam
398 2650 528 2713 peecare
557 2633 749 2715 conpelleret
777 2638 818 2705 et,
852 2634 928 2716 quid
956 2635 1125 2698 interesset
1151 2635 1233 2699 iuter
1258 2633 1417 2717 propriam
1436 2654 1465 2694 ao

272 2737 427 2819 ouiusque
450 2740 717 2821 praesumtionem
742 2744 774 2805 et
798 2760 887 2806 snam
911 2742 1092 2818 tuitionem,
1120 2742 1281 2825 angelicae
1306 2744 1337 2804 et
1361 2740 1417 2805 hu-

270 2862 381 2908 manae
399 2846 544 2910 rationali
563 2851 722 2911 creaturae
742 2849 948 2932 consequenti
968 2849 1160 2930 experientia
1178 2848 1416 2913 demonstraret.

271 2947 350 3028 Quis
375 2952 458 3015 enim
483 2951 598 3015 audeat
622 2954 747 3019 credere
772 2958 829 3018 aut
851 2955 966 3031 dicere,
989 2960 1026 3019 ut
1044 2974 1144 3037 neque
1163 2956 1296 3040 angelus
1315 2975 1417 3038 neque

270 3056 364 3119 homo
394 3058 530 3136 caderet,
558 3060 589 3123 in
620 3060 677 3123 Dei
706 3064 864 3143 potestate
893 3082 954 3125 non
983 3062 1104 3126 fuisse?
1134 3060 1197 3127 Sed
1224 3063 1284 3125 hoo
1308 3081 1417 3125 eorum

270 3164 421 3245 potestati
441 3164 555 3229 maluit
572 3184 633 3229 non
653 3166 772 3231 arrferie
792 3166 894 3249 adque
913 3169 968 3245 ita,
989 3171 1021 3232 et
1039 3170 1193 3250 quantum
1212 3168 1415 3231 malleorum
1436 3186 1465 3225 as

272 3270 420 3349 superbia
440 3273 472 3335 et
495 3275 648 3353 quantum
671 3273 746 3337 boni
770 3293 829 3338 sua
852 3275 954 3357 gratia
977 3273 1107 3348 ualeret,
1132 3274 1304 3339 ostendere.

691 3464 830 3531 CAPUT
848 3466 995 3532 XXVIII.

271 3604 324 3667 De
363 3604 567 3685 qualitate
602 3606 767 3669 duarum
801 3609 1032 3684 ciuitatum,
1071 3612 1256 3672 terrenae
1288 3608 1418 3690 adque

740 3714 947 3778 caelestis.

316 3850 472 3917 Fecerunt
501 3851 610 3934 itaque
639 3854 786 3919 ciuitates
816 3856 894 3919 duas
922 3875 1043 3920 amores
1072 3856 1145 3933 duo,
1174 3859 1329 3921 terrenam
1358 3856 1417 3921 soi·
1437 3880 1467 3921 ao

269 3956 346 4021 lieet
369 3977 457 4021 amor
480 3960 531 4023 sui
553 3980 654 4041 usque
679 3960 718 4024 ad
738 3964 934 4025 eorrtemtnm
955 3963 1023 4039 Dei,
1044 3965 1213 4027 caelestem
1233 3980 1310 4027 uero
1330 3982 1419 4027 amor

307 4148 495 4203 tmmw
587 4149 714 4205 dfflw
804 4153 971 4221 tmfflv
1060 4150 1419 4216 mmmmwmst

271 4237 1422 4311 immmmVHmmmeffimmmfflmmmw

270 4326 764 4381 mmmszan
