3192 4959
287 471 351 534 100
581 471 585 476 “
631 469 659 522 S.
685 466 842 521 Aurelii
869 465 1086 536 Augustini

286 661 433 728 Christus
467 663 518 725 est
547 660 798 736 fundamentum,
828 678 908 741 quas
940 658 1084 723 differtur
1114 658 1146 723 in
1174 660 1279 737 finem,
1308 658 1433 743 quando

286 769 346 833 erit
365 769 506 832 omnium
524 767 712 832 resurreetio
731 785 793 832 nou
812 766 1038 831 moriturorum
1057 767 1205 849 amplius.
1230 765 1305 832 Siue
1324 768 1433 830 autem

287 875 400 941 domus
427 874 487 940 Dei
520 875 644 939 dicatur
675 875 745 939 siue
777 873 934 957 templum
962 874 1022 940 Dei
1054 874 1124 939 siue
1158 872 1272 939 ciuitas
1300 873 1371 950 Dei,
1400 873 1434 937 id

286 984 392 1067 ipsum
422 985 471 1048 est
498 1001 555 1046 nec
583 981 731 1046 abhorret
758 979 904 1046 aLatini
931 980 1051 1063 eloquii
1073 980 1313 1047 consuetudine.
1350 978 1435 1045 Nam

288 1092 321 1154 et
342 1089 504 1172 Vergilius
532 1087 828 1170 imperiosissimam
857 1086 1021 1151 ciuitatem
1050 1086 1180 1152 domurn
1208 1087 1349 1170 appellat
1374 1087 1435 1151 As·
1463 1110 1479 1150 e

287 1195 397 1272 saraci,
416 1195 576 1260 Romanos
599 1194 711 1258 uolens
729 1193 885 1278 intellegi,
905 1193 960 1274 qui
978 1193 1017 1257 de
1035 1193 1191 1258 Assaraco
1209 1212 1265 1276 per
1282 1192 1435 1257 Troianos

288 1302 441 1387 originem
471 1301 606 1376 ducunt3
640 1303 672 1365 et
699 1298 830 1363 domum
856 1299 981 1363 Aeneae
1009 1298 1137 1363 eosdem
1164 1299 1262 1380 ipsos,
1291 1299 1367 1381 quia
1397 1316 1435 1363 eo

287 1410 367 1474 duee
391 1407 519 1472 Troiani*
539 1426 613 1472 cum
634 1406 761 1472 Italiam
783 1405 949 1471 uenissent
971 1405 1010 1470 ab
1035 1406 1081 1472 eis
1105 1406 1233 1472 condita
1255 1409 1305 1470 est
1322 1405 1436 1470 Roma.

287 1515 436 1582 Imitatus
469 1532 605 1597 namque
638 1516 687 1578 est
718 1516 814 1596 poeta
844 1513 898 1578 ille
934 1513 1059 1578 litteras
1098 1531 1215 1591 sacras,
1247 1514 1279 1578 iu
1316 1513 1435 1595 quibus

287 1622 405 1686 dieitur
428 1621 541 1685 domus
565 1620 659 1686 Iacob
683 1621 745 1684 iam
770 1619 884 1703 ingens
907 1620 1047 1704 populus
1070 1620 1297 1685 Hebraeorum.
1454 1645 1480 1686 ro

747 1811 885 1878 CAPUT
908 1811 978 1878 XX.

290 1957 342 2020 Ile
371 1974 420 2034 eo,
445 1953 543 2037 quod
567 1951 656 2019 Cain
685 1954 883 2019 successio
910 1954 946 2018 iu
974 1957 1056 2020 octo
1082 1953 1124 2018 ab
1148 1953 1263 2018 Adam
1287 1973 1436 2038 genera-

288 2064 412 2127 tiones
436 2061 640 2139 clauditur,
664 2065 701 2125 ct
723 2061 761 2125 in
782 2061 951 2144 posteris
975 2062 1018 2125 ab
1043 2061 1169 2126 eodem
1194 2064 1301 2143 patre
1319 2061 1437 2124 Adam

614 2166 691 2232 Noe
716 2167 885 2232 decimus
907 2168 1113 2233 inuenitur.

334 2310 427 2374 Dicet
458 2307 590 2391 aliquis:
628 2307 672 2374 ‘Si
700 2308 760 2372 hoo
788 2307 971 2372 intendebat
998 2307 1134 2390 scriptor
1159 2308 1255 2374 huius
1285 2309 1438 2375 historiae
1457 2328 1483 2368 n

289 2417 323 2481 in
350 2415 633 2484 commemorandis
663 2415 919 2500 generationibus
952 2434 989 2479 ex
1017 2414 1118 2480 Adam
1149 2435 1204 2499 per
1231 2416 1333 2480 filium
1366 2416 1437 2480 eius
1576 2490 1577 2501 2

291 2522 379 2600 Seth,
407 2525 444 2587 ut
475 2541 531 2604 per
562 2523 636 2586 illas
667 2521 848 2603 perueniret
874 2521 913 2585 ad
940 2521 1020 2601 Nos,
1049 2521 1109 2586 sub
1142 2541 1204 2604 quo
1238 2522 1359 2587 factum
1387 2526 1440 2586 est
1576 2510 1577 2549 ³

291 2629 459 2706 diluuium,
489 2647 507 2692 a
539 2647 600 2711 quo
635 2645 746 2691 rursus
779 2629 997 2692 contereretur
1028 2627 1103 2692 ordo
1135 2627 1345 2706 nascentium,
1374 2646 1438 2711 quo

290 2736 469 2820 perueniret
497 2734 536 2799 ad
559 2734 729 2811 Abrabam,
753 2753 771 2796 a
799 2753 862 2817 quo
884 2733 1068 2798 Matthaeus
1097 2734 1298 2818 euangelista
1323 2733 1440 2816 incipit

291 2842 519 2928 generationes,
550 2839 666 2922 quibus
700 2839 739 2904 ad
767 2839 931 2906 Christum
963 2840 1108 2922 peruenit
1139 2844 1302 2906 aeternum
1328 2861 1439 2925 regem
1456 2862 1484 2901 so

291 2948 433 3014 ciuitatis
461 2946 535 3011 Dei:
571 2946 647 3028 quid
673 2945 860 3010 intendebat
886 2947 919 3009 in
947 2947 1203 3030 generationibus
1231 2966 1266 3012 er
1295 2947 1372 3014 Cain
1406 2951 1441 3012 et
1575 2948 1576 2981 r

291 3073 352 3139 quo
375 3072 428 3118 eas
446 3052 616 3135 perducere
634 3052 796 3116 uolebatl‘
818 3053 1054 3134 Respondetur:
1079 3053 1189 3136 Usque
1209 3053 1248 3118 ad
1267 3053 1439 3127 diluuium,

291 3179 353 3243 quo
381 3162 485 3223 totum
513 3158 595 3222 illud
622 3176 722 3242 genus
750 3161 891 3222 terrenae
920 3159 1062 3224 ciuitatis
1090 3160 1275 3225 absumtum
1297 3163 1357 3236 est,
1382 3161 1439 3226 sed

290 3269 471 3349 reparatum
495 3267 544 3329 est
568 3283 604 3327 er
626 3263 701 3327 filiis
724 3263 804 3330 Noe.
842 3263 954 3347 Neque
982 3265 1065 3330 onim
1089 3265 1199 3332 deesse
1221 3268 1338 3349 poterit
1360 3269 1439 3332 haec

290 3376 415 3436 terrena
455 3369 570 3436 ciuitas
611 3370 811 3451 societasque
852 3371 1019 3435 homiuum
1060 3372 1234 3437 secundum
1277 3373 1441 3439 hominem
1458 3387 1488 3430 ἥ

291 3477 470 3543 uiuentium
502 3495 604 3558 usque
638 3476 677 3540 ad
708 3476 805 3541 huius
838 3478 958 3542 saeculi
989 3477 1095 3554 finem,
1125 3479 1163 3543 de
1191 3498 1254 3562 quo
1282 3479 1441 3546 Dominus

293 3585 352 3650 ait:
385 3583 477 3648 Filii
506 3582 653 3648 saeculi
678 3583 791 3647 huius
816 3587 998 3668 generant
1020 3587 1058 3648 et
1081 3587 1319 3668 generantur.
1353 3585 1441 3653 Ciui-

291 3693 389 3755 tatem
414 3708 489 3753 uero
508 3688 568 3752 Dei
591 3687 845 3772 peregrinantem
868 3689 900 3753 in
923 3689 984 3754 hoc
1007 3692 1133 3756 saeculo
1157 3693 1352 3776 regeneratio
1372 3713 1440 3776 per-

292 3796 382 3860 ducit
404 3795 442 3860 ad
467 3795 603 3860 alterurn
627 3795 801 3872 saeculum,
821 3799 913 3859 euius
935 3794 994 3858 filii
1016 3814 1074 3859 nec
1097 3799 1248 3880 generant
1269 3816 1328 3862 nec
1347 3817 1440 3882 gens·

382 4061 398 4113 5
417 4059 484 4112 sen.
503 4057 525 4120 I,
545 4057 611 4121 284;
631 4057 681 4121 III,
701 4059 734 4111 97
790 4057 824 4111 27
842 4057 889 4111 Lc.
910 4057 953 4120 20,
971 4058 1008 4112 34

330 4183 444 4252 lquie
524 4182 757 4236 9sscraslitt.o
845 4182 951 4237 ldianr
974 4182 1441 4253 Vabcpof;nampr,·tamo

296 4273 327 4326 12
348 4271 381 4325 ab
399 4269 496 4341 Adam]
516 4269 680 4339 abrahamp
771 4272 805 4325 15
824 4271 893 4325 dicit
911 4288 930 4325 α
1006 4275 1133 4341 auctorp
1223 4272 1256 4325 21
1275 4270 1442 4325 tendebatc

294 4361 327 4415 23
347 4359 518 4429 adsumptum
538 4374 552 4413 e
588 4359 640 4413 ‘24
660 4363 806 4414 catomo
859 4360 1115 4415 studuissem
