3192 4959
335 447 387 501 De
416 446 590 501 ciuitate
619 446 681 501 dei
709 446 774 503 lib.
801 446 900 501 XVIII.
931 464 1005 517 cap.
1034 448 1112 505 3-5.
1231 451 1296 514 273

145 642 306 706 sterilium
338 642 432 707 Iacob
465 642 496 705 in
529 642 710 725 Aegyptum
747 660 820 706 curn
854 642 920 706 suis
954 642 1101 707 ominibus
1136 644 1225 707 uenit
1258 644 1297 707 ad

146 748 260 824 lilium,
294 768 389 833 agens
422 767 520 812 anuos
558 754 685 812 centum
718 750 750 812 et
786 748 927 832 triginta,
967 748 1052 813 siout
1088 748 1297 834 interroganti

145 856 215 939 regi
237 854 308 937 ipse
330 852 504 935 respondit,
529 872 601 917 cum
624 854 740 936 Ioseph
764 856 872 937 ageret
895 854 1026 937 frigiata
1051 859 1083 919 et
1106 874 1231 933 nouem,
1257 856 1296 920 ad

144 960 280 1044 triginta
308 958 440 1035 scilieet,
473 977 552 1041 quos
581 958 705 1042 agebat
734 959 858 1041 quando
887 979 905 1023 a
931 980 1005 1043 roge
1034 960 1206 1025 honoratus
1237 964 1297 1041 est,

119 1067 266 1132 sedditis
290 1068 412 1149 septem
435 1064 590 1129 ubertatis
614 1069 646 1129 et
671 1066 794 1129 dnobus
818 1065 923 1131 famIs.

622 1257 759 1323 CAPUT
783 1258 822 1324 V.

145 1402 199 1466 De
242 1401 312 1483 Api
353 1420 441 1486 rege
481 1401 721 1483 Argiuorum,
764 1420 870 1483 quem
907 1400 1086 1485 Aegyptii
1126 1402 1297 1486 Serapim

328 1509 559 1572 nominatum
585 1506 714 1570 diuino
738 1506 879 1571 bonore
903 1509 1114 1574 coluerunt.

190 1648 253 1712 His
284 1648 481 1730 temporibus
513 1668 566 1712 rer
597 1649 791 1731 Argiuorum
823 1649 901 1730 Apis
929 1649 1065 1713 nauibus
1094 1654 1296 1715 transuectus

108 1777 131 1815 ro
147 1757 179 1819 in
211 1756 404 1838 Aegyptum,
438 1774 510 1818 cum
541 1754 586 1818 ibi
618 1758 764 1819 mortuus
796 1754 922 1831 fuisset,
956 1756 1060 1820 factus
1093 1758 1144 1821 est
1172 1756 1298 1840 Serapis

147 1862 291 1926 omnium
321 1861 477 1924 maximus
507 1861 735 1946 Aegyptiorum
767 1862 855 1925 deus.
883 1860 1029 1926 Nominis
1057 1867 1162 1927 autem
1191 1863 1298 1942 huius,

147 1988 230 2050 quur
261 1987 322 2033 nou
353 1967 433 2051 Apio
465 1968 561 2032 etiam
593 1970 668 2049 post
699 1971 844 2039 mortem.
879 1968 935 2032 sed
964 1968 1089 2052 Serapis
1121 1970 1298 2053 appellatus

147 2076 200 2150 sit,
232 2075 420 2139 facillimam
449 2076 603 2139 rationem
631 2074 729 2138 Varro
756 2074 903 2140 reddidit.
933 2075 1014 2155 Quia
1041 2076 1124 2141 enim
1154 2097 1235 2155 area,
1266 2078 1297 2142 in

147 2202 210 2265 qua
239 2186 384 2246 mortuus
411 2181 548 2262 ponitur,
578 2180 663 2264 quod
691 2200 800 2245 omnes
823 2181 885 2245 iam
916 2183 1147 2267 sarcophagum
1171 2188 1297 2260 uocant,

107 2307 131 2346 1
147 2290 241 2371 σορὸς
265 2286 382 2350 dialtur
406 2285 536 2363 Graece,
561 2291 594 2351 et
616 2286 660 2350 ibi
685 2306 758 2351 eum
776 2288 918 2351 uenerari
938 2290 1100 2370 sepultum
1120 2296 1298 2373 coeperant,

145 2394 334 2476 prinsquam
365 2394 523 2475 templum
556 2394 624 2458 eius
659 2396 744 2458 esset
776 2398 988 2460 exstructum:
1023 2396 1114 2459 uelut
1146 2416 1234 2461 soros
1268 2400 1300 2461 et

145 2500 225 2581 Apis
250 2498 377 2581 Sorapis
400 2499 512 2582 primo,
538 2500 649 2563 deinde
673 2520 736 2563 una
758 2499 875 2579 littera,
904 2500 1031 2566 utheri
1055 2502 1189 2579 adsolet,
1214 2521 1298 2567 oom-

145 2610 272 2671 mutata
300 2606 427 2691 Serapis
455 2606 558 2671 dictus
583 2612 642 2673 est.
669 2606 711 2670 Et
736 2608 946 2671 constitutum
972 2610 1021 2671 est
1049 2608 1144 2671 etiam
1169 2607 1207 2673 de
1230 2609 1297 2686 illo,

146 2716 193 2792 ut,
217 2714 364 2796 quisquis
389 2732 460 2777 eum
484 2713 644 2777 hominem
664 2712 766 2778 fuisse
789 2713 932 2792 dixisset,
958 2714 1124 2795 capitalem
1149 2714 1300 2797 penderet

104 2841 129 2879 ao
145 2838 294 2901 poenam,
316 2820 359 2883 111
381 2820 530 2902 quoniam
554 2819 618 2883 fere
640 2818 672 2882 iu
698 2818 844 2884 omnibus
869 2820 1008 2901 templis,
1033 2820 1088 2884 ubi
1113 2820 1299 2885 colebantur

145 2927 208 2991 Isis
241 2929 275 2989 et
306 2925 442 3008 Serapis,
476 2929 542 2990 erat
575 2926 668 2990 etiam
703 2925 920 3007 simulacrum,
954 2926 1038 3009 quod
1071 2926 1171 3010 digito
1204 2926 1298 2991 labiis

144 3034 291 3116 inpresso
320 3032 487 3097 admonere
514 3032 685 3110 uideretur,
719 3036 757 3097 nt
784 3033 950 3097 silentium
977 3032 1079 3097 fieret:
1113 3034 1174 3097 hoc
1203 3034 1298 3117 signi-

146 3140 240 3203 ficare
268 3139 352 3203 idom
376 3139 473 3203 Varro
502 3138 671 3215 existimat,
699 3142 737 3203 ut
759 3138 903 3203 homiues
932 3158 986 3204 eos
1010 3138 1110 3204 fuisso
1132 3143 1298 3205 taceretur.

145 3247 206 3310 Ille
233 3248 342 3311 autem
369 3246 438 3324 bos,
467 3265 561 3328 quem
584 3245 722 3310 mirabili
750 3246 892 3310 uanitate
921 3246 1053 3327 decepta
1075 3247 1240 3331 Aegyptus
1265 3248 1296 3311 in

103 3376 129 3417 11
147 3354 217 3417 eius
250 3353 400 3419 bonorem
428 3353 551 3417 deliciis
580 3352 771 3417 adluentibus
803 3353 916 3432 alebat,
950 3353 1098 3435 quoniam
1128 3372 1200 3417 eum
1230 3354 1299 3417 sine

149 3461 344 3543 sarcophago
368 3461 481 3524 uiuum
504 3460 746 3537 uenerabantnr,
769 3460 859 3543 Apis,
884 3479 945 3525 non
970 3459 1097 3543 Serapis
1117 3461 1298 3525 uocabatur.

149 3564 218 3644 Quo
241 3567 325 3631 boue
344 3568 470 3629 mortuo
495 3565 641 3646 qnoniam
662 3565 873 3647 quaerebatur
892 3569 924 3630 et
942 3565 1157 3649 reperiebatur
1175 3566 1298 3629 uitulus

149 3673 264 3739 coloris
298 3672 453 3748 eiusdem,
485 3672 544 3736 hoc
574 3673 623 3735 est
656 3671 737 3735 albis
765 3672 956 3754 quibusdam
986 3671 1121 3736 manullo
1151 3671 1299 3735 similiter

147 3779 331 3863 insignitus,
359 3779 475 3842 mirum
503 3778 652 3861 quiddam
683 3782 716 3843 et
739 3778 893 3843 diuinitus
917 3778 978 3842 sibi
1001 3780 1204 3859 procuratum
1228 3798 1298 3842 esse

238 3990 255 4042 3
275 3986 406 4055 (111147,
426 3989 443 4041 9

187 4158 202 4211 7
220 4156 360 4228 seraphim
378 4157 397 4223 f
488 4156 521 4209 13
539 4119 660 4218 facilldm
678 4171 693 4209 e
787 4156 821 4209 14
841 4154 1030 4223 sarchofagum
1047 4170 1079 4224 p;
1097 4150 1263 4225 σαρκοφάγον
1281 4168 1299 4205 o

152 4247 187 4300 19
204 4246 318 4301 dirimet
336 4244 455 4299 fuiseee
518 4246 550 4299 21
570 4243 652 4313 Iapiie
671 4244 696 4298 ⁶¹
760 4245 795 4298 23
814 4244 897 4313 idem]
918 4242 947 4296 id
966 4246 1041 4297 este
1099 4244 1134 4295 25
1154 4241 1300 4309 afluentp

152 4364 186 4416 26
204 4362 366 4431 sarchofago
383 4377 402 4431 9
454 4360 489 4415 28
509 4326 578 4422 albia
594 4377 613 4429 9

180 4488 258 4528 xxxx
270 4486 331 4537 nu..
346 4496 417 4535 open
430 4486 505 4527 11111
519 4484 540 4525 v
553 4496 582 4536 p·
619 4484 651 4526 11.
1227 4462 1261 4516 18
