3192 4959
346 449 397 504 De
425 451 599 504 ciuitate
628 451 690 504 dei
716 451 782 508 lib.
809 451 867 507 XV.
897 469 970 524 cap.
1001 454 1043 508 15.
1072 454 1115 510 16.
1253 457 1297 521 93

152 645 372 729 iungebantur.
410 644 462 721 Sic
500 648 533 710 et
562 645 631 710 Eua
667 663 745 710 uxor
776 646 846 710 eins
878 646 1006 730 utrique
1039 647 1128 712 sexui
1158 646 1297 711 filiomm

153 751 210 816 init
233 755 267 816 et
291 771 401 818 socrus
426 755 458 816 et
479 753 595 828 maten
620 771 700 835 quae
724 752 751 816 si
771 751 851 816 duae
870 752 1006 817 feminae
1023 753 1173 829 fuissent,
1196 757 1299 818 mater

153 860 249 923 altera
271 861 304 922 et
321 877 432 923 socrus
451 859 560 934 altera,
580 859 741 942 copiosius
762 877 796 923 se
815 859 944 924 socialis
964 860 1093 924 dilectio
1113 860 1296 944 conligeret.

151 965 222 1048 Ipsa
246 963 384 1047 denique
403 963 469 1028 iam
492 983 588 1040 soror,
614 964 699 1046 quod
722 963 819 1028 etiam
841 983 920 1029 uxor
940 964 1047 1042 fiebat,
1072 965 1149 1031 duas
1168 967 1299 1031 tenebat

126 1091 212 1136 runa
239 1071 506 1146 necessitudines;
536 1071 652 1153 quibus
675 1089 732 1153 per
755 1070 898 1154 singulas
923 1071 1114 1150 distributis
1138 1077 1176 1136 ut
1198 1073 1298 1138 altera

153 1181 237 1242 esset
255 1197 355 1254 soror,
375 1177 473 1241 altera
490 1195 579 1254 uxor,
598 1177 762 1241 homiuum
781 1195 911 1242 numero
931 1178 1060 1243 socialis
1078 1180 1298 1263 propinquitas

153 1288 331 1369 augeretur.
367 1283 428 1349 Sed
460 1285 521 1349 hoc
552 1283 635 1348 unde
666 1282 758 1348 fieret
787 1286 865 1348 tunc
896 1303 958 1349 non
982 1289 1059 1361 erat,
1088 1286 1211 1369 quando
1235 1287 1297 1351 nisi

152 1393 263 1456 trames
288 1394 321 1454 et
344 1409 468 1455 sorores
491 1390 615 1456 exiliis
645 1389 771 1455 duobus
794 1390 906 1472 primis
929 1390 1009 1455 nulli
1032 1391 1177 1458 homines
1201 1397 1298 1458 erant.

153 1499 235 1563 Fieri
273 1517 348 1582 ergo
387 1497 498 1562 debuit
536 1497 660 1580 quando
697 1497 814 1579 potuit,
851 1500 888 1562 ut
920 1498 1073 1563 existente
1105 1499 1196 1582 copia
1225 1499 1300 1564 inde

117 1623 137 1660 ιο
153 1606 343 1670 ducerentur
364 1623 489 1682 uxores,
513 1621 592 1686 quae
615 1623 676 1668 non
702 1607 791 1668 erant
813 1604 877 1668 iam
899 1623 1035 1683 sorores,
1059 1610 1091 1671 et
1113 1625 1174 1670 uon
1193 1607 1299 1672 solum

153 1712 232 1776 illud
265 1714 303 1776 ut
334 1711 423 1776 fieret
453 1711 542 1775 nulla
568 1711 743 1776 necessitas
772 1713 868 1787 esset,
895 1731 1007 1776 uerum
1035 1713 1132 1778 etiam
1161 1713 1189 1778 si
1211 1714 1302 1778 deret

153 1820 240 1884 nefas
270 1822 366 1884 esset.
394 1817 477 1882 Nam
501 1818 531 1882 si
552 1821 585 1881 et
607 1821 740 1899 nepotes
762 1817 936 1900 primorum
960 1819 1134 1898 hominum,
1158 1821 1213 1903 qui
1235 1821 1300 1884 iam

154 1925 357 1991 consobrinas
385 1928 531 2009 poterunt
559 1924 699 2006 accipere
723 1925 887 2007 coniuges,
915 1925 1077 1990 sororibus
1099 1927 1301 1994 matrimonio

153 2033 368 2118 iungerentur,
396 2051 457 2097 non
484 2031 548 2094 iam
577 2030 668 2107 duae,
699 2031 755 2095 sed
778 2035 842 2095 tres
866 2031 897 2095 in
923 2031 1050 2096 homine
1077 2020 1140 2098 uno
1163 2035 1301 2100 necessi-

116 2159 138 2198 n
154 2139 281 2204 tudines
314 2139 434 2214 fierent,
467 2155 548 2221 quae
580 2140 708 2220 propter
739 2137 903 2202 ceritatem
931 2140 1148 2204 numerosiore
1175 2141 1300 2224 propin-

156 2245 276 2326 quitate
290 2243 476 2309 nectendam
495 2243 695 2308 disseminari
713 2261 769 2327 per
788 2244 931 2328 singulos
951 2245 1096 2329 singulae
1114 2247 1300 2314 debuerunt.

155 2351 249 2416 Esset
281 2351 365 2416 enim
400 2369 481 2415 unus
513 2349 608 2415 homo
641 2349 717 2414 filiis
752 2351 831 2426 suis,
863 2349 953 2414 fratri
984 2351 1109 2416 scilicet
1140 2336 1303 2435 sororidue

157 2459 357 2543 coniugibus,
388 2461 421 2523 et
447 2461 536 2541 pater
565 2461 598 2520 et
621 2475 710 2522 socer
733 2460 765 2522 et
787 2458 980 2531 auunculum
1008 2457 1056 2523 ita
1078 2462 1111 2523 et
1132 2479 1210 2524 uxor
1232 2462 1303 2525 eius

156 2565 274 2630 eisdem
300 2565 521 2630 communibus
544 2563 619 2628 filiis
644 2567 676 2628 et
700 2567 801 2628 mater
823 2566 858 2627 et
880 2565 978 2629 amita
1001 2569 1033 2630 et
1052 2584 1177 2642 socms;
1201 2567 1301 2631 idem·

117 2689 142 2732 eo
159 2693 217 2756 que
252 2674 336 2738 inter
372 2691 423 2751 so¹
442 2672 501 2737 filii
537 2691 644 2738 eorum
681 2693 743 2739 non
777 2675 883 2739 solum
915 2675 1023 2738 essent
1053 2673 1167 2738 trabes
1200 2673 1303 2757 adque

159 2781 318 2864 coniuges,
343 2799 454 2844 uerum
474 2781 570 2844 etiam
589 2779 778 2856 consobrini,
800 2781 875 2863 quia
894 2784 926 2845 et
943 2781 1078 2844 fratrum
1096 2781 1164 2845 tilii.
1185 2779 1302 2846 Omnes

159 2889 261 2952 antem
294 2887 376 2950 istae
408 2885 670 2964 necessitudines,
705 2906 786 2969 quoe
819 2887 875 2951 uni
906 2887 1028 2952 homini
1059 2891 1125 2952 tres
1157 2887 1303 2952 homines

160 2993 374 3072 conectebant,
392 3012 508 3058 nouem
528 2995 738 3070 conecterent,
763 2994 790 3058 si
817 2997 925 3059 essent
941 2994 973 3058 in
993 2994 1128 3077 singulis
1147 2993 1303 3078 singulae,

161 3104 194 3165 ut
228 3119 313 3165 unus
350 3100 444 3164 homo
482 3100 612 3164 haberet
648 3101 780 3164 alteram
814 3118 964 3175 sororem,
1002 3100 1132 3166 alteram
1163 3119 1303 3179 uxorem,

122 3221 146 3258 ’ὁ
161 3206 288 3271 altorem
326 3206 557 3284 consobrinam,
595 3207 730 3271 alterum
763 3210 896 3290 patrem,
930 3206 1064 3272 altemm
1098 3207 1304 3284 auunculum,

162 3313 291 3379 aiterum
322 3331 477 3392 socerum,
505 3313 638 3378 aiteram
666 3315 811 3390 matrem,
840 3313 971 3377 alteram
1000 3312 1141 3388 amitam,
1171 3313 1302 3378 alteram

163 3437 298 3494 socrum;
329 3418 431 3502 adque
458 3419 504 3484 ite
531 3439 565 3484 sc
588 3438 649 3484 non
675 3420 706 3484 in
730 3419 892 3503 paucitate
916 3422 1104 3515 coartatum,
1128 3419 1184 3484 sed
1206 3420 1304 3485 letius

163 3526 258 3608 adque
287 3525 489 3590 numerosius
517 3526 810 3609 propinquitatibus
838 3525 956 3590 crebris
989 3525 1154 3590 uinculum
1186 3527 1305 3592 sociale

164 3632 357 3698 diffunderet.

125 3749 150 3792 ⁸·
204 3737 296 3818 Quod
322 3739 460 3804 hnmano
489 3757 604 3822 genere
629 3742 790 3803 crescente
813 3741 847 3804 et
867 3739 1081 3822 multiplicato
1105 3739 1199 3804 etiam
1223 3740 1308 3804 iuter

162 3845 260 3928 inpios
289 3845 420 3910 deorum
447 3847 623 3910 multorum
650 3846 867 3930 falsorumque
895 3847 1032 3912 cultores
1066 3847 1112 3911 sic
1145 3848 1306 3912 obsemari

196 4091 298 4159 tquae
318 4087 349 4142 b²
437 4087 553 4143 duosV
633 4089 664 4143 11
685 4089 793 4143 istudc
880 4089 914 4143 12
934 4093 1007 4143 esset
1023 4106 1118 4160 perum
1138 4093 1166 4154 et
1183 4089 1253 4143 Nam
1273 4105 1307 4144 ee

166 4178 383 4232 concedentibus
400 4179 504 4246 repetit.
527 4177 555 4232 V
624 4177 647 4231 si
667 4195 697 4232 ex
716 4177 863 4248 nepotibus
882 4195 901 4232 c
956 4178 990 4232 18
1009 4178 1158 4231 abuncuius
1181 4177 1249 4231 Vct
1266 4179 1306 4240 sic
1399 4236 1402 4241 ,

167 4261 183 4318 i.
200 4267 237 4320 25
308 4283 404 4321 uxores
423 4265 574 4321 eisdemV
627 4268 659 4321 19
679 4267 869 4336 eisdemquee
939 4265 1111 4337 iidemqueo
1173 4267 1206 4321 21
1227 4267 1307 4337 quie

166 4352 197 4406 27
214 4353 381 4410 cohartatum
406 4355 442 4421 V,·
461 4359 627 4411 coarctatum
644 4373 660 4410 v
