3192 4959
356 463 406 518 De
435 463 611 518 ciuitate
640 461 699 517 dei
728 463 794 518 lib.
822 462 894 519 XVI.
922 479 999 532 cap.
1028 465 1070 517 15.
1222 466 1284 529 155

137 660 245 746 procul
274 657 372 723 dubio
402 659 500 742 patris
529 657 608 735 eius,
637 658 692 741 qui
720 677 793 724 eum
822 657 1078 743 septuagensimo
1113 677 1170 724 suo
1204 677 1283 723 anno

138 769 300 851 genuerat,
334 765 550 830 centensimus
584 765 865 849 quadragessimus
899 765 1029 846 quintus
1060 763 1162 829 fuisse
1198 764 1286 830 colli-

138 874 233 957 gitur.
272 871 318 936 Ac
352 891 408 954 per
438 873 499 937 hoc
531 872 781 957 intellegendum
811 874 861 936 ast
888 889 976 935 more
1004 891 1062 936 suo
1095 872 1286 954 scripturam

137 980 257 1045 redisse
290 978 330 1043 ed
363 982 502 1061 tempus,
530 979 615 1061 quod
642 979 704 1043 iarn
734 978 871 1043 narratio
900 978 956 1041 ille
987 979 1167 1053 transieram
1202 977 1286 1043 sicut

109 1085 297 1168 ssuperius,
321 1103 394 1149 cum
424 1085 507 1150 filios
536 1085 674 1150 filiorum
701 1085 770 1150 Noe
796 1088 1088 1164 commemorasset,
1112 1085 1190 1149 dirit
1212 1085 1285 1149 illos

137 1193 238 1256 inisse
261 1191 293 1256 in
317 1192 436 1276 linguis
461 1195 493 1257 et
515 1193 663 1276 gentibus
688 1191 766 1269 suis,
788 1194 820 1256 et
842 1193 947 1256 tamen
971 1194 1093 1274 postea,
1112 1192 1203 1273 quasi
1225 1191 1285 1256 hoc

138 1299 233 1364 etiarn
253 1299 286 1362 in
306 1298 415 1362 ordine
434 1300 615 1382 temporum
635 1301 833 1380 sequeretur:
855 1298 901 1361 st
924 1299 1013 1374 eret,
1032 1297 1146 1380 inquit,
1167 1298 1285 1362 omnis

137 1411 239 1470 terra
261 1405 404 1470 labium
428 1411 540 1469 unurh
566 1410 603 1470 at
621 1424 691 1469 uox
709 1423 781 1470 una
800 1405 982 1470 omnibus.
1008 1403 1077 1485 Quo
1097 1405 1191 1471 modo
1211 1423 1285 1490 argo

139 1511 314 1577 secundum
348 1531 422 1576 sues
455 1514 566 1596 gentes
601 1514 634 1575 et
666 1511 840 1577 secundum
874 1530 949 1576 suas
976 1510 1103 1596 linguas
1132 1516 1230 1588 erant,
1258 1512 1286 1576 si

99 1642 121 1680 ιο
139 1639 201 1684 une
234 1622 301 1682 erat
334 1617 492 1695 omnibus,
520 1618 582 1682 nisi
616 1617 690 1700 quie
722 1617 761 1681 ad
794 1617 876 1682 illud
907 1617 991 1699 quod
1022 1620 1085 1682 ianr
1118 1618 1287 1683 transierat

138 1724 376 1808 recapitulando
398 1727 448 1790 cst
464 1743 593 1788 reuersa
611 1725 767 1789 narratio?
788 1723 840 1790 Sic
860 1743 934 1808 ergo
955 1729 987 1790 et
1005 1725 1057 1790 hia
1076 1743 1149 1790 cum
1164 1725 1285 1790 dictum

139 1835 238 1896 esset:
272 1831 319 1895 st
349 1830 505 1895 fuerunt
539 1831 619 1894 dies
647 1830 789 1894 Therae
817 1831 853 1894 in
884 1830 1023 1895 (iberra
1053 1831 1217 1914 quinque
1251 1836 1286 1896 et

139 1937 294 2004 ducenti
323 1937 418 2015 enni,
443 1941 479 2002 et
507 1941 677 2001 mortuus
708 1941 766 2000 eet
794 1937 912 2001 Thera
939 1939 976 2000 in
1000 1937 1149 2013 Charra,
1174 1937 1286 2002 deinde

138 2046 298 2128 scriptura
323 2042 482 2108 redeundo
512 2043 550 2108 ad
579 2042 623 2121 id,
648 2043 731 2126 quod
755 2043 826 2108 ideo
849 2044 1114 2126 praetermiserat,
1137 2048 1175 2109 ut
1195 2045 1285 2127 prins

102 2173 123 2215 1⁵
140 2152 175 2216 de
203 2151 309 2215 There
336 2149 368 2214 id
397 2151 480 2232 quod
511 2151 696 2215 incohatum
725 2151 830 2214 iuerat
857 2151 1069 2233 conpleretur:
1107 2153 1152 2216 Et
1181 2152 1285 2228 dixit,

141 2259 251 2341 inquit,
276 2257 460 2322 Dominus
489 2257 532 2320 ad
556 2257 707 2321 Abram:
739 2257 805 2321 Eri
833 2256 876 2321 de
904 2260 1092 2322 tornatus
1115 2261 1148 2322 et
1171 2262 1284 2324 cetera.

141 2364 216 2429 Post
245 2383 326 2446 quae
355 2363 415 2427 Dei
438 2363 536 2428 uerba
560 2363 777 2448 subiungitur:
810 2363 857 2428 Et
885 2364 978 2428 exiit
1004 2364 1149 2443 Abram,
1178 2384 1285 2447 quem

142 2471 181 2534 ad
213 2469 363 2534 modurn
397 2469 549 2535 locutus
584 2474 642 2534 est
673 2469 737 2534 illi
769 2470 962 2547 Dominus,
997 2474 1034 2536 et
1071 2471 1167 2535 abiit
1204 2489 1285 2534 cnm

144 2595 179 2642 eo
208 2579 314 2642 Loth.
354 2576 489 2642 Abram
518 2581 644 2642 eutem
673 2579 754 2641 erat
781 2577 948 2660 quinque
977 2580 1013 2641 et
1041 2576 1286 2661 septuaginta

103 2707 128 2744 ιο
145 2703 331 2762 annorum,
355 2703 437 2748 cum
466 2684 558 2748 eriit
587 2703 627 2748 er
653 2683 801 2748 Charra.
841 2683 929 2748 Tunc
951 2684 1059 2766 itaque
1082 2684 1201 2748 iactum
1226 2687 1285 2760 est,

146 2791 263 2872 quando
292 2795 383 2873 pater
410 2791 478 2855 eius
503 2789 734 2855 centensimum
759 2790 1060 2874 quadragensimum
1085 2793 1116 2855 et
1140 2791 1286 2872 quintum

146 2915 255 2962 anuum
286 2898 401 2981 agebat
429 2899 558 2974 aetatis3
591 2901 668 2961 tunc
697 2897 778 2960 enim
803 2896 865 2961 fuit
886 2897 983 2961 huius
1008 2896 1286 2981 septuagensimus

148 3005 281 3086 quintus.
317 3003 428 3069 Solate
458 3007 508 3068 est
535 3007 641 3067 eutem
664 3004 728 3067 ista
752 3002 896 3085 quaestio
921 3006 953 3067 et
976 3002 1076 3080 aliter,
1100 3007 1138 3067 nt
1161 3007 1287 3085 septua-

148 3112 228 3193 ginta
255 3111 394 3194 quinque
422 3111 496 3175 anni
519 3111 674 3188 Abrahae,
699 3109 823 3191 quando
853 3128 1002 3193 egressus
1026 3114 1075 3174 est
1098 3110 1136 3174 de
1160 3109 1287 3188 Charra,

104 3239 131 3279 ee
149 3236 181 3280 er
201 3218 255 3282 iiio
279 3221 536 3302 conputarentur,
563 3237 598 3282 cr
622 3235 683 3300 quo
708 3215 746 3280 de
770 3217 844 3300 igne
865 3217 1095 3282 Chaldaeorum
1121 3217 1286 3293 liberatus,

149 3343 203 3388 uon
235 3343 270 3388 er
302 3343 364 3408 quo
398 3327 492 3390 natus
526 3329 584 3402 est,
613 3327 776 3406 tamquam
804 3326 881 3387 tunc
908 3324 1016 3408 potius
1045 3327 1139 3388 natus
1171 3324 1287 3388 haben-

151 3428 203 3492 dus
226 3431 275 3496 sit.

190 3533 247 3601 Sed
278 3538 392 3602 beatus
426 3535 606 3619 Stephanus
639 3537 670 3602 in
703 3538 829 3604 actibus
862 3537 1081 3620 apostolorum
1115 3555 1187 3602 curn
1224 3538 1287 3602 iste

150 3647 291 3710 sanaret:
324 3645 437 3723 Deus,
465 3643 578 3726 inquit,
607 3643 752 3728 gloriae
781 3644 962 3729 apparuit
989 3644 1159 3709 Abrabae
1187 3644 1288 3728 patri

104 3773 131 3815 eo
150 3754 280 3828 nostro,
310 3770 393 3815 cum
423 3755 525 3816 esset
553 3751 589 3814 in
618 3751 905 3834 Mesopotamia,
934 3751 1154 3834 priusquam
1188 3752 1287 3816 habi·

150 3858 302 3922 taretin
328 3856 476 3934 Charra,
502 3861 538 3922 et
566 3858 621 3920 ait
648 3857 691 3921 ad
719 3857 845 3922 iilum:
877 3857 942 3920 biri
972 3857 1013 3921 de
1040 3863 1142 3922 terre
1163 3861 1228 3922 tue
1252 3862 1288 3922 et

233 4065 332 4120 bGen.
353 4067 396 4134 10,
415 4068 446 4121 31
509 4065 708 4130 7Gen.11‚1
773 4066 806 4120 12
827 4065 1010 4133 Gen.11,32
1068 4064 1285 4127 15Gen.12,l

153 4151 184 4204 17
203 4153 263 4208 Gen.
282 4156 360 4218 12‚4
414 4156 449 4208 29
470 4155 528 4208 Act.
549 4155 688 4224 i,2sqq.

188 4275 244 4330 bin
262 4279 388 4349 gentibus
408 4281 436 4332 et
454 4278 585 4347 linguisc
623 4279 656 4333 17
675 4281 738 4348 post
757 4293 864 4348 qnamc
920 4279 1049 4342 abrabam
1068 4277 1096 4331 V
1131 4280 1165 4332 23
1181 4283 1286 4348 quaest.

151 4362 232 4419 istac
299 4373 329 4421 nt
347 4383 400 4422 om.
416 4383 435 4438 9
488 4368 523 4420 24
542 4369 570 4420 et
590 4367 741 4437 quinquee
794 4367 989 4421 centimanus
1014 4367 1040 4418 V
