3192 4959
376 453 427 507 De
455 453 629 506 ciuitate
657 453 719 507 dei
746 453 812 508 lib.
842 451 926 506 xxll.
955 469 1027 521 cup.
1055 453 1080 506 8.
1236 456 1299 520 597

149 651 237 711 rator
268 650 301 711 et
328 647 472 712 inmenso
499 647 617 730 populo
646 650 729 712 teste
756 666 807 712 res
836 650 927 731 gesta
955 650 1005 712 est
1033 652 1237 713 concurrente
1261 647 1300 713 ad

150 772 283 836 corpora
305 757 478 836 martyrum
500 753 639 816 Protasii
662 756 695 816 et
718 750 882 830 Geruasii3
912 773 991 835 quae
1015 774 1087 820 curn
1110 754 1246 820 laterent
1268 759 1301 818 et

149 859 278 941 penitus
300 859 506 935 nescirentur,
535 859 684 942 episcopo
707 857 876 924 Ambrosio
900 881 956 945 per
979 861 1137 926 somnium
1160 864 1300 926 reuelato

148 968 275 1048 reperta
311 969 402 1041 sunt;
443 965 499 1029 ubi
533 984 647 1030 caecus
683 964 738 1028 ille
779 965 923 1049 depulsis
961 967 1124 1032 ueteribus
1160 967 1299 1032 tenebris

117 1072 236 1137 sdiem
259 1073 352 1137 uidit.

193 1181 284 1261 Aput
306 1178 527 1262 Carthaginem
551 1181 657 1242 autem
682 1178 753 1261 quis
777 1179 869 1243 uouit
891 1182 1015 1261 praeter
1034 1179 1202 1244 admodum
1223 1198 1298 1262 pau·

147 1286 297 1352 cissimos
335 1283 482 1362 salntem,
520 1303 600 1366 quae
636 1284 721 1348 facta
757 1289 808 1350 eat
845 1286 1038 1364 Innocentio,
1077 1305 1112 1352 ex
1144 1285 1298 1351 aduocato

147 1392 285 1458 uicariae
304 1392 530 1475 praefecturae,
549 1390 604 1455 ubi
622 1410 680 1455 nos
698 1391 902 1458 interfuimus
922 1397 954 1456 et
973 1393 1074 1457 oculis
1095 1393 1296 1475 adspeximus

146 1500 290 1566 nostris?
314 1499 486 1563 Venientes
509 1498 592 1563 enim
617 1500 656 1564 de
678 1499 897 1564 transmarinis
920 1519 971 1564 me
995 1502 1028 1563 et
1045 1500 1171 1564 fratrem
1191 1517 1298 1564 meum

104 1631 128 1666 ιο
146 1606 311 1689 Alypium,
339 1605 479 1670 noudum
508 1605 635 1686 quidem
665 1604 809 1681 clericos,
843 1606 899 1670 sed
927 1606 990 1669 iam
1013 1605 1081 1670 Deo
1111 1605 1297 1683 seruientes,

146 1715 186 1775 ut
213 1713 281 1776 erat
309 1729 381 1774 cum
410 1712 478 1775 tota
506 1709 598 1774 domo
623 1729 681 1775 sua
707 1711 983 1795 religiosissimus,
1012 1711 1080 1794 ipse
1103 1713 1297 1792 susceperat,

148 1820 182 1881 et
204 1821 284 1900 aput
306 1836 380 1881 eum
402 1820 479 1881 tunc
502 1816 734 1884 habitabamus.
765 1818 943 1883 durabatur
966 1838 983 1882 a
1005 1818 1138 1882 medicis
1161 1818 1297 1894 fistulas,

146 1943 228 2006 quas
255 1941 441 1988 numerosas
469 1922 572 2005 adque
599 1926 764 2006 perplexas
792 1924 907 1989 babuit
934 1925 964 1988 in
993 1925 1165 2008 posteriore
1195 1923 1296 2004 adque

144 2031 213 2094 ima
240 2030 381 2112 corporis
408 2033 506 2111 parte.
537 2031 605 2094 Iam
634 2035 801 2096 secuerant
829 2051 901 2096 eum
932 2034 965 2096 et
988 2031 1064 2095 artis
1094 2049 1170 2096 suae
1194 2034 1297 2094 cetera

101 2164 128 2201 1⁵
146 2137 388 2200 medicamentis
416 2135 562 2220 agebant.
596 2137 715 2202 Passus
748 2141 855 2202 autern
883 2139 988 2203 fuerat
1014 2137 1045 2201 in
1074 2137 1214 2202 sectione
1240 2136 1297 2200 illa

146 2245 181 2307 et
203 2243 373 2308 diuturnos
398 2246 430 2307 et
453 2243 583 2308 acerbos
609 2243 743 2309 dolores.
766 2242 828 2308 Sed
852 2263 936 2308 unus
960 2244 1041 2308 inter
1063 2243 1183 2308 multos
1207 2243 1295 2306 sinus

144 2350 305 2415 fefellerat
331 2349 472 2415 medicos
500 2349 602 2430 adque
630 2349 675 2413 ita
701 2350 849 2425 latuerat,
878 2353 915 2414 ut
938 2369 1011 2414 eum
1034 2369 1096 2414 non
1120 2353 1294 2431 tangerent,

144 2475 242 2538 quem
265 2457 345 2520 ferro
370 2456 489 2537 aperire
514 2456 694 2520 debuerant.
718 2456 862 2538 Denique
890 2457 1008 2521 sanatis
1033 2456 1191 2532 omnibus,
1215 2473 1294 2535 quae

144 2566 258 2645 aperta
284 2563 447 2637 curabant,
474 2563 536 2627 iste
563 2568 758 2628 remanserat
785 2563 884 2640 solus,
916 2565 967 2628 cui
1000 2564 1118 2628 frustra
1148 2562 1294 2644 inpende·
1337 2560 1339 2564 ’

95 2699 123 2734 so
143 2671 242 2734 batur
272 2671 371 2734 labor.
406 2668 492 2748 Quas
525 2689 630 2734 moras
658 2670 712 2733 ille
741 2676 907 2751 suspectas
941 2670 1059 2734 habens
1093 2671 1293 2750 multumque

141 2776 329 2853 formidans,
366 2795 405 2840 ne
442 2776 556 2840 iterum
595 2781 755 2842 secaretur
790 2775 891 2862 (quod
924 2777 952 2841 ei
985 2776 1180 2859 praedixerat
1212 2775 1293 2840 alius

141 2883 290 2947 medicus
315 2883 510 2948 domesticus
534 2883 614 2962 eius,
639 2902 732 2964 quem
756 2902 816 2947 non
837 2884 1028 2948 admiserant
1046 2883 1104 2961 illi,
1123 2888 1162 2947 ut
1180 2882 1292 2946 saltem

141 2989 280 3067 uideret,
308 3007 381 3053 cum
408 2989 546 3070 primum
575 2994 683 3054 sectus
711 2994 771 3064 est,
800 2990 978 3073 quomodo
1003 2989 1034 3052 id
1062 2990 1212 3066 facerent,
1235 2989 1293 3052 ira-

140 3102 262 3178 tusque
289 3095 380 3160 illum
406 3096 500 3160 domo
524 3095 683 3161 abiecerat
705 3097 821 3180 uirque
848 3096 1034 3180 receperat),
1063 3097 1168 3178 erupit
1190 3095 1292 3176 adque

91 3230 119 3268 25
141 3203 207 3266 ait:
235 3203 357 3267 lterum
384 3222 436 3266 me
460 3202 578 3267 secturi
601 3203 704 3269 estis?
731 3203 780 3268 Ad
803 3204 902 3279 illius,
932 3221 1026 3286 quern
1049 3203 1199 3268 noluistis
1223 3221 1292 3266 esse

138 3310 353 3392 praesentem,
378 3308 477 3373 uerba
499 3313 656 3374 uenturus
676 3315 771 3374 sum?
794 3311 932 3375 Inridere
955 3309 1003 3374 illi
1026 3310 1185 3374 medicum
1207 3310 1292 3392 inpe-

136 3417 240 3480 ritum
259 3417 444 3497 metumque
459 3415 596 3479 hominis
610 3416 703 3481 bonis
718 3417 826 3481 uerbis
841 3417 1169 3499 promissionibusque
1183 3415 1290 3480 lenire.

137 3521 378 3585 Praeterierunt
400 3521 455 3585 alii
479 3522 546 3586 dies
572 3522 700 3604 plurimi
722 3522 865 3606 nihilque
889 3521 1074 3605 proficiebat
1098 3542 1188 3587 omne
1208 3522 1309 3603 quod¹

136 3628 250 3693 tiabat.
282 3627 401 3692 Medici
433 3632 538 3692 tamen
566 3629 598 3692 in
630 3647 689 3692 sua
715 3628 945 3711 pollicitatione
977 3629 1200 3710 persistebant,
1230 3646 1290 3691 non

176 3880 376 3948 2protrasiie
448 3881 652 3948 3reuallatap
722 3847 946 3950 spreticturep
1018 3881 1091 3950 ibip
1163 3883 1289 3935 flantem

135 3969 214 4022 enirn
229 3985 253 4036 p
325 3969 511 4022 transmarinis
530 3969 689 4038 partibusp
777 3971 810 4024 10
830 3970 967 4040 alyppium
982 3988 1003 4038 p
1077 3987 1129 4023 non
1150 3969 1290 4040 quideme

135 4059 173 4111 12
195 4055 353 4109 habitamus
372 4073 386 4110 e
477 4057 509 4110 13
528 4057 704 4128 perplexasp
794 4060 828 4112 14
847 4059 875 4112 in
894 4059 984 4127 imap
1057 4077 1116 4112 earn
1136 4076 1213 4126 νικας
1231 4059 1256 4113 ei
1274 4076 1290 4112 o

131 4173 171 4226 21
194 4171 231 4242 ci]
251 4175 280 4225 et
296 4189 315 4241 p
404 4138 639 4228 22⁹‘1'niseranto
730 4175 764 4228 ‘24
782 4175 811 4228 in
832 4173 947 4228 domob
1020 4175 1090 4229 eruit
1110 4175 1140 4242 b;
1158 4139 1290 4245 eripuitc

132 4264 173 4316 25
193 4262 313 4314 necaturi
333 4261 376 4328 bp
439 4263 474 4316 26
491 4279 531 4331 sq.
549 4262 858 4331 inridere..inperitum
879 4267 1042 4334 ceperuntp
1106 4265 1140 4316 28
1161 4267 1189 4316 et
1208 4264 1255 4318 alii
1274 4280 1289 4318 n

131 4351 174 4404 29
192 4349 380 4419 persistebant
399 4365 503 4418 aspen
521 4351 657 4404 sistebant
676 4351 720 4420 bp
737 4352 836 4409 Donat.
