3192 4959
296 478 347 534 De
376 480 549 534 oiuItete
577 479 640 533 dei
667 479 733 534 lib.
760 480 863 535 XVIII.
892 498 968 551 cap.
998 482 1040 536 32.
1070 482 1112 537 33.
1220 482 1283 549 317

135 674 297 740 Statuit
320 693 442 758 super
469 676 623 757 petram
649 673 774 757 podes
804 692 912 739 meos
937 676 976 739 et
1000 674 1153 738 direxit
1178 692 1284 759 gres·

135 800 205 845 sus
231 798 350 856 meos,
376 784 414 845 et
437 779 600 844 inmisit
621 779 660 843 iu
684 798 726 843 os
750 798 877 844 meum
898 780 1102 844 tantinum
1126 798 1284 857 nouum,

133 887 320 969 hymnum
342 886 423 950 Deo
447 888 601 951 nostro.
624 884 697 967 Ipse
721 904 796 969 ergo
819 884 921 950 uincit
944 886 976 950 iu
1000 886 1123 951 oantioo
1142 886 1283 963 Domini,

134 994 188 1075 qui
211 992 316 1074 placet
343 992 375 1055 in
409 991 478 1056 eius
510 991 604 1055 laude
632 1008 694 1055 nou
723 1010 791 1069 sua,
821 996 859 1056 nt
896 993 962 1074 qui
995 992 1210 1075 gloriatur,
1244 993 1282 1057 in

106 1098 303 1165 sDomiuo
337 1098 552 1183 glorietur.
584 1098 700 1163 Melius
729 1102 836 1163 autern
863 1100 941 1164 mihi
972 1098 1122 1165 uidentur
1154 1098 1282 1181 quidam

132 1206 258 1272 eodioes
281 1205 410 1269 habere:
436 1202 628 1269 Gaudebo
652 1202 689 1267 in
713 1204 794 1270 Deo
819 1205 908 1271 Iesu
933 1224 1028 1281 meo,
1049 1224 1143 1289 quam
1162 1205 1206 1283 hi,
1226 1206 1280 1288 qui

133 1313 277 1377 uolentes
300 1311 332 1375 id
356 1312 468 1375 Latius
491 1328 617 1393 ponere,
640 1329 754 1375 nomeu
777 1311 885 1393 ipsum
909 1332 969 1377 uon
989 1315 1172 1396 posuerunt,
1197 1309 1281 1393 quod

133 1422 183 1484 est
203 1418 297 1482 nobis
321 1416 455 1481 amicius
480 1420 512 1481 et
536 1416 662 1481 dulcius
685 1418 856 1482 nominare.

552 1609 689 1677 CAPUT
713 1608 862 1675 XXXIII.

97 1752 186 1815 nDe
211 1748 377 1815 Christo
402 1753 441 1814 et
463 1750 682 1815 uocatione
710 1752 893 1834 gent-ium
922 1772 1022 1836 quae
1046 1752 1279 1817 Hieremias

177 1860 218 1921 et
242 1854 472 1939 Sophouias
495 1856 738 1939 prophetico
763 1857 917 1940 spiritu
942 1858 1026 1922 sint
1049 1858 1235 1941 praefati.

174 1998 354 2064 Hieremias
377 1998 533 2081 propheta
555 1998 593 2063 de
616 1998 789 2063 maioribus
819 2002 877 2079 est,
902 1999 986 2063 sicut
1009 1998 1131 2077 Esaias,
1155 2019 1215 2064 non
1241 1998 1279 2065 de

133 2104 318 2182 minorihus,
337 2103 423 2169 siout
441 2104 547 2181 ceteri,
568 2103 605 2167 de
625 2123 757 2187 quorum
779 2106 906 2187 scriptis
925 2104 1076 2169 nonnulla
1094 2106 1156 2169 ianr
1175 2107 1278 2188 posui.

130 2210 340 2293 Prophetauit
362 2214 469 2275 autem
493 2214 642 2293 regnante
666 2210 752 2275 Iosia
774 2211 805 2275 in
829 2211 1029 2276 Hierusalem
1059 2217 1091 2276 et
1118 2216 1195 2294 aput
1219 2212 1278 2277 Ro-

94 2342 117 2381 15
131 2338 241 2383 manos
263 2318 352 2383 Anco
375 2317 506 2394 Marcio,
530 2316 593 2381 iam
616 2317 847 2399 propinquante
871 2318 1057 2399 eaptiuItate
1079 2318 1267 2384 Iudaeorum

132 2424 278 2489 Ietendit
296 2428 403 2489 autem
421 2423 620 2507 prophetiam
640 2443 741 2506 usque
761 2422 801 2487 sd
820 2424 964 2505 quintum
984 2443 1126 2489 mensem
1146 2425 1278 2508 captiui-

133 2530 217 2613 tatis,
242 2532 328 2596 siout
349 2530 382 2594 in
407 2532 475 2595 eius
499 2529 615 2594 litteris
639 2530 831 2594 inuenimus.
857 2530 1032 2612 Sophonias
1061 2535 1165 2596 eutem
1195 2551 1277 2597 uuus

134 2637 170 2701 de
200 2637 377 2703 minoribus
411 2636 595 2721 adiungitur
627 2636 666 2701 ei.
699 2636 779 2700 Nam
815 2637 942 2720 etipse
970 2638 1002 2701 in
1036 2636 1147 2702 diebus
1174 2638 1277 2705 Iosiae

133 2744 337 2826 prophetasse
370 2762 404 2807 se
437 2743 528 2819 dioit;
562 2742 619 2807 sed
651 2762 829 2826 quousque,
858 2763 917 2808 non
948 2744 1035 2809 dicit.
1068 2744 1278 2827 Propheteuit

94 2873 118 2914 eo
134 2868 203 2933 ergo
225 2848 404 2915 Hieremias
424 2869 484 2915 nou
504 2849 609 2915 solum
626 2848 706 2915 Auci
726 2850 849 2927 Marcii,
869 2870 980 2915 uenum
1000 2850 1095 2915 etiam
1115 2850 1277 2933 Tarquinii
1337 2860 1339 2863 ’

132 2955 229 3021 Prisci
256 2956 467 3039 temporibus,
492 2975 584 3039 quem
613 2956 747 3021 Romani
774 2956 954 3021 habuerunt
982 2950 1128 3038 quintum
1156 2976 1275 3042 regem.

132 3062 199 3144 lpse
221 3063 316 3141 enim,
341 3062 465 3145 quondo
489 3062 546 3126 illa
569 3062 739 3145 eapituitas
767 3062 852 3127 faeta
879 3066 938 3138 est,
962 3082 1091 3147 regnare
1121 3062 1184 3128 iam
1207 3083 1273 3129 ooe·

131 3172 224 3249 perat.
262 3169 459 3251 Prophetens
500 3188 573 3253 ergo
612 3168 650 3233 de
685 3168 812 3234 Christo
849 3168 1042 3234 Hieremias:
1081 3169 1273 3254 Spiritus

132 3274 239 3358 inquit,
265 3275 350 3339 oris
375 3275 507 3339 nostri
532 3272 724 3341 Christus
748 3276 944 3341 Dominus
974 3278 1120 3358 eaptus
1150 3280 1213 3341 est
1238 3278 1274 3343 iu

91 3406 116 3445 a
131 3381 495 3462 peccatisnostris,
511 3382 556 3447 sio
571 3381 711 3447 breuiter
727 3382 895 3447 ostendeus
907 3386 940 3447 et
950 3382 1112 3448 dominum
1129 3386 1273 3449 nostrum

133 3485 288 3552 Christum
322 3490 356 3552 et
387 3506 517 3572 passum
552 3508 622 3553 esse
655 3508 710 3571 pro
742 3489 845 3555 nobie.
878 3489 959 3553 Item
987 3489 1058 3553 loco
1087 3488 1163 3553 alio:
1197 3490 1272 3555 Hic

134 3592 232 3660 Deus
264 3614 387 3672 meus,
419 3595 535 3677 inquit,
569 3598 608 3660 et
644 3616 718 3660 uon
756 3595 1048 3661 aestimabitur
1086 3596 1191 3659 alter
1228 3596 1272 3661 ad

133 3718 226 3775 eum;
251 3702 322 3785 qui
345 3702 511 3768 inuenit
533 3720 684 3767 omnem
708 3703 814 3767 uiam
839 3701 1082 3785 prudentiae
1102 3704 1140 3765 et
1159 3701 1273 3766 dedit

213 3893 289 3947 IPe.
310 3893 450 3961 39,3sq.
505 3892 571 3945 41.
590 3891 650 3947 Cor.
672 3892 695 3954 1.
714 3894 749 3946 31
816 3892 1064 3963 lesophon.1‚1
1121 3892 1156 3946 23
1175 3890 1272 3946 Thren.

130 3980 203 4039 4,20
255 3982 290 4034 26
308 3980 371 4034 Bar.
392 3980 417 4043 3,
437 3980 471 4035 36
491 3997 550 4050 sqq.

163 4102 175 4154 1
193 4118 273 4173 snper
290 4106 396 4172 petram
415 4120 429 4157 e
436 4111 481 4173 op
492 4121 522 4169 α,·
540 4106 698 4173 suppetrsm
717 4122 746 4174 ρ,·
764 4120 846 4173 supra
863 4108 968 4174 petram
989 4103 1058 4157 abe
1122 4102 1139 4155 6
1159 4101 1209 4157 dhe
1229 4120 1243 4156 e
1248 4121 1269 4172 p

132 4190 158 4243 11
178 4196 274 4261 suntp
331 4193 365 4247 12
384 4192 538 4249 est...de
558 4192 706 4246 minoritas
726 4208 811 4247 om.e
866 4192 900 4246 20
919 4193 1002 4246 marci
1019 4208 1037 4261 9
1108 4192 1143 4244 22
1163 4191 1271 4274 est-ihs

131 4282 195 4348 capt.
212 4279 318 4335 Iaotso
425 4282 461 4333 24
479 4279 613 4333 Dominus
632 4278 792 4334 Christuso
896 4282 930 4333 25
949 4284 1071 4334 nostrum
1089 4280 1145 4334 ihm
1165 4280 1270 4351 Xpmy

130 4364 162 4417 26
178 4367 228 4422 alio
246 4368 306 4422 loeo
323 4386 341 4424 o
