3192 4959
303 425 344 486 82
647 421 674 476 S.
701 421 859 476 Aurelii
886 421 1105 490 Augustini

345 617 405 680 His
429 616 520 681 uelut
542 617 758 700 probabilibus
782 617 977 700 argumentis
1006 616 1134 700 quidam
1158 635 1221 680 non
1248 617 1447 682 destruentes

300 723 395 788 fidem
419 743 526 788 sacrae
549 724 645 788 huius
669 725 831 800 historiae,
856 724 912 789 sed
932 725 1094 789 adstruere
1112 724 1261 801 nitentes,
1280 743 1320 787 ne
1335 724 1385 794 sit
1400 724 1447 787 in-

302 831 450 895 credibile
483 831 566 914 quod
594 835 660 895 tam
688 831 809 895 multos
837 850 934 897 annos
962 831 1082 896 uixisse
1110 833 1288 896 referuntur
1315 831 1447 912 antiqui,

300 943 524 1019 persuaserunt
547 939 618 1013 sibi,
642 958 699 1004 neo
728 958 762 1003 se
791 938 924 1003 suadere
950 938 1140 1020 inpudenter
1167 939 1358 1015 existimant,
1382 942 1447 1001 tam

301 1045 450 1128 exiguum
468 1045 607 1128 spatium
626 1045 778 1127 temporis
798 1048 875 1110 tunc
895 1064 1010 1109 annum
1029 1048 1191 1123 uocatum,
1210 1049 1248 1110 ut
1269 1045 1319 1109 illi
1337 1040 1488 1114 decem'a

300 1151 364 1215 sint
385 1171 469 1216 uuus
493 1155 601 1217 noster
624 1155 656 1216 et
679 1152 788 1217 decem
812 1153 914 1217 nostri
938 1156 1065 1217 centum
1086 1152 1227 1217 illorum.v
1250 1152 1320 1216 Hoc
1340 1155 1447 1216 antem

300 1277 370 1322 esse
396 1259 606 1324 falsissimum
635 1259 826 1324 documento
855 1259 1095 1324 euidentissime
1123 1258 1311 1323 ostenditur.
1354 1257 1448 1336 Quod

299 1367 467 1447 antequam
489 1365 615 1441 faciam,
639 1385 700 1431 non
723 1365 803 1430 mihi
822 1366 990 1430 tacendum
1010 1366 1148 1435 uidetur.
1168 1385 1248 1448 quae
1268 1364 1448 1430 credibilior

299 1471 403 1552 possit
425 1491 495 1536 esse
519 1473 670 1554 suspicio.
694 1473 882 1538 Poteramus
906 1476 990 1537 certe
1014 1474 1093 1536 hano
1117 1471 1392 1536 adseuerationem
1411 1491 1447 1535 eu

298 1577 451 1642 Hebraeis
485 1578 647 1645 codicibus
679 1580 865 1663 redarguere
898 1581 1000 1660 adque
1032 1580 1230 1659 conuincere,
1259 1579 1315 1642 ubi
1342 1577 1444 1641 Adam
1466 1600 1489 1638 ro

299 1704 359 1749 non
384 1684 589 1750 ducentorum
614 1685 777 1770 tringinta,
802 1686 859 1750 sed
882 1689 1009 1750 centum
1027 1686 1158 1769 triginta
1175 1704 1327 1750 annornm
1345 1685 1446 1749 fuisse

298 1791 464 1874 reperitur,
488 1792 612 1874 quando
637 1795 766 1858 tertium
790 1793 901 1877 genuit
923 1793 1039 1867 lilium;
1070 1793 1123 1875 qui
1147 1792 1271 1856 annisi
1293 1790 1445 1856 tredecim

299 1897 399 1962 nostri
428 1901 512 1976 sunt,
545 1901 656 1980 procul
689 1899 794 1977 dubio,
824 1901 962 1982 primunr
991 1899 1115 1980 quando
1145 1900 1264 1983 genuit,
1296 1897 1445 1963 undecim

299 2004 351 2066 uel
374 2024 435 2070 non
459 2005 560 2070 multo
584 2007 722 2087 amplius
746 2026 898 2072 annorum
921 2007 992 2071 fuit.
1026 2005 1106 2085 Quis
1129 2010 1237 2089 potest
1259 2006 1319 2070 hac
1341 2010 1445 2070 aetate

300 2129 446 2194 generare
474 2112 592 2177 usitata
618 2114 681 2177 ista
708 2114 864 2196 nobisque
892 2114 1061 2180 notissima
1087 2116 1158 2197 lege
1189 2115 1340 2177 naturae?
1382 2113 1445 2178 Sed
1464 2132 1488 2173 ιε

299 2217 382 2281 huno
402 2219 597 2298 omittamus,
622 2221 676 2303 qui
695 2222 830 2285 fortasse
850 2221 945 2285 etiam
964 2218 1088 2302 quando
1107 2222 1232 2286 creatus
1252 2223 1302 2285 est
1323 2220 1443 2302 potuit;

297 2343 358 2388 non
377 2325 461 2389 enim
480 2346 551 2390 eum
571 2331 637 2391 tam
655 2347 800 2411 paruum,
826 2347 921 2410 quam
939 2329 1076 2393 infantes
1095 2327 1195 2393 nostri
1213 2330 1299 2404 sunt,
1323 2326 1443 2391 lactum

296 2431 396 2497 fuisse
420 2434 570 2498 credibile
595 2437 653 2499 eat.
679 2433 755 2500 Seth
780 2436 866 2500 filius
890 2437 959 2499 eius
982 2455 1042 2500 non
1068 2437 1275 2500 ducentomm
1295 2434 1444 2517 quinque,

297 2540 383 2604 sicut
409 2559 465 2605 nos
493 2541 641 2626 legimus,
671 2541 728 2606 sed
756 2545 884 2606 centurn
912 2543 1053 2624 quinque·
1079 2541 1151 2616 fuit,
1180 2541 1305 2623 quando
1333 2541 1446 2625 genuit

296 2647 393 2722 llnos;
424 2666 460 2712 ac
482 2663 538 2729 per
566 2649 625 2713 hoo
654 2649 828 2712 secundum
856 2649 936 2713 istos
964 2647 1103 2713 nondum
1131 2648 1269 2712 habebat
1295 2647 1443 2712 undecim
1462 2667 1488 2705 ao

297 2772 393 2818 annos
417 2755 540 2819 aetatis.
567 2753 650 2832 Quid
673 2755 776 2820 dicam
801 2755 840 2819 de
860 2755 976 2820 (lainan
1002 2756 1070 2819 eins
1093 2755 1170 2832 filio,
1195 2755 1249 2837 qui
1274 2775 1346 2819 cum
1366 2757 1445 2836 aput

296 2879 353 2924 nos
378 2863 504 2925 centum
528 2864 731 2946 septuaginta
753 2862 937 2945 reperiatur,
961 2865 1038 2946 aput
1055 2861 1218 2926 Hebraeos
1241 2861 1445 2945 septuaginta

295 2966 413 3050 legitur
438 2966 549 3045 fuisse,
578 2968 702 3050 quando
731 2969 842 3052 genuit
867 2968 1038 3033 Maleleel?
1080 2966 1159 3045 Quis
1187 2970 1317 3051 generat
1347 2966 1443 3030 homo

297 3074 468 3156 septennis,
492 3074 520 3137 si
543 3077 619 3138 tunc
643 3074 715 3138 anni
735 3075 938 3159 septuaginta
956 3075 1219 3156 nuncupabantur
1241 3073 1295 3155 qui
1319 3077 1442 3176 septem

294 3179 443 3244 fuerunt?
1459 3200 1486 3239 ²⁵

386 3368 419 3422 10
439 3367 505 3422 Gen.
525 3372 550 3437 5,
570 3369 586 3422 3
606 3385 664 3438 sqq.

330 3496 348 3547 4
366 3493 530 3564 inpudenter
552 3494 733 3564 Vabeppa
746 3499 781 3562 ,Ἐς
798 3495 950 3564 imprudc
1000 3496 1015 3547 7
1035 3493 1134 3548 falsiss.
1154 3511 1212 3548 esse
1232 3511 1249 3548 c
1296 3493 1439 3548 documen·

295 3586 388 3648 tonum
409 3583 570 3648 documento
591 3583 661 3638 euid.
682 3584 723 3662 V·
742 3585 774 3638 ll
795 3583 843 3637 sed
863 3586 971 3637 centum
984 3583 1059 3637 XXX
1071 3597 1132 3652 sup.
1148 3584 1197 3640 lin.
1216 3583 1243 3636 V
1279 3585 1311 3638 13
1325 3584 1412 3652 primo
1427 3598 1440 3636 e

296 3671 403 3741 quando
423 3673 519 3742 genuit
535 3689 612 3738 oras.,·
631 3673 734 3742 genuit,
754 3672 896 3742 quandov
952 3673 985 3727 15
1004 3673 1056 3727 iate
1076 3672 1110 3739 (i)
1128 3672 1227 3727 Domb.
1280 3672 1313 3728 18
1332 3673 1393 3726 aeth
1418 3671 1443 3724 V

296 3761 390 3829 depo
399 3766 435 3828 Β
454 3760 520 3814 sedh
541 3780 569 3832 ρ,·
587 3759 635 3814 sed
655 3777 698 3815 ac
767 3762 800 3814 19
819 3761 890 3815 sicut
909 3777 959 3815 om.
984 3760 1011 3813 V
1074 3763 1109 3815 23
1128 3760 1254 3815 maleleel
1276 3759 1336 3827 Ve;
1354 3761 1439 3815 mala-

294 3849 366 3902 lehel
385 3849 482 3918 adpo
536 3851 572 3905 24
590 3853 694 3920 septem
713 3851 789 3904 annis
809 3850 875 3919 pf·
925 3853 1096 3918 nuncupatur
1118 3850 1154 3903 V¹
