3192 4959
656 434 682 487 S.
712 433 869 485 Aurelii
897 432 1113 500 Augustini

771 620 907 685 CAPUT
932 621 1005 686 Illl.

316 768 366 830 De
403 764 665 848 praefigurata
702 764 998 827 commutatione
1036 764 1248 829 Israelitiei
1285 766 1390 852 regni
1421 770 1452 830 et

315 872 525 937 sacerdotii
551 874 587 934 et
611 870 653 933 de
677 869 749 945 his,
774 889 867 951 quae
891 870 1003 943 Anna,
1028 874 1145 933 mater
1165 871 1362 949 Samuelis,
1383 892 1452 954 per-

498 996 624 1042 sonam
650 996 781 1061 gerens
807 976 994 1041 eeclesiae
1019 978 1277 1059 prophetauit.

357 1122 533 1185 Proenrsus
557 1120 656 1203 igitur
679 1119 821 1182 ciuitatis
847 1119 906 1182 Dei
930 1118 984 1182 ubi
1008 1120 1152 1201 peruenit
1178 1120 1216 1184 ad
1242 1140 1353 1203 regum
1380 1124 1452 1184 tem·
1478 1146 1487 1182 s

312 1246 399 1310 pora,
442 1225 565 1307 quaudo
604 1225 707 1288 Dauid
746 1224 841 1287 Saule
882 1226 1048 1307 reprobato
1086 1226 1131 1288 ita
1167 1246 1299 1309 regnum
1338 1227 1453 1309 prinms

313 1332 461 1408 obtinuit,
482 1337 518 1395 ut
537 1331 605 1395 eius
626 1331 737 1394 deinde
756 1332 877 1414 posteri
898 1332 930 1393 in
949 1336 1072 1395 terrena
1091 1332 1290 1397 Hierusalem
1312 1332 1455 1396 diuturna

313 1439 515 1503 successione
552 1440 727 1519 regnarent,
766 1437 853 1501 dedit
889 1438 1035 1521 liguram,
1074 1456 1106 1501 re
1147 1443 1238 1521 gesta
1276 1438 1453 1521 significans

313 1546 414 1628 adque
443 1545 677 1627 praenuntians,
702 1544 785 1626 quod
815 1562 874 1607 non
900 1548 949 1608 est
972 1544 1234 1627 praetereundum
1260 1545 1396 1621 silentio,
1422 1546 1454 1607 de

312 1672 416 1717 rerum
440 1650 616 1714 mutatione
640 1651 830 1719 futurarum.
856 1651 939 1731 quod
963 1651 1084 1715 adtinet
1107 1651 1146 1714 ad
1171 1651 1233 1715 duo
1253 1656 1452 1717 testamenta.
1470 1670 1488 1706 u

313 1762 407 1822 uetus
441 1761 473 1820 st
504 1776 634 1831 nouum,
667 1756 723 1819 ubi
754 1757 966 1821 sacerdotium
998 1777 1194 1839 regnumque
1222 1761 1380 1821 mutatum
1410 1766 1454 1822 est

312 1885 369 1948 per
400 1863 594 1928 sacerdotem
627 1862 824 1944 eundemque
857 1882 963 1947 regem
1001 1884 1117 1927 nouum
1153 1883 1188 1927 ao
1221 1864 1453 1946 sempiternum.

313 1970 368 2052 qui
405 1972 453 2031 est
487 1966 634 2032 Christus
667 1968 768 2032 lesus.
807 1966 888 2031 Nam
926 1972 957 2031 et
990 1968 1064 2031 Heli
1097 1966 1259 2031 sacerdote
1290 1970 1452 2051 reprobato

313 2077 509 2140 substitutus
537 2075 568 2137 iu
597 2074 656 2138 Dei
683 2074 897 2137 ministerium
927 2074 1055 2138 Samuel
1080 2075 1176 2137 simul
1201 2074 1304 2137 officio
1328 2074 1452 2139 functus

312 2181 485 2247 sacerdotis
515 2184 546 2244 et
573 2180 699 2255 iudicis
729 2183 761 2242 et
785 2178 880 2244 Saule
904 2182 1025 2244 abieoto
1051 2201 1101 2244 rer
1125 2180 1228 2244 Dauid
1252 2180 1402 2244 fundatus
1424 2181 1451 2243 in
1470 2191 1490 2227 ¹⁵

311 2308 407 2373 regno
427 2289 487 2352 hoo
506 2288 591 2369 quod
610 2286 680 2350 dieo
700 2286 928 2370 figurauerunt.
948 2289 1051 2351 Mater
1071 2308 1197 2369 quoque
1211 2288 1282 2369 ipsa
1299 2286 1452 2352 Samuelis

311 2398 410 2471 Anna,
435 2414 514 2477 quae
537 2394 626 2475 prius
650 2394 712 2457 fuit
736 2394 854 2457 sterilis
880 2397 911 2457 et
934 2394 1106 2477 posteriore
1126 2394 1320 2458 fecunditate
1340 2394 1452 2457 laetata

313 2505 372 2576 est,
399 2501 586 2584 prophetare
615 2499 702 2565 aliud
730 2518 792 2563 non
820 2500 956 2579 uidetur,
987 2520 1059 2565 cum
1091 2502 1335 2585 gratulationem
1367 2519 1450 2563 suam

312 2609 448 2671 Domino
480 2608 586 2671 fundit
619 2609 773 2679 exultans,
807 2607 930 2687 quando
964 2607 1097 2671 eundem
1126 2626 1258 2689 puerum
1288 2610 1396 2671 natum
1424 2614 1452 2669 et

312 2716 507 2779 ablactatum
541 2714 607 2777 Deo
640 2712 777 2776 reddidit
806 2713 913 2776 eadem
932 2714 1071 2795 pietate,
1101 2733 1162 2795 qua
1194 2717 1337 2779 uouerat.
1371 2713 1453 2777 Dicit
1469 2725 1491 2761 o

313 2822 410 2884 enim:
445 2819 719 2885 Confirmatum
752 2824 810 2883 est
843 2840 904 2883 eor
936 2818 1123 2884 meum'in
1156 2821 1326 2895 Domino,
1364 2821 1450 2883 exal·

312 2932 434 2991 tatum
468 2932 525 2989 est
558 2944 671 2989 cornu
703 2946 823 2990 meum
857 2926 891 2991 in
926 2927 999 2990 Deo
1035 2945 1124 2992 meo.
1158 2928 1369 2991 Dilatatum
1400 2932 1453 2989 est

314 3052 425 3114 super
452 3032 628 3095 inimicos
656 3052 756 3097 meos
786 3053 824 3097 os
854 3053 984 3108 meum,
1013 3034 1156 3097 laetata
1184 3052 1264 3097 sum
1291 3032 1327 3096 in
1361 3032 1450 3095 salu-

312 3140 385 3204 tari
409 3142 486 3201 tuo.
512 3138 693 3218 Quoniam
721 3160 791 3204 non
816 3144 874 3203 est
897 3146 1051 3203 sanctus
1076 3141 1177 3203 siout
1201 3139 1394 3214 Dominus
1419 3144 1451 3201 et

312 3266 381 3310 non
414 3249 473 3308 est
503 3244 631 3309 iustus
665 3247 767 3310 sieut
800 3246 900 3310 Deus
934 3253 1076 3321 nostem
1110 3265 1177 3310 non
1212 3249 1270 3309 est
1300 3248 1490 3309 sanctuar

313 3355 462 3435 praeter
494 3354 540 3415 te.
578 3352 706 3416 Nolite
745 3352 905 3434 gloriari
939 3357 976 3416 et
1008 3352 1126 3417 nolite
1159 3352 1264 3433 loqui
1298 3352 1451 3417 excelsa.

314 3477 432 3540 neque
451 3457 628 3540 procedat
646 3458 944 3541 magniloquium
967 3458 1008 3521 de
1030 3478 1090 3522 ore
1110 3461 1248 3522 uestro.
1271 3456 1450 3537 Quoniam

401 3646 433 3699 21
454 3644 521 3714 Reg.
540 3644 562 3708 l,
581 3646 607 3708 2,
627 3645 723 3709 1-10,
742 3662 794 3697 see.
814 3644 886 3697 LXX

280 3841 285 3849 .
347 3796 458 3848 8rese
530 3794 703 3861 9deom.p
778 3796 811 3848 10
830 3762 1251 3863 futurl.ror.2mperscr.‚e
1327 3800 1358 3851 14
1376 3798 1451 3851 mini-

311 3886 423 3938 sterium
444 3885 599 3958 abeppm
617 3884 759 3937 seruitium
779 3902 792 3951 ρ
812 3884 910 3937 Donrb.
950 3886 983 3937 14
1003 3884 1121 3937 olficium
1141 3888 1273 3953 nepa?
1309 3886 1450 3952 lasuditp

311 3974 346 4025 20
364 3972 484 4025 reddidit
503 3988 601 4041 appa
614 3977 648 4037 ῃ
666 3972 757 4024 reddit
776 3972 841 4025 bea
860 3971 959 4025 Donet.
1028 3972 1059 4025 21
1082 3972 1227 4025 exaltatum
1248 3990 1288 4041 ep
1295 3990 1339 4043 pp
1357 3973 1449 4027 Domo.

311 4068 340 4112 et
358 4061 437 4114 exalt.
458 4060 587 4120 abofo
664 4061 698 4113 22
719 4076 801 4112 cornu
821 4058 990 4127 olr²eppv,·
1011 4078 1056 4113 eor
1075 4059 1117 4127 d¹;
1136 4076 1244 4113 comum
1265 4079 1307 4130 ρα
1319 4066 1343 4125 f
1358 4060 1450 4115 Donrb.

311 4148 426 4201 dilatum
445 4166 459 4200 e
513 4152 547 4202 23
567 4166 597 4201 os
615 4165 704 4201 meum
724 4164 805 4217 super
823 4148 897 4201 inim.
916 4166 991 4201 meos
1011 4168 1028 4199 α
1046 4164 1095 4203 seo.
1115 4148 1174 4204 cod.
1193 4150 1273 4205 Alea.
1334 4150 1368 4204 24
1386 4149 1450 4203 sieut

383 4277 478 4292 ,,,,,,
490 4242 599 4289 sanetus
619 4254 670 4293 om.
690 4237 713 4289 e¹
797 4236 831 4291 ‘26
852 4238 961 4304 gloriari
982 4237 1130 4306 obeppa
1148 4237 1263 4303 Domb.,·
1281 4238 1392 4306 gloriari
1409 4252 1450 4289 su-

312 4326 393 4394 perbe
409 4342 452 4393 po
