3192 4959
317 448 383 512 420
669 447 697 500 S.
725 445 882 500 Aurelii
909 445 1130 516 Augustini

319 641 442 723 corpori
469 640 612 725 ratioque
640 641 730 708 uitiis
758 645 845 708 recte
873 659 910 708 ac
937 641 1075 708 fideliler
1096 642 1241 726 imperet,
1267 649 1354 707 carel
1380 642 1463 706 iusti-

318 747 383 812 tiae
406 747 555 813 ueritate.

763 835 901 903 CAPUT
927 835 1029 902 XXV.

320 958 436 1038 Quod
463 979 538 1024 uon
561 958 727 1043 possint
749 959 806 1024 ibi
828 979 951 1025 uerae
976 979 1066 1026 esse
1090 961 1285 1039 uirtutes,
1304 960 1376 1025 ubi
1399 979 1465 1025 nou

714 1071 779 1131 est
800 1086 897 1132 uera
919 1067 1082 1151 religio.
1491 1107 1502 1146 ᾗ

364 1188 550 1269 Quamlibet
586 1190 669 1254 euim
706 1190 855 1256 uideatur
891 1189 1015 1255 animus
1054 1191 1176 1274 corpori
1214 1195 1247 1256 et
1276 1191 1360 1257 ratio
1384 1191 1465 1256 uitiis

318 1297 522 1362 laudabiliter
544 1297 709 1381 imperare,
733 1297 761 1362 si
784 1297 853 1364 Deo
877 1297 1002 1362 animus
1027 1305 1059 1362 el
1081 1299 1161 1362 ratio
1184 1297 1256 1382 ipsa
1278 1297 1465 1370 conseruit,

319 1404 406 1468 sicut
428 1402 490 1468 sibi
513 1420 585 1467 esse
613 1401 818 1468 seruiendum
845 1403 914 1488 ipso
942 1402 1030 1468 Deus
1058 1403 1230 1487 praecepit,
1259 1403 1349 1468 uullo
1379 1402 1464 1468 ruodo

318 1509 442 1592 corpori
474 1508 628 1592 uillisque
660 1514 745 1574 recte
775 1507 921 1590 imperat.
954 1509 1035 1574 Nam
1068 1509 1171 1593 qualis
1200 1508 1342 1591 corporis
1370 1507 1464 1592 adque

318 1616 471 1681 uitiorum
500 1619 608 1698 polest
635 1635 706 1680 csso
732 1635 823 1680 meus
853 1616 980 1680 domina
1006 1615 1075 1681 ueri
1103 1615 1162 1681 Dei
1186 1616 1296 1680 nescia
1323 1633 1381 1680 uec
1403 1616 1465 1680 eius
1482 1637 1501 1675 o

317 1721 450 1804 imperio
479 1721 662 1805 subiugata,
695 1723 752 1786 sed
778 1722 1001 1788 uitiosissimis
1036 1723 1244 1788 daemonibus
1273 1739 1465 1804 corrumpen-

318 1829 406 1893 tibus
433 1827 631 1911 prostituta?
659 1827 795 1893 Proinde
824 1829 974 1908 uirtutes,
1002 1849 1081 1912 quas
1109 1829 1225 1894 habero
1249 1829 1313 1892 sibi
1335 1828 1464 1900 uidetur,

319 1953 376 2018 per
393 1953 472 2018 quas
495 1933 631 2018 imperat
654 1935 777 2018 corpori
802 1939 834 2000 eb
857 1935 956 2014 uitiis,
981 1935 1020 2000 ad
1044 1935 1209 2019 quodlibet
1232 1931 1463 2017 adipiscendum

318 2042 372 2105 uel
395 2039 568 2105 tenendum
591 2041 752 2106 rettulerit
773 2041 835 2106 nisi
859 2043 898 2106 ad
922 2042 1036 2121 Deum,
1061 2042 1158 2108 etiam
1180 2041 1270 2125 ipsae
1294 2041 1375 2105 uitia
1397 2043 1463 2104 suoi

318 2145 427 2230 potius
466 2165 560 2230 quam
598 2146 744 2214 uirtutes.
781 2147 864 2212 Nam
896 2148 974 2212 licet
1005 2167 1024 2213 a
1052 2148 1241 2232 quibusdam
1274 2149 1352 2212 tuuc
1378 2162 1498 2210 aeruca
1556 2209 1557 2222 ἶ

320 2253 423 2337 adque
450 2253 603 2317 honestae
626 2257 780 2334 putentur
804 2273 874 2320 esse
898 2255 1047 2334 uirtutes,
1076 2273 1149 2320 cum
1172 2253 1354 2319 referuntur
1375 2253 1412 2318 ad
1433 2269 1462 2315 se
1556 2233 1557 2258 ¹

318 2361 406 2446 ipsas
437 2379 497 2425 neo
527 2363 657 2444 propter
688 2359 776 2425 aliud
808 2364 1013 2444 expetuntur:
1047 2360 1143 2426 eiiam
1175 2362 1252 2426 tunc
1282 2361 1406 2425 inflatae
1431 2376 1463 2422 ac

320 2467 474 2551 superbae
497 2471 583 2544 suut,
607 2469 640 2531 ei
662 2465 734 2532 ideo
758 2487 818 2532 nou
845 2467 992 2545 uirtutes,
1017 2466 1073 2532 scd
1096 2467 1176 2532 uilia
1194 2467 1364 2532 iudicanda
1385 2467 1461 2530 suut.
1555 2515 1556 2518 ,

320 2573 412 2640 Sicut
438 2573 521 2638 enim
549 2591 610 2638 uou
639 2577 689 2638 est
716 2593 850 2639 acerne
874 2573 1209 2658 sedsupercernem,
1239 2573 1324 2656 quod
1348 2591 1461 2637 caruem

319 2680 398 2744 lacit
428 2679 554 2744 uiuere:
588 2679 634 2744 sic
666 2699 728 2745 uon
761 2684 812 2746 ost
844 2681 882 2745 ab
916 2681 1053 2760 homine,
1087 2680 1145 2746 sed
1177 2701 1273 2764 super
1300 2679 1496 2747 homiuem,o

320 2785 405 2867 quod
432 2785 593 2849 bominem
620 2785 698 2851 facit
724 2785 817 2851 beato
844 2786 969 2864 uiuere;
1000 2806 1058 2853 uec
1086 2786 1190 2852 solum
1220 2786 1390 2861 hominem,
1413 2781 1461 2847 sed
1554 2839 1555 2862 Τ

319 2891 416 2955 etiam
439 2891 617 2973 quamlibet-
637 2896 830 2975 potestatem
853 2893 1071 2976 uirtutemque
1094 2893 1274 2958 caelestem.

759 3051 898 3118 CAPUT
920 3053 1035 3120 XXVI.

321 3175 375 3238 De
402 3193 499 3255 pace
526 3174 671 3257 populi
699 3175 874 3241 alienati
901 3195 920 3242 a
948 3177 1039 3256 Deo,
1069 3197 1145 3260 qua
1168 3177 1305 3242 utitur
1327 3173 1371 3240 ad
1392 3169 1460 3254 pie·
1553 3153 1554 3158 ἵ

320 3285 446 3345 baiam
483 3281 661 3363 populus
698 3281 784 3362 Dei,
823 3283 911 3348 dum
950 3285 985 3348 iu
1022 3285 1096 3350 boc
1134 3285 1375 3368 peregrinus
1406 3277 1493 3342 ests

819 3390 974 3456 mondo

367 3509 524 3590 Quocirca
552 3516 589 3577 ut
616 3513 687 3576 uilo
713 3513 817 3578 caruis
846 3515 951 3580 auimo
974 3519 1032 3592 est,
1060 3515 1107 3580 ita
1129 3516 1222 3580 beata
1244 3516 1313 3581 uiba
1335 3514 1458 3580 hominis

320 3617 409 3683 Deus
433 3624 492 3697 est,
517 3619 555 3683 de
579 3638 641 3702 quo
666 3619 777 3684 dicuni
795 3637 903 3686 sacrae
922 3621 1046 3687 litterae
1065 3623 1297 3689 Hebraeorum:
1321 3625 1457 3688 Beatus

410 3792 446 3846 28
463 3792 508 3847 Pe.
530 3793 590 3855 143,
611 3795 646 3847 15

358 3899 370 3951 l
396 3899 545 3966 imperate
633 3901 651 3953 4
673 3904 790 3970 possunt
814 3919 844 3972 q,·
868 3903 924 3956 sint
937 3920 960 3972 p
1068 3920 1127 3958 esse
1152 3921 1232 3960 uerae
1251 3923 1280 3974 q;
1306 3922 1362 3960 esse
1380 3918 1457 3969 ooap

321 3987 529 4042 8seruieudum
550 4005 646 4043 osseo
718 3991 889 4061 praecipitp
953 3993 1156 4063 9iuuperante
1226 3995 1258 4048 12
1277 3995 1415 4052 'restituta
1432 3991 1456 4043 is
1550 4051 1551 4062 ἶ

321 4093 406 4146 marp.
426 4093 460 4131 m.
481 4081 501 4130 2
520 4078 720 4147 'prostitutae
791 4079 923 4150 haberip
996 4081 1049 4135 sibi
1068 4083 1202 4137 habereo
1285 4085 1316 4138 13
1335 4087 1363 4138 et
1379 4079 1454 4144 dubl

321 4164 463 4218 iudiciise
538 4168 571 4219 14
590 4167 643 4220 uisi
663 4167 697 4221 ad
716 4167 804 4222 Deum
825 4169 997 4224 rettuleribo
1085 4171 1146 4241 ipsa
1165 4171 1243 4226 codd.
1317 4173 1348 4226 16
1367 4167 1453 4238 adque]
1550 4199 1551 4202 ¹

323 4258 385 4308 eto
458 4271 519 4308 cum
538 4254 573 4308 ad
591 4272 621 4310 se
639 4257 714 4326 ipsas
733 4257 887 4312 referuntur
903 4274 920 4312 o
977 4260 1010 4313 18
1029 4263 1058 4313 et
1075 4258 1138 4314 ideo
1158 4259 1351 4332 obcppp²o‚·
1369 4263 1396 4313 ei
1411 4271 1453 4310 os.

322 4341 494 4413 p¹oDomb.
549 4343 729 4414 24alieuaf
795 4345 830 4400 ad
849 4363 874 4416 p.
894 4365 920 4417 p.
940 4347 992 4402 Dei
1010 4365 1097 4418 om.q
