3192 4959
295 433 345 485 De
373 433 550 485 ciuitate
579 431 641 485 dci
667 429 733 485 lib.
761 432 877 486 XVIIII.
907 449 982 502 cap.
1008 434 1122 487 17-19.
1216 438 1281 500 405

127 647 185 692 nec
218 647 334 712 corpus
367 629 513 701 animale,
546 628 641 714 quod,
675 628 750 692 dum
781 629 1004 712 corrumpitur,
1034 629 1188 712 adgrauat
1220 628 1284 692 ani-

126 754 226 810 mam,
255 735 312 798 sed
341 735 483 817 spiritale
511 735 580 798 sine
603 735 671 798 ulla
693 735 870 818 indigentia
894 754 929 798 en
953 737 1038 800 omni
1062 741 1150 818 parte
1174 737 1283 800 subdi·

126 847 196 905 tum
226 841 396 906 uoluntati.
423 842 514 906 Hanc
541 841 768 928 pacem-dum
795 843 1014 926 peregrinatur
1035 841 1068 906 in
1090 842 1163 916 fide,
1187 843 1283 909 habet

126 949 234 1030 adque
257 967 293 1011 ex
316 948 375 1012 bac
398 948 460 1012 fide
483 950 568 1012 iuste
591 949 684 1022 uiuit,
710 967 783 1012 cum
809 949 847 1014 ad
870 949 959 1012 illam
979 967 1088 1030 pacem
1108 949 1282 1032 adipiscan-

96 1056 200 1119 ⁵dam
230 1055 327 1119 refert
356 1055 510 1136 quidquid
537 1055 690 1119 bonarum
719 1056 879 1120 actionum
908 1055 990 1140 gerit
1018 1075 1091 1138 erga
1118 1057 1221 1120 Deum
1251 1061 1283 1121 et

124 1162 318 1244 proximum,
342 1163 492 1244 quoniam
514 1162 584 1226 uita
605 1162 749 1226 biuitatis
773 1162 886 1244 utique
911 1163 1038 1226 socialis
1064 1166 1121 1227 est.

568 1337 705 1403 CAPUT
729 1339 847 1403 XVIII.

125 1462 252 1541 Quam
290 1460 457 1525 diuersa
494 1461 551 1524 sit
585 1461 830 1526 Academiae
867 1481 993 1526 nouae
1031 1460 1279 1546 ambiguitas

355 1568 632 1632 aconstantia
654 1567 758 1632 fidei
782 1567 1057 1632 Christianae.

83 1734 107 1772 ro
170 1707 267 1788 Quod
291 1711 398 1772 autem
422 1707 543 1772 adtinet
565 1709 605 1772 ad
626 1709 715 1772 illam
740 1709 961 1786 differentiam,
987 1729 1081 1792 quam
1106 1710 1143 1773 de
1162 1708 1282 1774 Acade·

122 1815 219 1879 micis
245 1815 337 1880 nouis
356 1815 455 1879 Varro
472 1814 628 1891 adhibuit,
650 1816 766 1897 quibus
785 1815 908 1879 incerta
926 1819 1001 1880 suut
1020 1815 1134 1892 omnia,
1155 1815 1280 1878 omnino

124 1923 244 1987 ciuitas
273 1920 333 1984 Dei
360 1922 459 1984 talem
488 1920 720 1985 dubitationem
744 1924 908 2002 tamquam
932 1921 1120 1985 dementiam
1146 1921 1282 1985 detesta-

122 2031 187 2104 tur,
212 2027 334 2092 habens
358 2025 398 2091 de
420 2028 526 2104 rebus,
551 2047 629 2110 quas
652 2030 758 2092 mente
780 2026 885 2109 adque
905 2028 1024 2091 ratione
1045 2028 1280 2110 conprehendit,

123 2133 256 2198 etiamsi
289 2152 419 2215 paruam
451 2138 581 2216 propter
612 2153 726 2215 corpus
760 2133 977 2216 corruptibile,
1011 2133 1095 2216 quod
1129 2133 1282 2218 adgrauat

81 2264 105 2302 ra
123 2243 267 2307 animam
293 2240 467 2326 (qnoniam,
492 2241 578 2305 sicut
600 2240 679 2304 dicit
697 2241 873 2321 apostolus,
900 2261 942 2304 ex
964 2246 1078 2323 parte
1103 2240 1280 2328 scimus),

122 2353 234 2412 tamen
260 2347 470 2411 certissimam
495 2347 671 2421 scientiam,
695 2347 857 2428 creditque
882 2348 1028 2412 sensibus
1050 2348 1083 2412 in
1107 2349 1152 2412 rei
1176 2349 1280 2412 ouius-

122 2475 185 2537 que
227 2453 398 2529 euidentia,
437 2453 553 2534 quibus
591 2472 647 2536 per
683 2472 797 2535 corpus
832 2453 954 2518 animus
987 2455 1098 2531 utitur,
1132 2455 1279 2535 quoniam

120 2560 342 2626 miserabilius
365 2559 498 2637 fallitur,
522 2559 577 2641 qui
600 2579 772 2642 numquam
794 2563 889 2642 putat
913 2561 958 2624 eis
984 2579 1053 2624 esse
1073 2561 1279 2628 credendum:

120 2669 227 2732 credit
261 2668 356 2731 etiam
389 2667 555 2748 scripturis
590 2667 708 2731 sanctis
742 2671 774 2731 et
806 2667 968 2732 ueteribus
1002 2673 1033 2730 et
1065 2667 1167 2743 nouis,
1201 2687 1279 2747 quas

78 2797 102 2834 zo
120 2774 296 2839 canonicas
329 2773 539 2855 appellamus,
569 2773 652 2836 unde
679 2773 759 2836 fides
788 2774 858 2854 ipsa
886 2777 1038 2856 concepta
1066 2779 1125 2851 est,
1154 2792 1189 2836 en
1218 2791 1280 2854 qrra

118 2882 233 2945 iustus
257 2879 357 2953 uiuit;
381 2898 555 2961 perquam
580 2878 647 2942 sinc
671 2879 868 2944 dubitatione
892 2881 1104 2956 ambulamus,
1129 2879 1279 2961 quamdiu

118 2984 364 3069 peregrinamur
395 3003 413 3046 a
446 2985 597 3060 Domino;
627 3005 689 3067 qrra
717 2985 808 3049 salua
836 2985 937 3068 adque
966 2990 1052 3050 certa
1079 2986 1117 3051 de
1150 2987 1279 3066 qrribus·

119 3094 194 3156 dam
220 3092 328 3182 rebus,
353 3109 432 3172 quas
456 3109 558 3171 neque
582 3110 677 3155 sensu
700 3111 802 3172 neque
821 3093 941 3156 ratione
959 3091 1157 3175 percepimus
1177 3111 1279 3173 neque
1318 3171 1320 3178 Ι

117 3199 216 3262 nobis
251 3217 309 3280 per
340 3197 531 3278 scripturam
565 3197 746 3261 eanonicam
781 3198 962 3262 claruerunt
994 3219 1050 3263 neo
1082 3219 1138 3280 per
1168 3203 1278 3276 testea,

76 3331 101 3370 aa
119 3306 244 3388 quibus
276 3324 338 3368 non
372 3303 497 3366 credere
526 3303 698 3368 absurdum
728 3308 786 3380 est,
814 3305 844 3367 in
874 3309 1012 3369 nostram
1037 3305 1181 3369 notitiam
1211 3325 1278 3387 per-

117 3415 292 3484 uenerunt,
317 3411 386 3473 sine
410 3411 495 3474 iusta
517 3411 760 3492 reprehensione
784 3411 979 3476 dubitamus.

555 3585 691 3651 CAPUT
715 3587 848 3651 XVIIII.

239 3711 294 3774 Dc
319 3709 463 3773 habitu
488 3712 527 3772 et
549 3711 729 3774 moribus
753 3712 896 3793 populi
922 3711 1161 3778 Christiani.

162 3851 259 3916 Nihil
293 3870 367 3914 sane
400 3850 440 3913 ad
478 3851 574 3914 istam
611 3852 748 3932 pertinet
785 3853 950 3918 ciuitatem
987 3874 1048 3935 quo
1081 3853 1191 3917 habitu
1226 3852 1276 3916 uel

75 3979 99 4015 so
117 3979 209 4024 more
236 3957 379 4033 uiuendi,
404 3957 432 4021 si
455 3976 516 4020 nou
536 3962 586 4020 est
605 3962 714 4022 contra
733 3959 842 4024 diuina
860 3965 1038 4042 praecepta,
1058 3961 1151 4023 istam
1172 3959 1276 4034 tidem,

214 4135 248 4185 lb
271 4131 294 4184 l.
315 4129 376 4185 Cor.
397 4133 439 4197 13,
458 4133 475 4185 9
530 4132 562 4184 21
584 4131 667 4185 Abac.
688 4134 712 4193 2,
732 4135 749 4186 4
804 4134 918 4188 220012
939 4137 963 4195 5,
984 4136 999 4188 6

155 4256 511 4324 1c0,'rurup.‚neros.,p
574 4254 784 4325 3habitatq;p
848 4261 983 4326 5ergop
1052 4257 1084 4310 10
1104 4258 1276 4328 beauchamp

117 4347 153 4398 ‘23
172 4344 350 4413 percepimus
370 4360 449 4412 epu·
468 4342 631 4412 percipimus
651 4345 695 4396 ab
705 4363 724 4412 p
