3192 4959
301 486 364 549 562
640 483 668 534 ul.
697 480 854 533 Aurelii
881 479 1100 548 Augustini

344 681 390 746 Ut
412 681 519 744 autem
543 678 693 742 nouerint
717 677 772 742 isti
796 678 827 741 in
852 696 1037 761 peruersum
1061 675 1283 741 misericordes
1304 694 1365 756 quo
1383 695 1444 756 per-

303 788 404 852 tineat
428 787 512 868 quod
537 785 692 867 scriptum
718 787 781 849 est:
816 782 931 862 Quam
955 785 1074 848 multa
1097 782 1306 846 multitudo
1332 781 1445 846 dulce·

303 894 403 957 dinis
428 896 527 968 tuae,
552 891 720 967 Domine,
745 911 854 972 quam
884 889 1120 954 abscondisti
1149 889 1377 954 timentibus
1400 891 1445 952 te!

302 1002 413 1083 legant
437 997 522 1081 quod
546 997 706 1079 sequitur:
738 997 947 1061 Perfecisti
981 1000 1104 1060 autem
1138 996 1384 1077 sperantibus
1415 995 1446 1058 iu

302 1109 349 1169 te.
375 1103 459 1184 Quid
484 1107 534 1168 est
557 1103 795 1168 abscondisti
820 1104 1056 1180 timentibus,
1080 1103 1283 1184 perfecisti
1308 1122 1448 1185 speran-
1475 1119 1486 1159 s

302 1213 418 1288 tibus,
447 1212 509 1276 uisi
537 1212 612 1293 quia
639 1211 716 1288 illis,
746 1210 799 1292 qui
829 1211 942 1274 timore
971 1229 1141 1292 poenarum
1171 1229 1262 1273 suam
1294 1209 1447 1272 iustitiam

303 1318 418 1383 uolunt
437 1318 630 1382 constituere
651 1336 731 1399 quae
750 1317 782 1380 in
802 1319 874 1400 lege
895 1320 954 1390 est,
969 1335 1029 1380 non
1051 1320 1100 1380 est
1119 1316 1246 1380 iustitia
1260 1315 1321 1380 Dei
1340 1315 1447 1390 dulcis,

303 1426 379 1507 quia
402 1425 550 1489 nesciunt
568 1428 658 1489 eam?
682 1425 753 1487 Non
773 1425 856 1488 enim
877 1427 1088 1506 gustarenmt
1106 1442 1186 1486 eam.
1210 1424 1246 1486 In
1266 1442 1300 1486 se
1321 1441 1448 1504 namque

303 1535 440 1613 sperant,
460 1550 520 1595 nou
545 1532 576 1594 in
601 1531 682 1612 ipso,
703 1534 735 1594 et
757 1529 829 1594 idco
855 1529 900 1593 eis
925 1529 1131 1594 absconditur
1154 1529 1330 1593 multitudo
1351 1529 1447 1591 dulce·

303 1639 386 1701 dinis
418 1636 494 1712 Dei;
528 1636 675 1717 quomam
709 1636 825 1699 timent
856 1635 985 1717 quidem
1017 1635 1132 1714 Deum,
1163 1635 1220 1699 sed
1253 1636 1309 1699 illo
1342 1635 1483 1698 timoren

304 1744 425 1822 seruili,
454 1744 508 1825 qui
542 1762 602 1807 non
636 1747 686 1806 ost
713 1743 744 1806 in
773 1742 916 1824 caritate,
945 1743 1020 1823 quia
1051 1743 1191 1824 perfecta
1224 1742 1340 1806 caritas
1371 1741 1446 1805 foras

304 1850 406 1914 mittit
428 1849 587 1913 timorem.
625 1847 700 1911 Ideo
730 1847 930 1930 sperantibus
953 1847 986 1910 in
1011 1865 1084 1912 curn
1108 1847 1232 1930 perficit
1255 1847 1444 1912 dulcedinem

305 1976 396 2021 suam
429 1956 610 2038 inspirando
645 1955 690 2019 eis
725 1956 890 2018 caritatem
923 1974 1024 2025 suam,
1054 1959 1091 2018 ut
1121 1955 1236 2018 timore
1265 1957 1364 2030 casto,
1391 1971 1443 2017 non

306 2082 401 2145 quern
432 2063 547 2126 caritas
576 2063 660 2126 foras
689 2061 801 2128 mittit.
830 2061 885 2126 sed
914 2064 1117 2144 permanente
1144 2062 1175 2126 in
1201 2062 1365 2125 sacculum
1387 2079 1444 2122 sae

306 2171 382 2244 culi,
410 2189 482 2233 curn
512 2168 697 2250 gloriantur,
725 2168 757 2230 in
787 2167 923 2232 Domino
953 2167 1138 2248 glorientur.
1175 2167 1307 2230 lustitia
1339 2166 1443 2248 quippe
1460 2183 1479 2222 u
1565 2207 1566 2242 ,

306 2276 365 2340 Dei
396 2274 542 2339 Christus
571 2285 630 2350 est,
660 2273 724 2355 qui
755 2274 882 2338 factus
916 2280 974 2336 est
1007 2271 1125 2350 nobis,
1155 2273 1240 2338 sicut
1273 2271 1352 2338 dicit
1381 2290 1444 2354 apo·

307 2381 422 2456 stolus,
448 2379 640 2462 sapientia
668 2379 785 2442 aDeo
815 2382 852 2441 et
880 2378 1035 2442 iustitia
1063 2383 1099 2442 et
1130 2379 1392 2444 sanctificatio
1414 2384 1444 2442 et

306 2485 504 2562 redemtio,
528 2488 579 2562 ut,
604 2504 710 2566 quem
740 2485 784 2548 ad
812 2484 959 2548 modum
989 2486 1172 2568 scripturn
1198 2489 1266 2562 est,
1292 2487 1355 2570 qui
1377 2487 1444 2570 glo·

305 2595 437 2670 riatur,
464 2593 502 2654 in
530 2591 688 2655 Domino
721 2591 920 2674 glorietur.
956 2591 1047 2654 Hauc
1076 2590 1133 2656 Dei
1162 2592 1333 2672 iustitiam,
1361 2611 1444 2675 quam

306 2700 403 2764 donat
434 2698 536 2782 gratia
567 2698 636 2761 sine
668 2697 802 2774 meritis,
832 2696 978 2762 nesciunt
1004 2697 1062 2775 illi,
1093 2699 1146 2778 qui
1175 2717 1266 2762 suam
1299 2699 1480 2764 iustitiama

307 2806 422 2869 uolunt
449 2804 653 2880 constituere,
684 2807 716 2867 et
743 2805 814 2867 ideo
843 2803 987 2867 iustitiae
1017 2805 1087 2882 Dei,
1111 2805 1195 2888 quod
1225 2810 1276 2870 est
1300 2805 1444 2870 Christus.

307 2931 368 2976 non
393 2915 469 2974 sunt
492 2911 639 2974 subiecti.
663 2909 699 2972 In
724 2928 786 2991 qua
809 2909 932 2974 iustitia
956 2914 1006 2974 est
1029 2913 1131 2976 multa
1153 2912 1328 2976 multitudo
1353 2913 1444 2976 dulce·

309 3017 391 3081 dinis
415 3017 485 3089 Dei,
511 3019 758 3098 propterquam
783 3015 901 3079 dicitnr
924 3017 955 3080 iu
979 3019 1118 3097 psalmo:
1153 3017 1315 3083 Gustata
1344 3023 1377 3082 et
1403 3017 1444 3080 ui·

309 3125 395 3187 dete
425 3142 533 3205 quam
563 3122 685 3187 dulcis
710 3125 769 3187 est
791 3122 985 3188 Dominus
1025 3123 1064 3187 Et
1088 3124 1167 3188 hanc
1192 3125 1320 3207 quidem
1343 3125 1372 3189 iu
1394 3125 1443 3188 bac

307 3229 562 3312 peregrinatione
594 3231 773 3312 gustantes,
802 3248 863 3292 non
897 3229 936 3292 ad
970 3229 1151 3294 satietatem
1185 3237 1357 3306 sumentes,
1383 3247 1475 3294 esu-a

309 3337 409 3400 rimus
441 3355 510 3399 eam
537 3336 645 3417 potius
674 3354 710 3398 ac
739 3336 878 3412 sitimus,
904 3337 940 3399 ut
968 3354 1004 3399 ca
1032 3340 1145 3418 postea
1172 3341 1357 3415 saturemur,
1380 3355 1439 3402 curn

309 3443 493 3508 uidebimus
521 3463 605 3519 eum,
630 3443 725 3506 sicuti
754 3446 813 3516 est,
840 3449 871 3505 et
897 3443 1073 3525 inplebitur
1101 3443 1185 3525 quod
1215 3445 1438 3527 scriptumest:

311 3550 529 3627 Saturabor,
554 3569 637 3613 curn
665 3549 981 3614 manifestabitur
1004 3549 1128 3633 gloria
1150 3553 1225 3614 tua.
1263 3553 1313 3616 lta
1334 3547 1438 3633 perficit

400 3810 597 3872 arreum
665 3811 778 3864 auom.
801 3813 879 3872 10.3
950 3812 1187 3878 111.10.4,18
1255 3814 1287 3868 16
1308 3811 1399 3868 acor.
1418 3809 1436 3862 1.

311 3899 405 3968 30sq.
460 3899 688 3964 21R0m.10,3
744 3901 941 3968 23Ps.33‚9
996 3902 1205 3970 271.10.3,2
1256 3899 1435 3957 caparam

348 4051 482 4143 2¹magna
501 4075 554 4140 be;
572 4076 604 4127 in
621 4093 707 4144 ortorp.
718 4053 822 4140 multa,
842 4095 856 4130 c
928 4081 944 4130 5
964 4077 1149 4131 metuentibus
1169 4099 1186 4132 a
1264 4081 1280 4132 6
1299 4079 1350 4132 illis
1366 4089 1435 4140 omo

312 4164 595 4217 uoluntiustitiamo
670 4165 702 4218 10
721 4166 748 4218 in
766 4165 851 4220 illob
928 4167 957 4218 ll
978 4167 1050 4220 foras
1069 4183 1120 4220 om.
1139 4167 1164 4220 e¹
1229 4169 1277 4244 Ι15
1295 4169 1321 4221 in
1339 4163 1434 4220 Domino

312 4296 363 4332 om.
381 4296 399 4347 p
488 4280 520 4332 21
543 4278 667 4332 Christus
687 4282 762 4335 esto
854 4283 888 4336 22
908 4283 1043 4351 magnab
1133 4284 1168 4337 26
1187 4247 1283 4344 saberti.
1303 4283 1324 4338 ci
1341 4299 1370 4335 nr.
1387 4281 1433 4340 te

313 4368 347 4420 28
366 4365 586 4420 manifestabitur
603 4367 670 4420 mihi
689 4369 776 4437 gloria
795 4387 812 4419 α
884 4369 999 4440 perfecit
1018 4389 1036 4424 o
