3192 4959
307 461 357 514 De
386 459 559 512 ciuitate
587 458 649 513 dei
677 457 742 512 lib.
769 457 856 512 XXII.
885 475 960 528 cap.
989 459 1031 512 21.
1061 457 1104 511 22.

132 653 304 718 nosissirna
331 653 399 717 uita
426 652 517 717 bonis
545 653 703 734 malisque
729 653 874 738 largitur,
902 655 972 736 ipso
1001 654 1171 718 adiuuante
1196 652 1280 718 ooni-

132 759 266 831 ciamus,
294 762 332 822 ut
358 777 542 842 possumus,
572 762 726 840 quantum
754 760 798 822 sit
827 759 918 836 illud,
947 761 1031 842 quod
1059 758 1199 825 nondum
1232 778 1280 823 er-

131 868 212 949 perti
240 866 352 948 utiquc
376 866 471 949 digne
495 866 602 948 eloqui
624 885 685 930 non
710 867 865 931 ualemus.
890 866 1011 931 Omitto
1036 867 1130 944 eninr,
1155 865 1279 948 quando

131 973 210 1038 fecit
230 973 391 1036 hominem
414 976 550 1048 rectum3
576 973 688 1037 omitto
712 973 812 1036 uitam
835 973 924 1036 illam
949 973 1083 1038 duorum
1108 973 1280 1056 coniugum

101 1081 164 1143 sin
193 1079 331 1162 paradisi
359 1078 555 1143 fecunditate
582 1079 719 1154 felicem,
749 1078 896 1160 quoniam
924 1083 989 1143 tam
1017 1079 1125 1144 breuis
1148 1079 1221 1154 fuit,
1246 1082 1282 1142 ut

133 1186 173 1251 ad
206 1187 405 1251 nascentium
438 1205 567 1250 sensum
600 1205 657 1250 nec
688 1187 760 1269 ipsa
792 1187 986 1267 peruenerit:
1019 1185 1050 1249 in
1084 1187 1152 1260 hac,
1186 1203 1281 1268 quam

133 1293 295 1367 nouimus,
314 1293 345 1356 in
370 1311 432 1375 qua
455 1293 558 1357 adhuc
582 1311 705 1368 sumus,
730 1292 823 1356 cuius
842 1293 1046 1370 tentationes,
1068 1293 1166 1356 immo
1187 1309 1281 1374 quam

132 1402 233 1464 totam
262 1400 481 1477 tentationem,
511 1399 661 1482 quamdiu
686 1399 717 1462 in
747 1418 784 1463 ea
807 1419 930 1476 sumus,
956 1399 1190 1480 quantumlibet
1211 1416 1282 1480 pro·

132 1505 290 1582 ficiamus,
313 1507 435 1588 perpeti
458 1525 519 1570 nou
545 1505 732 1582 desinimus,
756 1525 836 1588 quae
861 1507 925 1570 sint
942 1503 1059 1570 indicia
1079 1505 1163 1569 circa
1181 1522 1282 1587 genus

90 1633 114 1669 ro
133 1615 309 1678 humanum
334 1613 486 1678 bonitatis
509 1612 579 1690 Dei,
602 1614 674 1696 quis
697 1613 816 1695 poterit
840 1614 1018 1695 explicare?

577 1803 715 1869 CAPUT
738 1805 840 1868 XXII.

133 1947 189 2011 De
218 1944 401 2012 miseriis
425 1963 467 2010 ac
491 1946 620 2021 malis,
652 1945 800 2028 quibus
825 1947 1038 2011 humanum
1063 1965 1188 2031 genus
1212 1963 1283 2010 me·

132 2053 214 2116 rito
252 2053 404 2135 primae
437 2053 813 2134 praeuaricationis
851 2052 1065 2118 obnoxium
1099 2056 1162 2118 est
1195 2054 1234 2117 et
1266 2070 1283 2115 a

134 2159 286 2242 quibus
317 2178 429 2222 nemo
461 2159 541 2222 nisi
573 2178 643 2241 per
675 2159 833 2224 Christi
867 2159 1040 2242 gratiam
1069 2159 1281 2225 liberatur.

93 2321 118 2360 rs
185 2301 269 2366 Nam
289 2301 374 2384 quod
393 2300 432 2365 ad
447 2302 581 2386 primam
602 2302 755 2387 originem
776 2303 926 2384 pertinet,
951 2321 1075 2366 ornnem
1099 2301 1283 2366 mortalium

132 2408 319 2492 progeniem
347 2407 447 2474 irrisae
476 2408 666 2484 damnatam,
695 2410 771 2474 haec
800 2410 871 2491 ipsa
899 2409 976 2485 uita,
1006 2409 1034 2474 si
1058 2409 1125 2473 uita
1151 2407 1284 2472 dicenda

133 2518 195 2592 est,
225 2517 275 2579 tot
303 2518 336 2578 et
361 2514 459 2579 tantis
487 2515 580 2579 malis
609 2517 702 2598 plena
729 2518 876 2580 testatur.
906 2512 990 2593 Quid
1018 2514 1100 2580 enim
1129 2513 1215 2578 aliud
1238 2514 1283 2577 in-

134 2622 222 2686 dicat
249 2621 403 2686 horrenda
426 2621 580 2704 quaedam
599 2621 798 2705 profunditas
818 2622 1024 2706 ignorantiae,
1045 2641 1080 2685 er
1100 2641 1161 2704 qua
1181 2621 1283 2685 omnis

135 2748 221 2793 error
245 2727 380 2804 exsistit,
409 2727 463 2809 qui
488 2746 596 2791 omnes
626 2727 710 2793 filios
734 2728 836 2792 Adam
860 2728 1027 2792 tenebroso
1052 2727 1188 2809 quodam
1212 2726 1283 2790 sinu

90 2855 117 2894 ao
134 2834 283 2917 suscipit,
315 2838 353 2898 ut
383 2835 478 2899 homo
507 2834 545 2898 ab
573 2834 629 2898 illo
657 2835 783 2898 liberari
812 2835 878 2898 sine
905 2835 1013 2900 labore
1042 2833 1148 2897 dolore
1171 2834 1284 2897 timore

135 2961 197 3006 non
221 2941 347 3024 possit?
372 2939 455 3019 Quid
479 2959 568 3006 amor
589 2942 658 3024 ipse
683 2945 858 3006 tetrorum
883 2961 1034 3006 uariarum
1060 2940 1161 3024 adque
1181 2939 1285 3004 noria-

134 3068 207 3112 rum
231 3050 264 3111 et
286 3065 322 3111 er
346 3047 406 3113 hoc
430 3049 593 3113 mordaces
617 3067 720 3124 curae,
744 3047 1007 3129 perturbationes,
1031 3045 1200 3123 maerores,
1224 3047 1283 3110 for-

134 3154 282 3231 midines,
310 3154 421 3218 insana
449 3155 575 3239 gaudia,
605 3155 791 3231 discordiae,
819 3155 904 3232 lites,
933 3155 1026 3232 bella,
1053 3153 1199 3230 insidiae,
1227 3151 1285 3216 ira-

135 3259 281 3338 cundiae,
307 3259 502 3336 inimicitiae,
531 3260 666 3338 fallacia,
696 3261 848 3338 adulatio,
875 3261 974 3339 fraus,
1002 3261 1134 3336 furtum,
1167 3259 1284 3341 rapina,

88 3387 117 3428 aa
135 3367 278 3450 perfidia,
312 3366 468 3450 superbia,
503 3367 645 3444 ambitio,
677 3367 863 3446 inuidentia,
895 3367 1078 3444 homicidia,
1108 3365 1285 3450 parricidia,

135 3473 319 3552 crudelitas,
352 3473 496 3549 saeuitia,
530 3475 680 3556 nequitia,
708 3475 842 3552 luxuria,
871 3475 1056 3556 petulantia,
1089 3471 1284 3556 inpudentia,

134 3579 592 3664 inpudicitia.fornicationes,
617 3581 782 3659 adulteria,
811 3582 933 3646 incesta
957 3584 989 3646 et
1011 3584 1119 3645 contra
1142 3583 1286 3642 naturam

135 3688 303 3769 utriusque
327 3707 421 3752 serus
444 3691 494 3751 tot
517 3691 627 3770 stupra
649 3688 752 3770 adque
776 3688 993 3760 inmunditiae,
1024 3705 1101 3769 quas
1125 3690 1217 3768 turpe
1238 3689 1287 3748 est

174 4000 323 4053 imalisue
338 4018 360 4068 p
415 4001 595 4069 4sslorump
651 4003 741 4070 dqua
758 4001 886 4066 ponerint
905 4001 1028 4054 nouimus
1043 4017 1064 4068 p
1122 4001 1153 4053 16
1175 3999 1284 4052 damna·

138 4094 228 4158 turnp
277 4096 343 4157 post
361 4089 475 4144 dicenda
495 4095 538 4143 est
555 4091 587 4144 in
600 4107 613 4144 e
628 4092 755 4161 leputatur
774 4091 807 4143 de
826 4090 943 4143 miseriis
964 4091 1082 4144 omniurn
1096 4088 1246 4154 (hominum
1260 4087 1284 4152 f)

138 4194 171 4232 cx
188 4179 315 4232 lemmate
332 4178 378 4232 oie
395 4179 501 4232 inserto
576 4180 607 4233 17
626 4183 706 4249 tutp
779 4181 811 4232 19
832 4179 958 4232 extititb
1043 4177 1149 4231 tenebr.
1169 4174 1286 4244 quodam

138 4267 225 4322 omia
281 4267 316 4320 20
335 4267 451 4337 susmpit
470 4268 607 4336 coppam
625 4268 745 4337 suscepit
764 4285 777 4322 e
795 4269 895 4322 Domb.
950 4268 984 4320 25
1004 4266 1140 4334 inuidiap
1190 4266 1224 4318 26
1245 4266 1286 4316 in-

137 4355 289 4425 pudicitiae
308 4355 484 4422 iupudentiae
503 4375 518 4409 e
572 4357 606 4409 27
625 4357 789 4424 inpudicitia
808 4373 859 4410 om.
876 4373 896 4423 p
970 4356 1101 4408 incestum
1119 4371 1160 4423 pp
