3192 4959
314 435 379 499 228
659 430 686 485 S.
714 428 872 484 Aurelii
900 430 1118 499 Augustini
1208 506 1213 517 Ι

313 629 520 707 peccaturum
548 645 618 691 esse
645 625 834 711 nesciebat);
868 627 924 692 sed
951 630 1193 710 praeparauerat
1220 646 1351 712 regnum
1380 626 1451 701 eius,
1557 680 1558 709 ἶ

314 731 345 797 in
379 752 442 816 quo
473 733 577 816 figura
607 733 698 817 regni
729 736 816 799 esset
849 733 977 797 aeterni.
1010 733 1085 797 Ideo
1119 733 1255 799 addidit:
1283 734 1331 798 ut
1358 750 1452 797 nuno

315 857 481 921 reguum
514 842 627 902 tuum
660 858 733 903 nou
767 837 900 903 stabit
931 839 1019 903 tibi.
1054 838 1136 904 Steti
1184 858 1258 923 ergo
1292 843 1324 904 et
1352 840 1451 915 stabit,
1557 836 1558 893 ἶ

316 944 401 1027 quod
426 945 459 1009 in
486 944 543 1009 illo
572 944 787 1029 significatum
817 949 878 1017 est;
910 945 965 1009 sed
989 963 1050 1009 nou
1074 945 1149 1009 haio
1172 946 1280 1021 stabit,
1305 947 1451 1029 quianon

313 1052 345 1115 in
378 1056 540 1115 aeternum
571 1052 641 1135 ipse
673 1052 779 1115 fuerat
804 1052 1005 1134 regnaturus,
1034 1071 1091 1116 neo
1118 1052 1287 1136 progenies
1317 1054 1396 1129 eius,
1423 1056 1483 1115 uls

315 1159 427 1223 saltem
469 1178 525 1241 per
564 1161 709 1241 posteros
751 1158 885 1221 alterum
924 1158 1014 1223 alteri
1057 1158 1263 1223 succedentes
1302 1158 1453 1223 uideretur

313 1263 427 1345 inpleri
468 1264 551 1346 quod
589 1264 710 1329 dietum
748 1266 811 1327 est:
853 1263 896 1326 In
940 1268 1157 1328 aeteruum.
1200 1265 1248 1329 at
1285 1270 1451 1346 quaeret,

314 1371 428 1453 inquit,
462 1371 653 1436 Dominus
682 1370 764 1435 sibi
792 1371 1007 1447 hominem
1037 1370 1106 1435 siue
1130 1371 1235 1435 Dauid
1262 1372 1331 1435 siue
1355 1372 1452 1453 ipsum

315 1477 522 1542 Mediatorem
560 1477 742 1561 significans
775 1477 960 1541 testamenti
992 1478 1078 1550 noui,
1117 1478 1171 1560 qui
1204 1476 1399 1561 figurabatur
1427 1478 1451 1540 iu

315 1584 484 1648 chrismate
522 1584 627 1661 etiam,
666 1603 729 1666 quo
761 1586 877 1647 unctus
911 1586 961 1648 est
992 1584 1061 1667 ipse
1094 1584 1199 1649 Dauid
1231 1588 1264 1650 et
1294 1584 1451 1669 progenies
1467 1605 1486 1643 ιο

315 1691 395 1754 eius.
432 1690 503 1754 Non
540 1693 647 1755 autem
684 1690 773 1773 quasi
809 1691 931 1755 neseiat
958 1690 1013 1755 ubi
1045 1690 1097 1769 eit,
1130 1692 1176 1756 ita
1207 1691 1270 1755 sibi
1301 1690 1452 1755 homiuem

315 1798 402 1861 Deus
440 1797 578 1879 quaerit;
616 1797 673 1861 sed
709 1816 766 1878 per
802 1797 962 1861 homiuem
996 1816 1082 1862 more
1113 1797 1277 1861 hominurn
1309 1798 1452 1880 loquitur,

317 1903 391 1985 quia
413 1906 446 1966 et
468 1903 515 1967 sio
536 1903 695 1985 loquendo
719 1922 776 1968 nos
801 1904 934 1985 quaerit.
959 1904 1029 1967 Non
1049 1904 1154 1969 solum
1173 1904 1256 1968 euim
1275 1904 1343 1969 Deo
1363 1904 1452 1971 Patri.
1554 1954 1558 1978 ‚1

316 2028 426 2073 uerum
456 2009 519 2090 ipsi
548 2028 674 2091 quoque
701 2010 872 2093 Unigenito
902 2010 981 2087 eius,
1012 2012 1066 2092 qui
1094 2011 1182 2075 uenit
1205 2029 1353 2093 quaerere
1377 2010 1453 2092 quod
1556 2001 1557 2034 ¹

315 2114 459 2198 perierat,
491 2134 594 2197 usque
628 2115 706 2181 adeo
738 2117 801 2180 iam
835 2134 960 2180 eramus
993 2116 1070 2195 noti,
1098 2120 1135 2181 ut
1162 2117 1195 2181 in
1221 2118 1291 2200 ipso
1317 2134 1487 2181 essemusa

316 2222 408 2286 electi
437 2225 507 2285 ante
536 2222 799 2287 constitutionem
826 2222 946 2287 mundi.
976 2220 1152 2301 Quaerat
1180 2224 1261 2289 sibi
1285 2243 1359 2307 ergo
1383 2222 1453 2285 dixit
1553 2216 1557 2228 '

315 2331 420 2393 ‘suurn
453 2327 602 2392 habebit’.
636 2327 727 2392 Unde
754 2329 787 2392 in
815 2328 928 2392 Latina
957 2328 1069 2413 lingua
1095 2330 1155 2393 hoo
1183 2330 1316 2394 uerbum
1345 2328 1452 2409 accipit

314 2434 580 2516 praepositionem
608 2437 641 2498 et
667 2434 828 2515 ‘adquirit'
860 2434 989 2509 diuitum
1019 2434 1102 2515 quod
1132 2435 1210 2499 satis
1239 2438 1380 2518 apertum
1407 2438 1452 2497 est
1553 2444 1557 2470 ³

316 2540 392 2623 quid
415 2540 580 2624 significet.
611 2537 808 2621 Quamquam
835 2543 867 2604 et
890 2541 957 2605 sine
980 2540 1193 2605 additamento
1216 2538 1452 2623 praepositionis

316 2666 464 2729 quaerere
500 2646 706 2729 intellegatur
742 2646 919 2729 adquirere;
959 2666 995 2710 ex
1027 2665 1089 2730 quo
1121 2649 1210 2712 luera
1241 2651 1394 2712 uocantur
1423 2650 1486 2709 eto

316 2755 480 2834 quaestus.

771 2943 908 3009 CAPUT
932 2944 1003 3011 VII.

317 3088 371 3151 De
400 3085 667 3168 disruptione
695 3086 811 3169 regni
834 3086 1077 3165 Israelitioi‚
1107 3106 1181 3169 qua
1209 3088 1450 3172 praefigura-
1555 3106 1556 3141 1

316 3199 381 3257 tur
403 3195 600 3276 perpetua
623 3192 780 3257 diuiaio
804 3193 977 3257 Israelis
1002 3193 1211 3276 spiritalis
1234 3195 1279 3258 ab
1304 3194 1450 3259 Israele

803 3299 970 3364 carnali.
1464 3334 1486 3375 a

360 3440 483 3505 Rursus
506 3440 654 3522 peooauit
677 3438 755 3505 Saul
777 3460 834 3523 per
856 3440 1133 3517 inoboedientiam,
1155 3444 1186 3506 et
1203 3462 1315 3507 rursus
1334 3438 1450 3507 Samuel
1554 3424 1555 3471 l

316 3548 347 3611 iu
364 3547 461 3611 uerbo
478 3546 605 3611 Domini
620 3546 740 3612 altilli:
761 3544 864 3625 Quia
883 3548 1089 3628 spreuisti
1107 3549 1273 3613 uerbum
1289 3546 1448 3614 Domini.

317 3652 478 3735 spreuit
511 3656 549 3717 te
581 3652 786 3732 Dominae,
820 3656 864 3717 ut
895 3672 969 3717 nou
999 3652 1056 3719 sis
1085 3672 1149 3717 rex
1178 3672 1300 3737 super
1322 3652 1448 3719 Israel.

316 3759 358 3822 ldt
388 3778 498 3823 rrirsus
532 3778 588 3841 pro
622 3759 732 3824 eodem
760 3764 902 3841 peccato,
932 3778 1004 3824 oum
1033 3759 1065 3823 id
1093 3758 1296 3825 eonfiteretur
1324 3760 1394 3828 Saul
1421 3762 1449 3821 et

406 4017 439 4073 14
457 4018 503 4074 Lo.
524 4020 565 4081 19,
587 4020 620 4072 10
677 4020 709 4073 16
728 4018 796 4089 aph.
817 4020 842 4087 l,
861 4022 879 4073 4

350 4160 460 4215 2esset
477 4160 588 4229 segnia
631 4160 794 4230 daaltimp
847 4160 1054 4233 succidentesp
1099 4164 1130 4217 ll
1151 4180 1188 4233 sq.
1208 4164 1283 4217 Deus
1303 4163 1354 4217 sibi
1372 4158 1446 4215 horai·

316 4265 414 4303 nemo
451 4250 681 4303 remotaene
718 4250 1449 4319 14ueru1naoepppafDomo.;uerumeaiame

316 4339 350 4389 ‘27
371 4337 411 4389 ait
428 4337 470 4390 illi
488 4337 516 4389 iu
535 4336 618 4389 uerbo
636 4336 783 4391 Dominio
837 4340 871 4393 29
885 4346 952 4407 post
970 4340 998 4394 id
1017 4356 1125 4395 mosum
1144 4340 1281 4411 estquod,
1300 4358 1314 4396 a
