3192 4959
354 463 406 516 De
435 461 609 516 ciuitate
639 461 700 516 dei
728 462 792 516 lib.
817 461 874 517 XV.
904 480 979 532 cap.
1005 464 1047 517 lo.
1074 464 1115 517 ll.
1268 467 1348 529 79.

156 657 425 742 qrrattuordeeim,
445 657 562 740 quibus
582 657 699 722 suluisse
724 656 865 719 creditur
886 659 961 738 post
985 656 1154 720 diluuium.
1178 657 1312 738 Propter

156 765 240 848 quod
274 785 348 828 eum
382 765 535 844 nonnulli,
566 765 627 830 etsi
660 783 720 828 non
749 765 780 826 in
810 770 904 839 terra,
933 763 988 826 ubi
1017 783 1141 828 omnem
1174 783 1309 839 caruem,

156 892 251 955 quam
276 871 387 936 uiuere
411 872 442 934 in
468 871 558 954 aquis
579 875 692 934 natura
710 889 770 934 non
790 869 878 946 sinit,
898 872 1024 934 constat
1041 869 1142 934 fuisse
1161 869 1310 957 deletam,
1339 853 1345 864 ’

156 995 228 1042 cum
252 981 342 1060 patre
368 997 425 1042 suo
451 977 504 1058 qui
528 978 701 1042 translatus
725 977 829 1040 fuerat
852 976 1049 1057 aliquantum
1078 976 1178 1040 fuisse
1207 975 1309 1058 adque

121 1084 209 1160 cibi,
240 1084 340 1150 donec
370 1084 528 1149 diluuium
556 1084 751 1167 praeteriret,
780 1083 900 1146 uixisse
933 1083 1134 1159 arbitrantur,
1164 1084 1308 1147 nolentes

154 1191 306 1275 derogare
338 1191 433 1255 fidem
468 1189 643 1269 codicibus,
672 1209 751 1272 quos
784 1189 816 1254 in
850 1188 1072 1252 auctoritatem
1106 1188 1308 1254 celebriorem

154 1299 299 1381 suscepit
328 1299 474 1376 ecclesia,
499 1301 531 1362 et
560 1297 722 1362 credentes
751 1297 942 1362 Iudaeorum
969 1296 1077 1379 potius
1105 1315 1199 1377 quam
1227 1297 1308 1360 istos

155 1425 216 1468 non
239 1405 356 1469 habere
382 1404 464 1486 quod
484 1424 595 1468 uerum
620 1407 678 1469 est.
703 1403 774 1468 Non
795 1403 878 1466 enim
898 1401 1082 1480 admittunt,
1102 1402 1185 1483 quod
1206 1404 1308 1486 magis

154 1512 207 1575 hic
236 1531 308 1576 esse
336 1511 479 1594 potuerit
506 1529 591 1574 error
619 1511 837 1592 interpretum,
863 1529 957 1591 quam
985 1508 1016 1571 iu
1045 1527 1081 1572 ea
1103 1510 1215 1592 lingua
1237 1528 1308 1573 esse

108 1642 134 1680 ro
153 1619 283 1695 salsum,
314 1619 397 1682 unde
424 1619 456 1682 iu
486 1621 626 1682 nostram
654 1636 710 1700 per
738 1613 890 1680 Graecam
920 1614 1076 1696 scriptura
1106 1616 1175 1696 ipsa
1207 1618 1308 1679 trans-

153 1724 220 1787 lata
253 1727 313 1799 est,
343 1723 398 1787 sed
427 1724 575 1805 inquiunt
602 1741 662 1786 non
692 1741 762 1786 esse
795 1721 945 1785 credibile
979 1723 1183 1806 septuaginta
1215 1723 1308 1785 inter·
1339 1715 1359 1762 s

153 1833 271 1913 pretes,
291 1830 347 1912 qui
371 1849 432 1894 uno
457 1828 553 1892 simul
578 1833 719 1910 tempore
741 1848 869 1911 unoque
889 1847 984 1892 sensu
1004 1828 1203 1910 interpretati
1222 1833 1307 1896 suut.

154 1955 256 2000 errare
281 1935 425 2017 potuisse
450 1941 506 1999 aut
530 1935 584 1999 ubi
607 1936 686 1999 nibil
711 1954 819 1998 eorum
839 1934 988 1998 intererat
1005 1934 1147 1998 uoluisse
1166 1935 1306 2008 mentiri;

154 2043 290 2106 ludaeos
320 2060 405 2118 uero,
430 2042 505 2105 dum
534 2042 625 2105 nobis
655 2041 809 2119 innitent,
834 2041 918 2123 quod
946 2041 995 2103 len
1019 2046 1050 2103 et
1074 2041 1244 2123 prophetae
1268 2042 1307 2104 ad

108 2175 133 2216 ro
152 2169 211 2213 nos
239 2148 476 2232 interpretando
506 2147 698 2222 transierint,
727 2151 870 2211 mutasse
900 2147 1054 2228 quaedam
1083 2147 1114 2210 in
1143 2147 1306 2211 codicibus

153 2255 234 2330 suis,
263 2257 301 2316 ut
329 2254 444 2317 nostris
473 2254 667 2316 minueretur
700 2251 882 2315 auctoritas.
919 2251 1009 2315 Hanc
1042 2251 1221 2334 opinionem
1253 2253 1307 2316 uel
1346 2239 1371 2316 ι’

153 2361 372 2443 suspicionem
396 2359 533 2443 accipiat
557 2359 692 2440 quisque
716 2360 753 2422 ut
775 2357 951 2441 putaue1·it;
984 2362 1103 2422 certum
1128 2360 1305 2422 esttamen

152 2489 214 2532 uon
240 2468 358 2532 uixisse
377 2467 593 2531 blatlrusalam
617 2470 691 2549 post
709 2466 879 2542 diluuium,
899 2465 955 2528 sed
975 2465 1085 2529 eodem
1105 2484 1184 2529 anno
1204 2463 1304 2528 fuisse

152 2574 352 2651 defunctum,
381 2573 407 2636 si
441 2593 552 2636 uerum
582 2576 631 2636 est
659 2572 743 2653 quod
773 2571 810 2635 de
838 2590 968 2635 nurnero
998 2589 1149 2635 annorum
1182 2571 1213 2634 in
1242 2571 1304 2634 He-

104 2710 133 2748 ευ
150 2681 257 2744 bracis
286 2679 451 2744 codicibus
481 2679 652 2743 inuenitur.
691 2679 737 2742 De
762 2678 828 2742 illis
852 2681 958 2742 autem
983 2679 1186 2762 septuaginta
1208 2678 1305 2742 inter-

150 2787 296 2869 pretibus
326 2787 401 2870 quid
430 2786 509 2850 mibi
534 2785 690 2862 uideatur,
715 2803 772 2849 suo
797 2786 868 2850 loco
893 2784 1078 2868 diligentius
1101 2783 1302 2848 inserendum

152 2899 213 2970 est,
237 2912 310 2957 cum
341 2893 379 2956 ad
408 2893 477 2976 ipsa
505 2895 657 2974 tempora,
688 2895 842 2974 quantum
869 2889 1044 2954 necessitas
1072 2889 1168 2953 huius
1199 2891 1303 2973 operis

150 3000 308 3084 postulat,
332 2997 607 3062 commemoranda
631 2998 800 3061 adiuuante
823 2995 959 3060 Domino
983 2997 1175 3059 uenerimus.
1212 2995 1303 3060 Prae·

150 3107 235 3170 senti
260 3106 343 3169 enim
368 3105 487 3170 sufficit
511 3103 690 3187 quaestioni
715 3103 889 3168 secundum
912 3105 1066 3184 utrosque
1090 3101 1215 3167 codices
1236 3107 1302 3167 tam

103 3242 131 3282 aa
148 3215 264 3297 longas
292 3212 444 3276 habuisse
472 3212 556 3276 uitas
584 3211 672 3275 illius
702 3211 773 3274 aeui
807 3210 961 3287 homines,
989 3213 1027 3273 ut
1057 3213 1167 3290 posset
1199 3212 1301 3273 aetate

149 3321 257 3392 unius,
288 3319 342 3401 qui
372 3318 410 3382 de
439 3318 574 3390 duobus,
606 3337 683 3399 quos
714 3317 798 3381 solos
827 3320 911 3379 terra
938 3320 1015 3380 tuuc
1043 3315 1164 3392 habuit,
1193 3335 1301 3398 paren-

148 3427 237 3489 tibus
272 3425 394 3506 primus
427 3429 477 3488 est
509 3427 612 3500 natus,
647 3423 685 3486 ad
719 3422 973 3487 constituendam
1007 3423 1103 3486 etiam
1137 3421 1301 3485 ciuitatem

148 3531 360 3613 multiplicari
383 3549 483 3614 genus
508 3531 691 3594 humanum.

239 3774 273 3827 21
294 3771 397 3834 XVIII,
415 3788 436 3825 c.
455 3771 490 3826 42
509 3787 568 3841 sqq.

184 3953 199 4006 I
220 3947 418 4019 quatenpituor
441 3947 466 4000 V
581 3949 597 4001 3
618 3951 725 4000 constat
742 3964 803 4016 sup.
824 3947 873 4001 lin.
897 3946 924 4000 V
1011 3907 1145 4010 delatus,
1163 3948 1194 3999 in
1213 3963 1299 4015 arrarp.

144 4075 308 4135 annulatos,
328 4090 342 4126 e
414 4071 430 4126 8
449 4073 608 4126 ammittant
631 4072 656 4126 V
728 4073 758 4126 ll
780 4071 936 4126 credibilem
961 4071 986 4124 V
1062 4072 1252 4140 interpraeteis
1276 4071 1299 4122 l'

146 4165 182 4218 13
202 4165 357 4216 intercute
448 4162 479 4216 17
500 4161 559 4230 quis
579 4179 592 4215 e
690 4163 723 4216 21
748 4160 921 4216 inserendum
945 4161 1141 4228 Vobepac;
1164 4160 1297 4212 disseren-

144 4255 212 4307 dum
233 4269 247 4321 p
266 4251 368 4307 Dontb.
