3192 4959
283 393 347 455 280
628 388 655 442 S.
684 388 843 442 Aurelii
869 389 1087 457 Augustini

282 585 379 660 tibus,
412 584 468 647 ubi
496 584 630 648 manime
658 585 778 649 factum
809 587 868 649 est.
896 586 965 650 Hoc
994 587 1100 650 autem
1122 586 1287 676 diluuium
1314 606 1429 669 nequa·

282 711 376 773 quam
401 691 439 754 ad
458 690 640 775 Aegyptum
663 691 765 773 adque
790 692 829 756 ad
853 693 921 757 eius
945 692 1050 757 uioina
1072 694 1227 775 peruenit.

748 884 887 949 CAPUT
910 886 964 949 XI.

283 1008 365 1088 Quo
399 1011 567 1090 tempore
595 1010 745 1091 Moyses
773 1010 954 1094 populum
982 1008 1050 1073 Dei
1079 1028 1118 1073 ex
1146 1009 1316 1093 Aegypto
1348 1010 1429 1073 edn-

282 1116 389 1195 xerit,
428 1118 465 1179 et
496 1117 604 1181 Iesus
637 1116 751 1195 Naue,
789 1118 853 1199 qni
886 1116 1004 1180 eidem
1038 1118 1239 1192 successit,
1273 1130 1465 1199 quorum⁶

582 1241 711 1305 regum
735 1226 861 1286 aetate
887 1224 938 1286 sit
957 1224 1136 1287 mortuus.

327 1346 445 1411 Eduxit
477 1365 551 1429 ergo
584 1347 712 1428 Moyses
746 1368 781 1411 er
808 1346 954 1431 Aegypto
986 1348 1140 1429 populum
1168 1346 1229 1411 Dei
1257 1348 1429 1413 nouissimo

280 1458 423 1535 tempore
461 1453 609 1537 Cecropis
645 1454 887 1518 Atheniensium
923 1454 1019 1537 regio,
1057 1473 1130 1519 eum
1167 1458 1245 1537 aput
1281 1454 1430 1538 Assyrios

282 1564 428 1643 regnaret
458 1560 644 1634 Ascatades,
678 1564 756 1642 aput
784 1560 949 1642 Sicyonios
977 1560 1153 1641 Marathus,
1184 1566 1262 1643 aput
1293 1562 1430 1645 Argiuos

282 1666 424 1748 Triopas.
447 1667 571 1731 Eduoto
595 1672 702 1731 autem
724 1668 842 1751 populo
867 1667 897 1731 in
923 1671 1029 1731 monte
1050 1666 1125 1731 Sina
1145 1668 1301 1733 diuinitus
1321 1686 1429 1749 eeeep·
1447 1692 1468 1729 n

280 1776 349 1836 tam
380 1774 511 1838 tradidit
541 1776 654 1858 legem,
693 1775 778 1855 quod
809 1778 904 1839 uetus
943 1774 1059 1838 dieitur
1085 1776 1326 1851 testamentum,
1359 1774 1432 1856 quia

283 1879 511 1961 promissiones
540 1884 679 1945 terrenas
702 1881 809 1957 habet,
839 1883 871 1946 et
894 1899 949 1962 per
971 1882 1077 1945 lesum
1102 1880 1264 1946 Christum
1286 1881 1431 1945 futurum

283 1987 387 2051 fuerat
413 1990 642 2052 testamentum
669 2008 799 2065 nouum,
834 2007 894 2070 quo
924 2007 1057 2071 regnum
1087 1990 1246 2053 saelorum
1269 1989 1431 2071 promitte·

282 2096 380 2159 retur.
412 2094 505 2159 Hunc
539 2094 622 2158 enim
656 2094 796 2159 ordinem
830 2095 948 2158 seruari
983 2095 1158 2176 oportebat,
1191 2095 1277 2159 siout
1307 2096 1339 2159 in
1371 2116 1430 2161 uno

283 2220 410 2283 quoque
441 2202 578 2278 homine,
613 2201 666 2283 qui
698 2201 730 2264 in
762 2201 868 2265 Deum
900 2200 1034 2284 proiicit,
1067 2201 1098 2265 id
1129 2202 1244 2285 agitur,
1275 2202 1361 2284 quod
1388 2204 1432 2266 eit
1450 2223 1470 2264 n

286 2307 463 2389 apostolus,
487 2308 523 2370 ut
546 2327 616 2372 non
640 2308 692 2371 sit
714 2309 820 2390 prius
845 2308 943 2389 quod
962 2308 1137 2390 spiritale
1158 2313 1229 2384 est;
1251 2308 1315 2373 sed
1335 2310 1432 2392 quod

285 2414 455 2492 animale,
484 2417 618 2498 postea
645 2414 836 2497 spiritalo;
867 2415 1015 2496 quoniam
1044 2415 1129 2479 siout
1157 2415 1234 2479 dicit
1262 2420 1295 2481 et
1321 2436 1432 2481 uerum

285 2524 345 2597 est,
373 2520 516 2601 primus
545 2522 651 2585 homo
681 2522 857 2601 deterre,
886 2529 1074 2599 terrenum
1104 2522 1297 2588 secundus
1326 2523 1430 2588 homo

285 2626 327 2689 de
356 2630 470 2692 caelo.
499 2627 591 2692 Rexit
617 2631 726 2692 autem
752 2630 908 2712 populum
935 2629 1064 2711 Moyses
1092 2647 1147 2710 per
1175 2648 1271 2693 annos
1301 2630 1432 2712 quadra·

284 2734 373 2817 ginta
399 2735 430 2798 in
459 2736 585 2799 deserto
614 2739 646 2800 et
668 2739 814 2801 mortuus
844 2738 894 2800 est
916 2756 1070 2800 annorum
1099 2740 1225 2801 centum
1250 2740 1283 2799 et
1306 2736 1431 2821 uiginti,
1448 2756 1472 2797 m

285 2857 359 2904 oum
387 2842 550 2906 Christum
578 2842 673 2905 etiam
701 2842 770 2924 ipse
798 2844 1020 2925 prophetasset
1048 2862 1103 2925 per
1134 2842 1253 2926 figuras
1285 2844 1432 2907 obserua-

284 2948 406 3010 tionum
439 2948 611 3012 earnalium
643 2949 675 3011 in
708 2949 910 3012 tabernaculo
941 2952 972 3013 et
1000 2948 1175 3014 sacerdotio
1209 2952 1242 3013 et
1270 2948 1431 3015 sacrifieiis

286 3053 420 3134 aliisque
443 3055 589 3135 mysticis
612 3055 822 3137 plurimisque
846 3055 1012 3119 mandatis.
1036 3056 1141 3139 Moysi
1165 3056 1326 3121 suecessit
1342 3057 1432 3121 Iesns

284 3158 375 3223 Naue
407 3163 440 3224 et
470 3162 502 3223 in
535 3168 617 3224 terra
648 3163 869 3244 promissionis
901 3162 1116 3227 introductum
1146 3164 1303 3246 populum
1330 3163 1431 3227 conlo·

285 3268 372 3330 oauit
408 3286 444 3331 ex
480 3269 669 3333 auctoritate
706 3268 815 3333 diuina
851 3269 1018 3333 debellatis
1061 3269 1220 3353 gentibus.
1263 3289 1282 3334 a
1318 3270 1470 3351 quibusrs

286 3372 396 3437 eadem
436 3374 506 3437 loca
546 3376 744 3440 tenebantur.
787 3372 849 3452 Qui
887 3394 959 3439 oum
996 3376 1151 3457 populum
1187 3374 1322 3438 rexisset
1359 3378 1433 3455 post

286 3482 421 3543 mortem
443 3479 548 3562 Moysi
570 3480 685 3563 uiginti
709 3483 742 3544 et
764 3482 886 3561 septem
910 3500 1019 3558 annos,
1051 3480 1147 3545 etiam
1170 3478 1240 3561 ipse
1264 3480 1431 3544 defunctus

377 3670 409 3724 16
430 3672 455 3725 1.
474 3670 534 3725 Cor.
556 3672 598 3733 15,
616 3672 652 3724 46
671 3688 711 3740 sq.

321 3796 339 3846 4
357 3794 485 3863 populum
506 3794 550 3847 dei
569 3811 600 3848 ex
617 3795 670 3864 fp;
688 3795 816 3864 populum
837 3794 869 3847 de
884 3810 947 3862 ppo
985 3796 1000 3848 5
1021 3798 1049 3847 et
1068 3794 1159 3848 hiesus
1177 3796 1231 3863 fp‚·
1249 3793 1283 3847 de
1302 3794 1358 3847 iesu
1367 3809 1430 3861 pqr

285 3884 537 3938 9maratheuseo
605 3886 638 3939 10
658 3888 797 3954 acceptum
818 3883 843 3938 οἳ
912 3886 943 3938 15
964 3884 1073 3953 pfioite
1143 3886 1175 3938 19
1194 3882 1228 3937 de
1248 3884 1322 3938 eaelo
1342 3899 1430 3952 eppo

285 3972 402 4039 Domb.,·
424 3973 458 4026 de
482 3974 556 4027 eaelo
581 3973 707 4027 caelestis
726 3974 824 4027 adar
950 3990 998 4042 per
1020 3989 1120 4034 omnes,
1144 3973 1175 4026 in
1197 3988 1282 4043 marp.
1306 3988 1430 4031 annoso

286 4062 320 4115 23
340 4062 398 4115 iesu
417 4080 431 4115 e
438 4079 469 4131 p;
489 4062 566 4115 hiesu
586 4061 602 4113 b
666 4063 702 4115 24
720 4066 793 4115 terra
812 4078 929 4140 aeppap
949 4061 1063 4127 Domb.,·
1081 4065 1181 4114 terram
1200 4062 1270 4114 bau
1341 4075 1430 4129 repro-

285 4186 458 4255 missionisp
529 4185 706 4254 induetump
760 4188 794 4240 26
814 4152 959 4257 populiis),
979 4202 1036 4239 rum
1057 4186 1092 4253 (l)
1113 4202 1227 4255 erae.‚y
1281 4186 1314 4238 27
1333 4184 1429 4253 septim

287 4304 364 4364 annis
381 4320 399 4372 p
