3192 4959
318 450 369 503 De
397 451 571 505 ciuitate
601 450 662 505 dei
690 450 758 508 lib.
780 450 880 505 XVIII.
910 469 985 522 cap.
1010 453 1052 507 20.
1076 454 1119 507 21.
1227 457 1291 519 295

275 648 427 707 Proximus
450 648 499 707 ille
522 650 640 719 Procas,
665 650 807 709 Troianae
831 651 924 725 gloria
946 653 1054 727 gentis.

144 784 241 850 Cuius
271 788 414 869 tempore
442 785 516 869 quia
543 787 606 850 iam
636 788 774 868 quodam
803 789 896 853 modo
921 788 1020 854 Roma
1047 790 1291 871 parturiebatur,

142 892 220 956 illud
259 892 401 956 omnium
437 910 605 976 regnorum
643 896 814 959 maximum
853 896 1019 979 Assyrium
1056 896 1149 960 finem
1187 898 1291 961 tautae

144 998 362 1063 diuturmtatis
395 998 526 1083 accepit.
560 999 609 1063 Ad
638 999 750 1065 Medos
779 1002 895 1085 quippe
924 1003 1113 1067 translatum
1143 1004 1192 1065 est
1218 1004 1293 1084 post

115 1123 238 1171 caunos
258 1104 358 1169 ferme
377 1104 465 1169 mille
483 1108 642 1171 trecentos
663 1107 813 1189 quinquo,
833 1111 869 1171 ut
889 1107 984 1172 etiam
998 1108 1079 1185 Beli,
1099 1108 1153 1191 qui
1172 1106 1291 1171 Ninum

143 1210 253 1294 genuit
278 1210 399 1275 stillio
422 1230 521 1293 paruo
546 1215 714 1277 contentus
737 1213 870 1297 imperio
894 1214 1015 1297 primus
1039 1234 1091 1278 rer
1114 1214 1186 1279 fuit.
1210 1218 1290 1286 tem-

142 1336 217 1398 pora
235 1318 459 1399 conputantur.
483 1317 599 1383 Procas
619 1322 725 1383 autem
744 1320 890 1404 regnanIt
909 1324 980 1385 aute
1000 1320 1171 1384 Amulium.
1196 1320 1292 1383 Porro

142 1424 291 1488 Amulius
323 1424 429 1489 nanis
461 1423 512 1489 sui
543 1424 722 1491 Numitoris
754 1426 864 1503 tiliam,
889 1427 1010 1491 Rheam
1043 1427 1178 1503 uomiue,
1212 1444 1291 1509 quae

143 1529 236 1593 ctiam
271 1530 332 1593 llia
367 1530 552 1606 uocabatur,
584 1531 713 1596 Romuli
749 1536 894 1609 matrem,
936 1534 1097 1598 Vestalem
1136 1533 1292 1616 uirginem

104 1664 127 1699 n
143 1635 271 1713 lecerat,
295 1655 391 1719 quam
414 1637 529 1701 uolunt
552 1636 590 1701 de
608 1637 711 1702 Marte
735 1638 879 1722 geminos
899 1640 1092 1723 concepisse,
1115 1638 1292 1703 istomodo

143 1746 290 1825 stuprum
319 1743 387 1806 eius
414 1743 605 1809 honorantes
634 1744 687 1808 uel
712 1748 907 1821 excusantes,
932 1748 964 1810 et
992 1746 1177 1810 adhibentes
1201 1764 1293 1828 argu-

143 1854 297 1927 mentum,
325 1848 409 1931 quod
436 1849 573 1915 infantes
603 1852 762 1933 expositos
790 1852 868 1934 lupa
896 1852 1072 1917 uutrInerit.
1106 1852 1175 1917 Hoc
1209 1851 1292 1915 euim

143 1974 242 2039 genus
277 1955 398 2019 bestiae
430 1956 470 2020 ad
496 1956 631 2021 Martem
665 1958 847 2023 existimant
877 1958 1043 2040 pertinere,
1074 1961 1111 2023 ut
1144 1958 1296 2022 uidelicet

142 2062 211 2127 ideo
226 2064 306 2145 lupa
320 2062 467 2127 credatur
486 2062 667 2128 admouisse
687 2064 785 2127 ubera
804 2064 956 2147 paruulis,
978 2064 1051 2148 quia
1070 2063 1154 2129 filios
1174 2064 1293 2129 domini

103 2196 127 2234 0
144 2170 193 2233 sui
214 2169 332 2233 Martis
360 2169 506 2253 agnouit3
535 2170 682 2252 quamuis
710 2190 771 2235 nou
801 2171 906 2235 desint
930 2173 982 2253 qui
1008 2172 1123 2249 dicant,
1148 2190 1220 2235 cum
1245 2190 1293 2235 er-

141 2276 238 2358 positi
257 2275 425 2359 uagieutes
442 2277 591 2352 iacerent,
611 2294 630 2339 a
648 2276 754 2341 nescio
769 2296 832 2358 qua
851 2278 989 2360 primum
1009 2278 1173 2343 meretrice
1192 2278 1293 2343 fuisse

142 2383 295 2447 collectos
325 2385 357 2446 et
384 2383 502 2466 primas
532 2383 601 2448 eius
630 2384 753 2448 suxisse
781 2382 941 2449 mamillas
967 2384 1163 2465 (meretrices
1188 2388 1292 2449 autem

140 2489 233 2572 lupas
258 2488 428 2566 uocabant,
452 2488 536 2554 uude
559 2489 656 2554 etiam
679 2510 763 2553 nuuc
787 2490 894 2573 turpia
916 2491 987 2555 loca
1006 2510 1111 2555 earum
1131 2490 1295 2573 lupanarIa

141 2595 385 2680 nuncupantur),
410 2598 442 2660 et
460 2615 514 2661 eos
535 2604 646 2679 postea
665 2595 703 2659 ad
721 2597 913 2661 Faustulum
933 2598 1115 2680 peruenisse
1134 2600 1294 2680 pastorem

101 2723 126 2765 ro
141 2703 243 2786 adque
269 2702 307 2767 ab
332 2702 401 2767 eius
419 2701 505 2767 Acca
527 2722 623 2768 uxore
646 2704 793 2768 nutritos.
824 2702 1022 2786 Quamquam
1048 2703 1138 2768 eiad
1163 2722 1294 2787 arguen-

142 2810 216 2873 dum
240 2808 403 2874 homiuem
427 2828 544 2892 regem,
570 2809 624 2892 qui
648 2828 702 2874 eos
726 2809 758 2873 iu
777 2828 892 2891 uquam
911 2811 1010 2892 proici
1035 2810 1206 2875 crudeliter
1228 2810 1293 2874 ius-

142 2920 237 2991 serat,
264 2915 311 2979 eis
339 2914 524 2989 infantibus,
548 2934 604 2997 per
631 2934 712 2997 quos
739 2920 828 2979 tanta
852 2916 967 2982 ciuitas
996 2915 1157 2981 condenda
1179 2917 1294 2994 luerat,

142 3023 180 3087 de
203 3040 289 3103 aqua
316 3020 471 3085 diuinitus
500 3021 642 3085 liberatis
672 3041 728 3102 per
754 3021 926 3086 lactantem
956 3022 1055 3087 leram
1078 3023 1165 3087 Deus
1189 3023 1296 3086 uoluit

142 3128 325 3203 subuenire,
359 3128 434 3210 quid
471 3128 587 3192 mirum
625 3132 694 3193 est?
728 3130 856 3194 Amulio
895 3130 1054 3193 successit
1089 3130 1120 3193 iu
1160 3149 1294 3215 regnum

104 3234 272 3299 cLatiare
304 3234 401 3299 irater
432 3235 501 3299 eius
528 3234 688 3311 Numitor,
717 3254 797 3299 auus
825 3235 963 3310 Romuli,
993 3236 1085 3299 cuius
1116 3235 1293 3301 Numitoris

141 3342 245 3423 primo
269 3360 349 3405 auno
375 3341 501 3406 condita
525 3345 575 3405 est
592 3341 706 3418 Roma,
731 3360 766 3406 ac
791 3362 848 3425 per
870 3342 930 3407 hoc
955 3362 1027 3407 cum
1052 3362 1109 3409 suo
1135 3343 1293 3425 deluceps,

142 3448 173 3511 id
197 3453 251 3512 est
272 3448 420 3527 Romulo,
445 3452 558 3531 nepote
580 3449 735 3531 regnauit.

237 3639 249 3690 l
270 3637 336 3691 Aen.
356 3638 403 3702 VI,
425 3640 476 3693 767

178 3762 196 3816 3
216 3762 347 3829 assyrium
368 3760 449 3831 b‘pp
459 3780 488 3833 p;
506 3764 669 3831 assyriorum
684 3764 740 3817 alr¹
751 3780 789 3817 cc
825 3766 843 3818 4
862 3768 905 3817 est
918 3781 968 3819 om.
985 3764 1037 3835 b¹p
1076 3766 1106 3817 ll
1129 3770 1264 3835 struprum
1279 3783 1293 3819 c

145 3850 179 3903 12
197 3851 359 3904 nutrierite
404 3851 557 3905 tremelio
577 3856 704 3921 autemp
753 3853 1292 3923 25latiareeypromo.;1aciara;

143 3936 240 3990 latiale
260 3936 358 4006 copo
431 3938 594 3992 cinnomo
647 3940 681 3993 27
702 3944 744 3992 eet
763 3956 814 3995 om.
835 3956 848 3994 e
