3192 4959
301 437 365 499 578
638 435 664 486 S.
694 433 849 486 Aurelii
878 433 1095 502 Augustini

299 627 397 699 tibus,
418 625 479 689 nisi
498 625 553 689 fiat
573 625 656 707 quod
680 625 725 688 ibi
745 624 877 689 dieitur:
903 623 1020 688 Siout
1044 629 1082 688 et
1105 645 1175 690 nos
1200 625 1448 692 dimittimus

301 733 564 797 debitoribus
594 731 760 797 nostris.
792 731 827 796 Si
855 731 939 795 enirn
968 731 1100 796 minima
1122 737 1264 815 peccata,
1294 735 1361 798 sine
1384 736 1448 816 qui-

300 841 360 904 bus
396 859 457 903 non
497 841 547 902 est
579 839 673 902 etiam
708 839 775 901 uita
807 839 975 912 iustorum,
1010 839 1102 902 aliter
1133 858 1193 903 non
1227 841 1446 906 remittuntur:

301 950 417 1029 quanto
451 946 553 1029 magis
582 945 692 1008 multis
722 948 754 1008 et
780 945 905 1028 magnis
936 944 1121 1009 criminibus
1145 946 1297 1024 inuoluti,
1327 949 1447 1012 etiamsi

300 1072 337 1117 aa
359 1052 621 1135 perpetrancium
641 1051 795 1128 desinant,
816 1053 935 1115 nullam
955 1051 1183 1133 indulgentiam
1204 1059 1445 1136 consequuntur.
1470 1083 1479 1120 s

301 1160 329 1223 si
352 1159 391 1222 ad
413 1156 638 1222 remittendum
663 1157 745 1233 aliis
774 1157 859 1239 quod
881 1157 913 1220 iu
947 1156 992 1220 eis
1025 1157 1160 1239 quisque
1190 1162 1381 1240 peccauerit,
1403 1163 1445 1224 in-

301 1265 473 1330 exorabiles
493 1264 620 1339 suerint,
642 1283 714 1327 cum
735 1263 820 1327 dicat
839 1263 1010 1328 Dominus:
1032 1263 1071 1328 Si
1093 1268 1226 1329 autem
1247 1286 1323 1332 nou
1343 1269 1444 1332 dimi·

302 1371 445 1436 seritis
483 1370 726 1446 hominibus,
770 1389 896 1451 neque
929 1371 1048 1435 Pater
1090 1375 1229 1436 uester·
1266 1373 1444 1439 dimittet

300 1478 430 1543 uobis.
454 1477 503 1541 Ad
526 1477 586 1540 hoo
611 1476 694 1540 enirn
720 1477 807 1541 ualet
831 1475 915 1558 quod
939 1477 1034 1540 etiam
1053 1478 1190 1542 Iacobus
1211 1481 1376 1561 apostolus
1395 1483 1442 1556 ait,

300 1585 454 1649 iudicium
477 1585 622 1648 futurum
647 1585 714 1646 sine
739 1583 957 1646 misericordia
980 1583 1037 1659 ilii,
1067 1584 1122 1666 qui
1146 1605 1206 1649 non
1231 1586 1308 1650 iecit
1330 1587 1444 1650 miseri·
1459 1617 1477 1654 n

300 1691 449 1755 cordiam.
478 1691 591 1755 Venire
619 1690 736 1773 quippe
765 1689 860 1754 debet
891 1690 922 1753 in
952 1692 1091 1754 mentem
1120 1691 1215 1755 etiarn
1245 1713 1357 1758 seruus
1385 1693 1441 1758 ilia

300 1798 352 1862 cui
380 1798 515 1862 debitori
547 1797 692 1861 dominus
722 1797 790 1860 eius
817 1796 971 1860 relarauit
994 1795 1103 1860 decem
1131 1797 1219 1861 milia
1248 1799 1440 1863 talentomm.

301 1924 381 1986 quae
420 1908 532 1987 postea
559 1904 656 1967 iussit
684 1907 721 1966 ut
749 1902 902 1979 redderet,
932 1903 1005 1984 quia
1032 1903 1100 1984 ipse
1127 1924 1188 1968 non
1216 1905 1368 1969 misertus
1399 1910 1441 1969 cst

301 2013 446 2075 conserui
477 2011 537 2087 sui,
571 2011 625 2092 qui
663 2011 692 2074 ei
721 2010 855 2073 debebat
884 2015 1010 2072 centum
1040 2009 1195 2074 denarios.
1224 2013 1259 2076 In
1289 2013 1339 2076 his
1363 2031 1439 2094 crgo.

301 2118 355 2200 qui
383 2118 440 2181 filii
470 2122 545 2181 sunt
572 2117 793 2200 promissionis
818 2120 850 2180 et
873 2135 951 2180 uasa
980 2117 1225 2194 misericordiae.¹
1254 2121 1342 2182 ualet
1365 2117 1439 2201 quod
1456 2146 1473 2182 s

301 2226 345 2289 ait
367 2225 450 2288 idem
471 2225 637 2306 apostolus
662 2227 892 2305 consequenter
910 2222 1100 2306 adiungens:
1128 2223 1179 2288 Su
1187 2226 1438 2307 pereusuitat

301 2335 431 2395 autem
460 2331 751 2395 misericordia
778 2329 944 2406 iudicio,
976 2329 1125 2411 quoniam
1151 2332 1183 2394 et
1205 2331 1254 2393 illi
1277 2333 1365 2397 iusti.
1392 2331 1438 2413 qui

299 2440 387 2502 touta
415 2439 583 2503 sanctitate
611 2437 766 2515 uixemnt
795 2439 831 2500 ut
855 2437 934 2501 alios
963 2455 1088 2518 quoque
1112 2437 1266 2519 recipiant
1289 2439 1320 2502 in
1348 2439 1437 2502 taber·

300 2545 414 2608 nacula
442 2548 578 2618 aeterna,
608 2564 626 2607 a
655 2544 771 2626 quibus
801 2542 894 2607 amici
922 2543 998 2606 facti
1022 2546 1098 2608 sunt
1128 2543 1164 2606 de
1189 2563 1368 2609 mammona
1389 2544 1437 2608 ini-

301 2652 443 2733 quitatis,
467 2653 505 2714 ut
527 2651 608 2715 tales
632 2654 749 2728 essent,
773 2649 992 2714 misericordia
1014 2649 1140 2712 liberati
1164 2653 1239 2714 sunt
1263 2653 1301 2714 ab
1327 2671 1371 2724 eo,
1391 2651 1436 2732 qui
1450 2671 1471 2708 a

299 2757 454 2821 iustificat
480 2755 612 2838 inpium,
641 2756 790 2837 inputans
815 2753 992 2818 mercedem
1015 2753 1188 2819 secundum
1213 2758 1357 2840 gratiam,
1384 2775 1435 2820 non

301 2863 474 2928 secundum
504 2863 657 2927 debitum.
690 2864 725 2926 In
757 2881 866 2925 eorum
895 2861 1011 2943 quippe
1039 2881 1170 2925 numero
1199 2865 1250 2926 est
1273 2864 1434 2945 apostolus

302 2971 356 3052 qui
380 2970 476 3034 dicit:
501 2968 828 3034 Misericordiam
853 2971 1097 3032 consecutus
1123 2987 1219 3044 sum,
1240 2973 1283 3033 ut
1301 2969 1432 3034 fidelis

302 3096 442 3140 essem.
849 3151 851 3156 ¹

343 3184 396 3247 Illi
424 3189 541 3258 autem,
566 3183 619 3264 qui
642 3181 840 3265 recipiuntur
859 3201 876 3245 a
894 3181 1013 3246 talibus
1033 3182 1064 3245 in
1088 3182 1294 3247 tabernacula
1312 3185 1431 3256 aemma,
1446 3199 1466 3236 2⁵

299 3289 462 3353 fatendum
487 3292 536 3354 est
559 3289 642 3371 quod
664 3309 726 3353 non
751 3289 816 3354 sint
838 3289 888 3352 bis
912 3289 1053 3353 moribus
1077 3289 1221 3372 praediti,
1247 3293 1283 3353 ut
1307 3289 1349 3352 eis
1367 3287 1430 3350 libe-

299 3395 404 3459 randis
433 3395 499 3460 sine
527 3396 676 3480 suffragio
705 3398 887 3460 sanct-orum
917 3414 974 3460 sua
1000 3396 1105 3477 possit
1128 3396 1197 3460 uita
1225 3395 1376 3469 sufficere,
1400 3411 1429 3456 oo

299 3521 355 3584 por
373 3502 433 3565 boo
451 3501 554 3565 multo
574 3501 710 3584 amplius
726 3501 757 3564 in
773 3501 818 3565 eis
835 3502 1070 3582 superexsultat
1082 3501 1300 3566 misericordia
1317 3497 1427 3565 iudicio.

389 3709 523 3769 91ae.2.
545 3711 577 3764 13
634 3711 667 3763 12
686 3709 735 3762 bit.
757 3711 799 3774 18,
819 3707 852 3763 23
873 3727 932 3779 sqq.
989 3709 1139 3773 ibisci,
1161 3711 1192 3763 13
1252 3711 1284 3764 19
1302 3709 1343 3763 Lo.
1362 3705 1426 3772 lue

299 3800 333 3851 24
355 3802 378 3853 1.
398 3798 458 3854 Cor.
480 3800 505 3862 7,
524 3799 558 3850 25

335 3925 350 3976 5
369 3921 423 3974 iam
443 3938 493 3975 om.
508 3939 531 3990 p
605 3932 805 3990 consequentur
824 3940 856 3988 o,·
875 3926 1074 3992 consequantur
1093 3941 1109 3972 α
1182 3923 1199 3976 6
1218 3923 1247 3976 iu
1267 3924 1304 3977 eis
1320 3918 1423 4024 opacis·

1364 4001 1373 4024 Ι

300 4037 762 4103 οηιιῖεεοίη,ε,·ἰηθοευ1)υυιὺ.
836 4039 958 4108 Sooep
1033 4041 1065 4092 12
1085 4037 1207 4107 decimo
1283 4039 1313 4094 18
1331 4033 1402 4090 ntuli
1414 4049 1423 4081 s

300 4169 406 4222 quoque
425 4118 602 4222 recipiantub
622 4171 655 4206 m.
676 4157 696 4206 2
714 4168 783 4207 corr.
824 4155 855 4207 19
872 4153 999 4223 aquibus
1017 4155 1122 4223 ac¹9p
1136 4154 1250 4220 Domb.‚·
1270 4173 1286 4208 s
1303 4171 1349 4208 om.
1366 4145 1422 4204 be²r

297 4258 424 4294 mamona
442 4247 467 4294 ct
484 4241 524 4294 sic
541 4257 644 4309 sempor
663 4259 700 4310 ey
790 4243 928 4296 aeoliis
1018 4247 1108 4298 autern
1128 4259 1178 4298 our.
1199 4261 1219 4296 a
1308 4244 1338 4297 27
1354 4239 1421 4301 boob

298 4330 333 4383 28
352 4329 536 4398 superexaltat
554 4346 567 4382 e
