3192 4959
313 484 378 547 514
659 481 686 535 S.
715 481 875 534 Aurelii
902 481 1121 550 Augustini

312 677 457 757 quaestio
482 679 541 753 θεῖ,
566 675 676 740 eadem
695 676 883 741 infidelitate
903 677 1104 753 contendent,
1130 676 1203 759 quia
1222 677 1300 742 haec
1320 678 1448 743 animalia

310 802 367 848 uec
388 802 513 866 semper
535 783 651 846 uiuunt
670 786 703 846 θῖ
720 783 752 846 in
772 783 837 847 illis
857 782 1037 847 feruoribus
1059 783 1126 847 sinc
1151 783 1314 848 doloribus
1335 785 1448 848 uiuunt:

312 909 388 954 suae
417 890 533 971 quippe
557 894 687 952 naturae
712 889 974 953 conuenientibus
1001 894 1190 973 uegetaubur
1212 889 1289 967 illis,
1314 910 1372 956 non
1394 910 1449 954 cru-

312 995 437 1059 ciantur
465 995 644 1071 elementis3
680 995 773 1076 quasi
802 1015 862 1059 non
890 995 1108 1059 incredibilius
1138 995 1182 1060 sit
1204 993 1449 1080 urgebari'quam

313 1101 447 1165 curciari
480 1101 601 1164 talibus
633 1100 739 1164 rebus.
772 1101 920 1164 Mirabile
955 1105 1003 1165 θεῖ
1033 1102 1116 1164 enim
1146 1101 1252 1166 dolere
1284 1102 1315 1166 iu
1339 1103 1482 1186 ignibusr

315 1213 347 1272 θῖ
370 1213 477 1272 tamen
501 1208 623 1285 uiuere,
643 1207 699 1271 sed
721 1207 900 1271 mirabilius
926 1207 1034 1272 uiuere
1063 1209 1094 1271 in
1117 1207 1245 1291 ignibus
1269 1226 1327 1273 nec
1351 1207 1449 1272 dolere.

315 1315 350 1380 Si
375 1317 482 1378 autem
508 1314 568 1378 hoc
591 1314 740 1392 creditur,
765 1333 848 1395 quur
870 1333 931 1378 non
957 1317 989 1378 ob
1013 1314 1114 1378 illud?

783 1505 921 1570 CAPUT
943 1505 1001 1570 HI.

314 1649 366 1712 Au
400 1665 634 1729 consequens
669 1646 732 1719 sib,
764 1649 805 1710 ub
835 1665 1061 1729 corporeum
1091 1647 1258 1711 dolorem
1288 1651 1453 1732 sequatur

715 1753 838 1816 carnis
862 1753 1053 1818 interitus.
1456 1781 1475 1818 n

359 1895 421 1960 Sed
449 1895 573 1959 nullum
602 1897 661 1970 θεῖ,
689 1894 848 1976 inquiunt,
873 1913 999 1977 corpus,
1029 1895 1114 1978 quod
1144 1895 1250 1960 dolere
1280 1896 1451 1978 pussilum

313 2002 417 2085 possib
444 2002 533 2066 mori.
565 2002 608 2065 Εῖ
634 2001 694 2066 hoc
722 2001 806 2065 unde
836 2001 976 2066 scimus?
1008 2001 1090 2066 Nam
1115 2001 1153 2066 de
1183 2003 1450 2084 corporibusque

314 2111 421 2172 cerbus
447 2111 496 2172 θεῖ
520 2108 720 2185 daemonum,
745 2110 854 2171 ulrum
877 2107 909 2172 in
936 2108 981 2172 eis
1001 2108 1137 2186 doleant,
1160 2108 1285 2190 quando
1306 2127 1340 2173 εθ
1359 2107 1453 2189 adfligi

313 2214 438 2298 magnis
463 2213 658 2278 cruciatibus
682 2213 893 2278 confitentur?
919 2211 1010 2292 Quod
1031 2215 1058 2278 si
1079 2215 1291 2297 respondetur
1309 2219 1452 2280 terrenum

313 2340 428 2402 corpus
453 2318 592 2384 solidum
617 2317 741 2382 scilicet
764 2317 867 2400 adque
887 2319 1094 2399 conspicuum
1120 2319 1245 2384 nullum
1266 2340 1346 2396 θεεθ,
1366 2319 1453 2400 adque
1469 2343 1486 2384 rs

315 2430 351 2491 ub
376 2445 435 2490 uno
460 2425 568 2507 polius
592 2423 720 2488 nomine
742 2423 776 2486 id
801 2424 964 2505 explicem,
989 2425 1110 2490 nullam
1134 2443 1205 2490 esse
1225 2445 1361 2504 carnem,
1385 2443 1453 2507 quac

314 2532 418 2597 dolere
450 2531 555 2615 possib
585 2531 729 2611 morique
761 2549 823 2594 non
854 2532 973 2612 possit:
1012 2531 1088 2612 quid
1121 2531 1208 2596 aliud
1242 2533 1368 2610 dicitur,
1403 2529 1454 2594 nisi

314 2640 398 2723 quod
423 2655 520 2702 seusu
544 2635 684 2716 corporis
708 2636 853 2700 homines
878 2640 909 2700 sb
933 2637 1123 2718 experientia
1146 2638 1365 2720 collegerunt?
1387 2636 1455 2701 Nul-

314 2746 378 2807 lam
402 2763 537 2824 namque
561 2762 686 2807 carnem
710 2742 771 2806 nisi
796 2744 964 2807 mortalem
989 2744 1109 2818 soiuub;
1135 2747 1168 2807 ei
1190 2744 1268 2808 haec
1293 2749 1342 2808 θεῖ
1360 2763 1453 2808 comm

314 2857 384 2916 tota
406 2852 498 2922 ratio,
525 2853 572 2926 ut,
602 2849 686 2932 quod
711 2849 830 2932 experti
853 2868 913 2913 non
938 2853 1022 2928 suni,
1054 2869 1252 2933 nequaquam
1278 2871 1348 2916 esse
1370 2866 1452 2934 posse
1469 2869 1487 2905 u

316 2957 517 3021 arbitrentur.
551 2957 633 3020 Nam
671 2955 763 3020 cuius
796 2956 927 3022 rationis
961 2957 1011 3020 θεῖ
1044 2955 1183 3020 dolorem
1217 2957 1321 3022 facere
1356 2955 1455 3022 morbis

315 3067 549 3147 argumentum,
573 3081 647 3127 cum
670 3064 756 3126 uitae
780 3062 889 3143 potius
915 3063 957 3127 sib
980 3063 1157 3128 indicium?
1181 3063 1251 3127 ursi
1272 3063 1355 3128 enim
1375 3079 1456 3146 quae-

316 3171 427 3247 rimus,
452 3173 558 3233 ulrum
583 3189 709 3252 semper
730 3170 836 3252 possit
859 3169 983 3234 uiuere:
1009 3174 1129 3234 cerium
1155 3171 1262 3234 lamen
1287 3174 1337 3236 aab
1359 3171 1456 3233 uiuere

318 3295 409 3341 omne
439 3275 524 3356 quod
552 3275 639 3339 dolet
667 3275 873 3358 doloremque
898 3295 1023 3340 omnem
1048 3276 1109 3342 nisi
1133 3277 1163 3340 iu
1188 3295 1220 3340 re
1245 3277 1373 3341 uiuente
1395 3291 1456 3338 esse

316 3402 376 3447 non
396 3401 498 3464 posse.
517 3382 656 3446 Necesse
676 3385 726 3445 θεῖ
746 3401 819 3465 crgo
839 3386 876 3446 ub
895 3383 987 3447 uiuat
1005 3382 1126 3460 dolens,
1141 3401 1202 3446 uon
1224 3388 1274 3448 θεῖ
1289 3399 1411 3448 necessa
1425 3383 1456 3441 ut
1471 3391 1491 3432 ε

317 3487 442 3554 occidat
461 3488 559 3566 dolor,
580 3487 653 3570 quia
672 3506 728 3551 nec
748 3506 878 3570 corpora
897 3489 960 3552 isba
980 3488 1127 3552 mortalia
1145 3490 1177 3552 et
1191 3489 1303 3570 utiquc
1319 3487 1457 3552 moritura

318 3595 419 3659 omnis
448 3595 536 3659 dolor
564 3594 690 3671 occidit,
722 3597 756 3658 θῖ
782 3600 819 3658 ub
847 3594 937 3659 dolor
964 3594 1080 3676 aliquis
1109 3595 1213 3677 possib
1237 3595 1385 3660 occidere.
1407 3590 1456 3654 illa

318 3721 415 3766 causa
447 3704 505 3777 θεῖ,
544 3701 693 3784 quoniam
725 3700 771 3765 sic
806 3703 855 3765 θεῖ
887 3701 990 3765 anima
1023 3719 1138 3766 couera
1166 3701 1243 3765 huic
1272 3699 1399 3784 corpori,
1424 3699 1456 3757 ul

317 3808 452 3872 summis
476 3807 639 3872 doloribus
664 3807 755 3871 cedat
778 3807 880 3888 adque
905 3807 1062 3884 discedat3
1086 3807 1235 3888 quoniam
1261 3814 1293 3872 et
1310 3807 1378 3888 ipsc
1394 3820 1456 3866 con·

318 3935 399 4000 pago
432 3915 646 3981 membrorum
681 3915 783 3998 adque
817 3915 965 3979 uitalium
998 3915 1044 3979 sic
1076 3913 1202 3979 infirma
1235 3917 1294 3992 esi,
1332 3917 1366 3976 ut
1394 3921 1490 3973 samu

356 4092 369 4143 1
391 4089 559 4144 contendunt
576 4107 590 4144 θ
671 4091 742 4145 haec
760 4108 812 4146 our.
832 4107 846 4144 e
935 4092 951 4144 6
972 4093 1000 4143 θῖ
1018 4087 1224 4144 ῖεῐηθιι....ἰιι
1242 4089 1350 4158 ignibus
1368 4101 1413 4139 orn.
1432 4079 1453 4132 r¹

320 4182 353 4234 10
372 4181 499 4234 interitus
518 4196 568 4233 om.
587 4181 606 4248 f
639 4181 672 4234 13
694 4179 829 4235 seom.b
868 4179 901 4233 14
920 4179 1044 4248 magisb
1088 4177 1257 4246 lbquer'py
1294 4166 1453 4230 ildolon'b

319 4297 354 4349 ao
373 4297 442 4363 cota]
462 4261 532 4348 ilua
550 4296 693 4364 (initacpp
745 4311 802 4348 non
817 4311 877 4363 sap.
893 4295 972 4348 uae
1008 4293 1043 4346 22
1061 4291 1099 4345 ut
1117 4291 1189 4345 enam
1209 4291 1233 4345 εἰ
1243 4309 1265 4361 p
1301 4291 1333 4344 aa
1347 4288 1451 4342 numm

318 4383 411 4437 uiuere
430 4399 481 4438 om.
501 4399 514 4436 θ
568 4384 602 4436 27
623 4382 729 4436 occidet
745 4383 775 4453 9¹
