<?xml version="1.0" encoding="UTF-8"?>
<!DOCTYPE html PUBLIC "-//W3C//DTD XHTML 1.0 Transitional//EN"
    "http://www.w3.org/TR/xhtml1/DTD/xhtml1-transitional.dtd">
<html xmlns="http://www.w3.org/1999/xhtml" xml:lang="en" lang="en">
 <head>
  <title>
</title>
<meta http-equiv="Content-Type" content="text/html;charset=utf-8" />
  <meta name='ocr-system' content='tesseract 3.04.00' />
  <meta name='ocr-capabilities' content='ocr_page ocr_carea ocr_par ocr_line ocrx_word'/>
</head>
<body>
  <div class='ocr_page' id='page_1' title='image "./corpusscriptoru07wiengoog/corpusscriptoru07wiengoog_0466.png"; bbox 0 0 3192 4959; ppageno 0'>
   <div class='ocr_carea' id='block_1_1' title="bbox 344 418 1156 488">
    <p class='ocr_par' dir='ltr' id='par_1_1' title="bbox 344 418 1156 488">
     <span class='ocr_line' id='line_1_1' title="bbox 344 418 1156 488; baseline -0.009 -9"><span class='ocrx_word' id='word_1_1' title='bbox 344 423 409 485; x_wconf 80' lang='grc'><strong>446</strong></span> <span class='ocrx_word' id='word_1_2' title='bbox 694 419 720 474; x_wconf 83' lang='lat' dir='ltr'><strong>S.</strong></span> <span class='ocrx_word' id='word_1_3' title='bbox 748 418 908 472; x_wconf 78' lang='lat' dir='ltr'><strong>Aurelii</strong></span> <span class='ocrx_word' id='word_1_4' title='bbox 936 419 1156 488; x_wconf 78' lang='lat' dir='ltr'>Augustini</span> 
     </span>
    </p>
   </div>
   <div class='ocr_carea' id='block_1_2' title="bbox 341 610 1513 3669">
    <p class='ocr_par' dir='ltr' id='par_1_2' title="bbox 341 610 1513 1848">
     <span class='ocr_line' id='line_1_2' title="bbox 344 610 1480 696; baseline 0.003 -23"><span class='ocrx_word' id='word_1_5' title='bbox 344 610 518 687; x_wconf 79' lang='lat' dir='ltr'><strong>credentes,</strong></span> <span class='ocrx_word' id='word_1_6' title='bbox 551 629 569 673; x_wconf 91' lang='lat' dir='ltr'><strong>a</strong></span> <span class='ocrx_word' id='word_1_7' title='bbox 600 610 661 674; x_wconf 87' lang='lat' dir='ltr'><strong>fide</strong></span> <span class='ocrx_word' id='word_1_8' title='bbox 693 610 824 692; x_wconf 85' lang='lat' dir='ltr'><strong>pietatis</strong></span> <span class='ocrx_word' id='word_1_9' title='bbox 857 613 915 676; x_wconf 90' lang='lat' dir='ltr'><strong>hos</strong></span> <span class='ocrx_word' id='word_1_10' title='bbox 949 611 1130 688; x_wconf 84' lang='lat' dir='ltr'><strong>deterreret,</strong></span> <span class='ocrx_word' id='word_1_11' title='bbox 1163 612 1223 676; x_wconf 91' lang='lat' dir='ltr'><strong>hos</strong></span> <span class='ocrx_word' id='word_1_12' title='bbox 1254 612 1426 696; x_wconf 84' lang='lat' dir='ltr'><strong>frangeret:</strong></span> <span class='ocrx_word' id='word_1_13' title='bbox 1454 619 1480 676; x_wconf 82' lang='lat' dir='ltr'><strong>ot</strong></span> 
     </span>
     <span class='ocr_line' id='line_1_3' title="bbox 344 717 1480 802; baseline 0.003 -22"><span class='ocrx_word' id='word_1_14' title='bbox 344 718 450 781; x_wconf 84' lang='lat' dir='ltr'><strong>soluot</strong></span> <span class='ocrx_word' id='word_1_15' title='bbox 466 718 498 782; x_wconf 91' lang='lat' dir='ltr'><strong>in</strong></span> <span class='ocrx_word' id='word_1_16' title='bbox 519 717 590 794; x_wconf 87' lang='lat' dir='ltr'><strong>line,</strong></span> <span class='ocrx_word' id='word_1_17' title='bbox 615 722 662 795; x_wconf 87' lang='lat' dir='ltr'><strong>ut,</strong></span> <span class='ocrx_word' id='word_1_18' title='bbox 687 737 783 799; x_wconf 87' lang='lat' dir='ltr'><strong>quam</strong></span> <span class='ocrx_word' id='word_1_19' title='bbox 806 719 920 783; x_wconf 84' lang='lat' dir='ltr'><strong>sortem</strong></span> <span class='ocrx_word' id='word_1_20' title='bbox 944 718 1160 783; x_wconf 83' lang='lat' dir='ltr'><strong>aduersarium</strong></span> <span class='ocrx_word' id='word_1_21' title='bbox 1179 719 1240 783; x_wconf 90' lang='lat' dir='ltr'><strong>Dei</strong></span> <span class='ocrx_word' id='word_1_22' title='bbox 1265 721 1380 785; x_wconf 84' lang='lat' dir='ltr'><strong>ciuitas</strong></span> <span class='ocrx_word' id='word_1_23' title='bbox 1402 741 1480 802; x_wconf 87' lang='lat' dir='ltr'><strong>supe·</strong></span> 
     </span>
     <span class='ocr_line' id='line_1_4' title="bbox 342 823 1481 909; baseline 0.003 -23"><span class='ocrx_word' id='word_1_24' title='bbox 342 823 471 902; x_wconf 84' lang='lat' dir='ltr'><strong>ranorit,</strong></span> <span class='ocrx_word' id='word_1_25' title='bbox 506 843 579 888; x_wconf 90' lang='lat' dir='ltr'><strong>curn</strong></span> <span class='ocrx_word' id='word_1_26' title='bbox 611 825 733 908; x_wconf 80' lang='lat' dir='ltr'>ingenti</span> <span class='ocrx_word' id='word_1_27' title='bbox 761 826 863 909; x_wconf 86' lang='lat' dir='ltr'><strong>gloria</strong></span> <span class='ocrx_word' id='word_1_28' title='bbox 895 827 946 890; x_wconf 87' lang='lat' dir='ltr'><strong>sni</strong></span> <span class='ocrx_word' id='word_1_29' title='bbox 978 826 1164 891; x_wconf 79' lang='lat' dir='ltr'><strong>redemtoris</strong></span> <span class='ocrx_word' id='word_1_30' title='bbox 1198 827 1353 892; x_wconf 83' lang='lat' dir='ltr'><strong>adiutoria</strong></span> <span class='ocrx_word' id='word_1_31' title='bbox 1384 828 1481 891; x_wconf 80' lang='lat' dir='ltr'><strong>libora-</strong></span> 
     </span>
     <span class='ocr_line' id='line_1_5' title="bbox 342 929 1481 1014; baseline 0.001 -20"><span class='ocrx_word' id='word_1_32' title='bbox 342 931 421 994; x_wconf 89' lang='lat' dir='ltr'><strong>toris</strong></span> <span class='ocrx_word' id='word_1_33' title='bbox 441 929 606 1013; x_wconf 86' lang='lat' dir='ltr'><strong>adspiciat.</strong></span> <span class='ocrx_word' id='word_1_34' title='bbox 626 931 661 995; x_wconf 94' lang='grc' dir='ltr'><strong>Ιη</strong></span> <span class='ocrx_word' id='word_1_35' title='bbox 683 949 792 996; x_wconf 88' lang='lat' dir='ltr'><strong>eorum</strong></span> <span class='ocrx_word' id='word_1_36' title='bbox 813 951 898 1010; x_wconf 81' lang='lat' dir='ltr'><strong>sane,</strong></span> <span class='ocrx_word' id='word_1_37' title='bbox 920 933 974 1014; x_wconf 89' lang='lat' dir='ltr'><strong>qui</strong></span> <span class='ocrx_word' id='word_1_38' title='bbox 992 937 1069 996; x_wconf 99' lang='grc' dir='ltr'><strong>ωηο</strong></span> <span class='ocrx_word' id='word_1_39' title='bbox 1088 933 1189 997; x_wconf 90' lang='lat' dir='ltr'><strong>futuri</strong></span> <span class='ocrx_word' id='word_1_40' title='bbox 1209 937 1294 1009; x_wconf 83' lang='lat' dir='ltr'><strong>sunt,</strong></span> <span class='ocrx_word' id='word_1_41' title='bbox 1315 939 1481 997; x_wconf 83' lang='lat' dir='ltr'><strong>sanctorum</strong></span> 
     </span>
     <span class='ocr_line' id='line_1_6' title="bbox 343 1037 1513 1122; baseline -0.002 -22"><span class='ocrx_word' id='word_1_42' title='bbox 343 1037 445 1118; x_wconf 88' lang='lat' dir='ltr'><strong>adque</strong></span> <span class='ocrx_word' id='word_1_43' title='bbox 467 1037 610 1101; x_wconf 84' lang='lat' dir='ltr'><strong>fidelium</strong></span> <span class='ocrx_word' id='word_1_44' title='bbox 634 1039 856 1119; x_wconf 82' lang='lat' dir='ltr'><strong>conparatione</strong></span> <span class='ocrx_word' id='word_1_45' title='bbox 880 1039 956 1120; x_wconf 89' lang='lat' dir='ltr'><strong>quid</strong></span> <span class='ocrx_word' id='word_1_46' title='bbox 980 1043 1115 1103; x_wconf 75' lang='lat' dir='ltr'><strong>sumus?</strong></span> <span class='ocrx_word' id='word_1_47' title='bbox 1145 1039 1280 1118; x_wconf 82' lang='lat' dir='ltr'><strong>Quando</strong></span> <span class='ocrx_word' id='word_1_48' title='bbox 1304 1039 1428 1122; x_wconf 87' lang='lat' dir='ltr'><strong>quidem</strong></span> <span class='ocrx_word' id='word_1_49' title='bbox 1449 1039 1513 1100; x_wconf 72' lang='lat' dir='ltr'><strong>ads</strong></span> 
     </span>
     <span class='ocr_line' id='line_1_7' title="bbox 341 1143 1480 1229; baseline 0.001 -23"><span class='ocrx_word' id='word_1_50' title='bbox 341 1144 415 1206; x_wconf 88' lang='lat' dir='ltr'><strong>illos</strong></span> <span class='ocrx_word' id='word_1_51' title='bbox 439 1143 617 1226; x_wconf 87' lang='lat' dir='ltr'><strong>probandos</strong></span> <span class='ocrx_word' id='word_1_52' title='bbox 640 1147 748 1209; x_wconf 88' lang='lat' dir='ltr'><strong>tantus</strong></span> <span class='ocrx_word' id='word_1_53' title='bbox 772 1144 918 1210; x_wconf 86' lang='lat' dir='ltr'><strong>soluetur·</strong></span> <span class='ocrx_word' id='word_1_54' title='bbox 939 1145 1100 1219; x_wconf 79' lang='lat' dir='ltr'><strong>inimicus,</strong></span> <span class='ocrx_word' id='word_1_55' title='bbox 1130 1164 1203 1209; x_wconf 86' lang='lat' dir='ltr'><strong>curn</strong></span> <span class='ocrx_word' id='word_1_56' title='bbox 1228 1165 1290 1228; x_wconf 91' lang='lat' dir='ltr'><strong>quo</strong></span> <span class='ocrx_word' id='word_1_57' title='bbox 1315 1166 1372 1210; x_wconf 85' lang='lat' dir='ltr'><strong>nos</strong></span> <span class='ocrx_word' id='word_1_58' title='bbox 1394 1147 1480 1229; x_wconf 86' lang='lat' dir='ltr'><strong>ligato</strong></span> 
     </span>
     <span class='ocr_line' id='line_1_8' title="bbox 343 1249 1480 1336; baseline 0.002 -24"><span class='ocrx_word' id='word_1_59' title='bbox 343 1250 440 1314; x_wconf 90' lang='lat' dir='ltr'><strong>tantis</strong></span> <span class='ocrx_word' id='word_1_60' title='bbox 473 1251 624 1331; x_wconf 87' lang='lat' dir='ltr'><strong>periculis</strong></span> <span class='ocrx_word' id='word_1_61' title='bbox 653 1251 852 1316; x_wconf 77' lang='lat' dir='ltr'><strong>dimicamus.</strong></span> <span class='ocrx_word' id='word_1_62' title='bbox 888 1249 1041 1330; x_wconf 84' lang='lat' dir='ltr'><strong>Quamuis</strong></span> <span class='ocrx_word' id='word_1_63' title='bbox 1071 1255 1103 1316; x_wconf 88' lang='lat' dir='ltr'><strong>et</strong></span> <span class='ocrx_word' id='word_1_64' title='bbox 1129 1252 1189 1318; x_wconf 90' lang='lat' dir='ltr'><strong>hoo</strong></span> <span class='ocrx_word' id='word_1_65' title='bbox 1218 1255 1373 1336; x_wconf 81' lang='lat' dir='ltr'><strong>temporis</strong></span> <span class='ocrx_word' id='word_1_66' title='bbox 1399 1254 1480 1316; x_wconf 84' lang='lat' dir='ltr'><strong>intor-</strong></span> 
     </span>
     <span class='ocr_line' id='line_1_9' title="bbox 343 1357 1480 1441; baseline 0.001 -21"><span class='ocrx_word' id='word_1_67' title='bbox 343 1357 427 1420; x_wconf 87' lang='lat' dir='ltr'><strong>uallo</strong></span> <span class='ocrx_word' id='word_1_68' title='bbox 456 1357 609 1438; x_wconf 90' lang='lat' dir='ltr'><strong>quosdam</strong></span> <span class='ocrx_word' id='word_1_69' title='bbox 636 1358 758 1422; x_wconf 88' lang='lat' dir='ltr'><strong>milites</strong></span> <span class='ocrx_word' id='word_1_70' title='bbox 783 1357 902 1422; x_wconf 82' lang='lat' dir='ltr'><strong>Christi</strong></span> <span class='ocrx_word' id='word_1_71' title='bbox 925 1360 991 1422; x_wconf 90' lang='lat' dir='ltr'><strong>tam</strong></span> <span class='ocrx_word' id='word_1_72' title='bbox 1020 1358 1190 1441; x_wconf 84' lang='lat' dir='ltr'><strong>prudentes</strong></span> <span class='ocrx_word' id='word_1_73' title='bbox 1214 1363 1247 1424; x_wconf 91' lang='lat' dir='ltr'><strong>et</strong></span> <span class='ocrx_word' id='word_1_74' title='bbox 1274 1360 1371 1424; x_wconf 86' lang='lat' dir='ltr'><strong>fortes</strong></span> <span class='ocrx_word' id='word_1_75' title='bbox 1393 1360 1480 1423; x_wconf 85' lang='lat' dir='ltr'><strong>fuisso</strong></span> 
     </span>
     <span class='ocr_line' id='line_1_10' title="bbox 344 1463 1480 1544; baseline 0 -18"><span class='ocrx_word' id='word_1_76' title='bbox 344 1463 446 1544; x_wconf 88' lang='lat' dir='ltr'><strong>adque</strong></span> <span class='ocrx_word' id='word_1_77' title='bbox 479 1482 549 1527; x_wconf 85' lang='lat' dir='ltr'><strong>esse</strong></span> <span class='ocrx_word' id='word_1_78' title='bbox 580 1483 642 1528; x_wconf 92' lang='lat' dir='ltr'><strong>non</strong></span> <span class='ocrx_word' id='word_1_79' title='bbox 671 1463 803 1528; x_wconf 91' lang='lat' dir='ltr'><strong>dubium</strong></span> <span class='ocrx_word' id='word_1_80' title='bbox 834 1468 892 1542; x_wconf 86' lang='lat' dir='ltr'><strong>est,</strong></span> <span class='ocrx_word' id='word_1_81' title='bbox 927 1467 973 1532; x_wconf 83' lang='lat' dir='ltr'><strong>ut.</strong></span> <span class='ocrx_word' id='word_1_82' title='bbox 1007 1465 1133 1528; x_wconf 88' lang='lat' dir='ltr'><strong>etiamsi</strong></span> <span class='ocrx_word' id='word_1_83' title='bbox 1161 1469 1238 1530; x_wconf 90' lang='lat' dir='ltr'><strong>tuno</strong></span> <span class='ocrx_word' id='word_1_84' title='bbox 1267 1466 1298 1529; x_wconf 89' lang='lat' dir='ltr'><strong>in</strong></span> <span class='ocrx_word' id='word_1_85' title='bbox 1327 1466 1390 1530; x_wconf 88' lang='lat' dir='ltr'><strong>ista</strong></span> <span class='ocrx_word' id='word_1_86' title='bbox 1411 1484 1480 1528; x_wconf 90' lang='lat' dir='ltr'><strong>mor-</strong></span> 
     </span>
     <span class='ocr_line' id='line_1_11' title="bbox 342 1568 1512 1650; baseline -0.004 -16"><span class='ocrx_word' id='word_1_87' title='bbox 342 1570 466 1634; x_wconf 88' lang='lat' dir='ltr'><strong>talitate</strong></span> <span class='ocrx_word' id='word_1_88' title='bbox 496 1568 651 1647; x_wconf 78' lang='lat' dir='ltr'><strong>uiuerent,</strong></span> <span class='ocrx_word' id='word_1_89' title='bbox 684 1569 808 1650; x_wconf 91' lang='lat' dir='ltr'><strong>qnando</strong></span> <span class='ocrx_word' id='word_1_90' title='bbox 841 1569 895 1634; x_wconf 92' lang='lat' dir='ltr'><strong>ille</strong></span> <span class='ocrx_word' id='word_1_91' title='bbox 933 1570 1086 1648; x_wconf 84' lang='lat' dir='ltr'><strong>soluetur,</strong></span> <span class='ocrx_word' id='word_1_92' title='bbox 1120 1589 1228 1635; x_wconf 88' lang='lat' dir='ltr'><strong>omncs</strong></span> <span class='ocrx_word' id='word_1_93' title='bbox 1260 1570 1391 1635; x_wconf 88' lang='lat' dir='ltr'><strong>iusidias</strong></span> <span class='ocrx_word' id='word_1_94' title='bbox 1421 1571 1479 1633; x_wconf 88' lang='lat' dir='ltr'><strong>cius</strong></span> <span class='ocrx_word' id='word_1_95' title='bbox 1496 1593 1512 1630; x_wconf 86' lang='lat' dir='ltr'><strong>o</strong></span> 
     </span>
     <span class='ocr_line' id='line_1_12' title="bbox 343 1675 1478 1760; baseline -0.003 -20"><span class='ocrx_word' id='word_1_96' title='bbox 343 1677 445 1758; x_wconf 89' lang='lat' dir='ltr'><strong>adque</strong></span> <span class='ocrx_word' id='word_1_97' title='bbox 486 1677 613 1756; x_wconf 82' lang='lat' dir='ltr'><strong>inpetus</strong></span> <span class='ocrx_word' id='word_1_98' title='bbox 656 1679 688 1738; x_wconf 88' lang='lat' dir='ltr'><strong>ot</strong></span> <span class='ocrx_word' id='word_1_99' title='bbox 728 1679 877 1740; x_wconf 87' lang='lat' dir='ltr'><strong>cauerent</strong></span> <span class='ocrx_word' id='word_1_100' title='bbox 918 1675 1153 1758; x_wconf 86' lang='lat' dir='ltr'><strong>sapientissime</strong></span> <span class='ocrx_word' id='word_1_101' title='bbox 1192 1679 1223 1740; x_wconf 89' lang='lat' dir='ltr'><strong>et</strong></span> <span class='ocrx_word' id='word_1_102' title='bbox 1260 1677 1478 1760; x_wconf 83' lang='lat' dir='ltr'><strong>patientissimo</strong></span> 
     </span>
     <span class='ocr_line' id='line_1_13' title="bbox 344 1783 954 1848; baseline -0.01 0"><span class='ocrx_word' id='word_1_103' title='bbox 344 1783 547 1848; x_wconf 88' lang='lat' dir='ltr'><strong>sustinerent.</strong></span> <span class='ocrx_word' id='word_1_104' title='bbox 950 1795 954 1802; x_wconf 86' lang='grc'>·</span> 
     </span>
    </p>

    <p class='ocr_par' dir='ltr' id='par_1_3' title="bbox 342 1888 1510 3669">
     <span class='ocr_line' id='line_1_14' title="bbox 387 1888 1477 1972; baseline -0.005 -18"><span class='ocrx_word' id='word_1_105' title='bbox 387 1891 474 1954; x_wconf 89' lang='lat' dir='ltr'><strong>Haec</strong></span> <span class='ocrx_word' id='word_1_106' title='bbox 501 1891 607 1952; x_wconf 89' lang='lat' dir='ltr'><strong>autem</strong></span> <span class='ocrx_word' id='word_1_107' title='bbox 635 1888 789 1972; x_wconf 85' lang='lat' dir='ltr'><strong>adligatio</strong></span> <span class='ocrx_word' id='word_1_108' title='bbox 818 1889 937 1953; x_wconf 89' lang='lat' dir='ltr'><strong>diaboli</strong></span> <span class='ocrx_word' id='word_1_109' title='bbox 964 1908 1025 1954; x_wconf 91' lang='lat' dir='ltr'><strong>non</strong></span> <span class='ocrx_word' id='word_1_110' title='bbox 1050 1890 1155 1956; x_wconf 91' lang='lat' dir='ltr'><strong>solum</strong></span> <span class='ocrx_word' id='word_1_111' title='bbox 1179 1889 1264 1953; x_wconf 88' lang='lat' dir='ltr'><strong>facta</strong></span> <span class='ocrx_word' id='word_1_112' title='bbox 1286 1893 1346 1962; x_wconf 85' lang='lat' dir='ltr'><strong>ost,</strong></span> <span class='ocrx_word' id='word_1_113' title='bbox 1370 1908 1404 1952; x_wconf 84' lang='lat' dir='ltr'><strong>er</strong></span> <span class='ocrx_word' id='word_1_114' title='bbox 1425 1907 1477 1970; x_wconf 86' lang='lat' dir='ltr'><strong>quo</strong></span> 
     </span>
     <span class='ocr_line' id='line_1_15' title="bbox 344 1994 1476 2078; baseline -0.004 -17"><span class='ocrx_word' id='word_1_115' title='bbox 344 1997 449 2078; x_wconf 80' lang='lat' dir='ltr'><strong>coepit</strong></span> <span class='ocrx_word' id='word_1_116' title='bbox 471 1995 606 2059; x_wconf 80' lang='lat' dir='ltr'><strong>ecclesia</strong></span> <span class='ocrx_word' id='word_1_117' title='bbox 628 1999 753 2076; x_wconf 87' lang='lat' dir='ltr'><strong>praeter</strong></span> <span class='ocrx_word' id='word_1_118' title='bbox 775 1994 924 2059; x_wconf 89' lang='lat' dir='ltr'><strong>Iudaeam</strong></span> <span class='ocrx_word' id='word_1_119' title='bbox 944 1998 1059 2060; x_wconf 87' lang='lat' dir='ltr'><strong>terram</strong></span> <span class='ocrx_word' id='word_1_120' title='bbox 1079 1996 1110 2060; x_wconf 91' lang='lat' dir='ltr'><strong>in</strong></span> <span class='ocrx_word' id='word_1_121' title='bbox 1130 1995 1274 2060; x_wconf 87' lang='lat' dir='ltr'><strong>nationes</strong></span> <span class='ocrx_word' id='word_1_122' title='bbox 1294 1997 1371 2061; x_wconf 88' lang='lat' dir='ltr'><strong>alias</strong></span> <span class='ocrx_word' id='word_1_123' title='bbox 1390 1996 1476 2076; x_wconf 76' lang='lat' dir='ltr'><strong>adque</strong></span> 
     </span>
     <span class='ocr_line' id='line_1_16' title="bbox 343 2101 1508 2183; baseline -0.003 -16"><span class='ocrx_word' id='word_1_124' title='bbox 343 2104 422 2168; x_wconf 85' lang='lat' dir='ltr'><strong>alias</strong></span> <span class='ocrx_word' id='word_1_125' title='bbox 451 2102 590 2176; x_wconf 84' lang='lat' dir='ltr'><strong>dilatari;</strong></span> <span class='ocrx_word' id='word_1_126' title='bbox 620 2101 677 2165; x_wconf 88' lang='lat' dir='ltr'><strong>sed</strong></span> <span class='ocrx_word' id='word_1_127' title='bbox 705 2101 800 2164; x_wconf 88' lang='lat' dir='ltr'><strong>otiam</strong></span> <span class='ocrx_word' id='word_1_128' title='bbox 828 2121 911 2166; x_wconf 90' lang='lat' dir='ltr'><strong>nunc</strong></span> <span class='ocrx_word' id='word_1_129' title='bbox 935 2102 971 2165; x_wconf 92' lang='lat' dir='ltr'><strong>fit</strong></span> <span class='ocrx_word' id='word_1_130' title='bbox 994 2105 1027 2166; x_wconf 87' lang='lat' dir='ltr'><strong>et</strong></span> <span class='ocrx_word' id='word_1_131' title='bbox 1055 2102 1111 2166; x_wconf 84' lang='lat' dir='ltr'><strong>det</strong></span> <span class='ocrx_word' id='word_1_132' title='bbox 1133 2121 1235 2183; x_wconf 86' lang='lat' dir='ltr'><strong>usquc</strong></span> <span class='ocrx_word' id='word_1_133' title='bbox 1260 2101 1298 2166; x_wconf 90' lang='lat' dir='ltr'><strong>ad</strong></span> <span class='ocrx_word' id='word_1_134' title='bbox 1322 2103 1474 2167; x_wconf 87' lang='lat' dir='ltr'><strong>terminum</strong></span> <span class='ocrx_word' id='word_1_135' title='bbox 1492 2122 1508 2159; x_wconf 80' lang='lat' dir='ltr'><strong>o</strong></span> 
     </span>
     <span class='ocr_line' id='line_1_17' title="bbox 344 2207 1476 2290; baseline -0.004 -17"><span class='ocrx_word' id='word_1_136' title='bbox 344 2209 474 2285; x_wconf 78' lang='lat' dir='ltr'><strong>saeculi,</strong></span> <span class='ocrx_word' id='word_1_137' title='bbox 499 2227 560 2289; x_wconf 91' lang='lat' dir='ltr'><strong>quo</strong></span> <span class='ocrx_word' id='word_1_138' title='bbox 585 2207 758 2273; x_wconf 88' lang='lat' dir='ltr'><strong>soluendus</strong></span> <span class='ocrx_word' id='word_1_139' title='bbox 782 2213 841 2275; x_wconf 86' lang='lat' dir='ltr'><strong>est.</strong></span> <span class='ocrx_word' id='word_1_140' title='bbox 872 2209 946 2290; x_wconf 90' lang='lat' dir='ltr'><strong>quia</strong></span> <span class='ocrx_word' id='word_1_141' title='bbox 970 2212 1001 2272; x_wconf 86' lang='lat' dir='ltr'><strong>ot</strong></span> <span class='ocrx_word' id='word_1_142' title='bbox 1023 2227 1107 2273; x_wconf 88' lang='lat' dir='ltr'><strong>nnnc</strong></span> <span class='ocrx_word' id='word_1_143' title='bbox 1129 2209 1273 2274; x_wconf 84' lang='lat' dir='ltr'><strong>hominos</strong></span> <span class='ocrx_word' id='word_1_144' title='bbox 1298 2209 1336 2272; x_wconf 87' lang='lat' dir='ltr'><strong>ab</strong></span> <span class='ocrx_word' id='word_1_145' title='bbox 1360 2208 1476 2272; x_wconf 83' lang='lat' dir='ltr'><strong>infideli·</strong></span> 
     </span>
     <span class='ocr_line' id='line_1_18' title="bbox 343 2315 1474 2397; baseline -0.004 -18"><span class='ocrx_word' id='word_1_146' title='bbox 343 2322 420 2389; x_wconf 83' lang='lat' dir='ltr'><strong>tato,</strong></span> <span class='ocrx_word' id='word_1_147' title='bbox 452 2316 483 2378; x_wconf 91' lang='lat' dir='ltr'><strong>in</strong></span> <span class='ocrx_word' id='word_1_148' title='bbox 518 2333 581 2397; x_wconf 88' lang='lat' dir='ltr'><strong>qua</strong></span> <span class='ocrx_word' id='word_1_149' title='bbox 609 2333 663 2378; x_wconf 85' lang='lat' dir='ltr'><strong>eos</strong></span> <span class='ocrx_word' id='word_1_150' title='bbox 690 2315 761 2395; x_wconf 88' lang='lat' dir='ltr'><strong>ipso</strong></span> <span class='ocrx_word' id='word_1_151' title='bbox 789 2315 985 2397; x_wconf 73' lang='lat' dir='ltr'><strong>possidebat,</strong></span> <span class='ocrx_word' id='word_1_152' title='bbox 1019 2317 1249 2380; x_wconf 83' lang='lat' dir='ltr'><strong>conuertuntur</strong></span> <span class='ocrx_word' id='word_1_153' title='bbox 1276 2315 1316 2379; x_wconf 90' lang='lat' dir='ltr'><strong>ad</strong></span> <span class='ocrx_word' id='word_1_154' title='bbox 1344 2315 1429 2378; x_wconf 86' lang='lat' dir='ltr'><strong>fidem</strong></span> <span class='ocrx_word' id='word_1_155' title='bbox 1451 2317 1474 2376; x_wconf 83' lang='lat' dir='ltr'><strong>ot</strong></span> 
     </span>
     <span class='ocr_line' id='line_1_19' title="bbox 343 2420 1474 2504; baseline -0.004 -17"><span class='ocrx_word' id='word_1_156' title='bbox 343 2441 444 2504; x_wconf 87' lang='lat' dir='ltr'><strong>usque</strong></span> <span class='ocrx_word' id='word_1_157' title='bbox 483 2421 514 2484; x_wconf 90' lang='lat' dir='ltr'><strong>in</strong></span> <span class='ocrx_word' id='word_1_158' title='bbox 549 2421 642 2485; x_wconf 89' lang='lat' dir='ltr'><strong>illum</strong></span> <span class='ocrx_word' id='word_1_159' title='bbox 678 2420 772 2484; x_wconf 87' lang='lat' dir='ltr'><strong>finem</strong></span> <span class='ocrx_word' id='word_1_160' title='bbox 808 2421 875 2486; x_wconf 87' lang='lat' dir='ltr'><strong>sine</strong></span> <span class='ocrx_word' id='word_1_161' title='bbox 907 2421 1004 2486; x_wconf 90' lang='lat' dir='ltr'><strong>dubio</strong></span> <span class='ocrx_word' id='word_1_162' title='bbox 1038 2425 1278 2495; x_wconf 63' lang='lat' dir='ltr'><strong>mouumentum</strong></span> <span class='ocrx_word' id='word_1_163' title='bbox 1318 2425 1350 2486; x_wconf 92' lang='lat' dir='ltr'><strong>et</strong></span> <span class='ocrx_word' id='word_1_164' title='bbox 1379 2421 1474 2501; x_wconf 89' lang='lat' dir='ltr'><strong>utique</strong></span> 
     </span>
     <span class='ocr_line' id='line_1_20' title="bbox 343 2528 1474 2612; baseline -0.005 -18"><span class='ocrx_word' id='word_1_165' title='bbox 343 2530 516 2610; x_wconf 88' lang='lat' dir='ltr'><strong>unicuique</strong></span> <span class='ocrx_word' id='word_1_166' title='bbox 542 2529 605 2592; x_wconf 87' lang='lat' dir='ltr'><strong>iste</strong></span> <span class='ocrx_word' id='word_1_167' title='bbox 627 2529 719 2592; x_wconf 84' lang='lat' dir='ltr'><strong>fortis</strong></span> <span class='ocrx_word' id='word_1_168' title='bbox 742 2532 819 2592; x_wconf 91' lang='grc' dir='ltr'><strong>ωηο</strong></span> <span class='ocrx_word' id='word_1_169' title='bbox 843 2529 1013 2612; x_wconf 76' lang='lat' dir='ltr'><strong>adfigatur,</strong></span> <span class='ocrx_word' id='word_1_170' title='bbox 1038 2528 1162 2610; x_wconf 89' lang='lat' dir='ltr'><strong>quaudo</strong></span> <span class='ocrx_word' id='word_1_171' title='bbox 1187 2528 1225 2592; x_wconf 89' lang='lat' dir='ltr'><strong>ab</strong></span> <span class='ocrx_word' id='word_1_172' title='bbox 1250 2529 1306 2593; x_wconf 93' lang='lat' dir='ltr'><strong>illo</strong></span> <span class='ocrx_word' id='word_1_173' title='bbox 1331 2532 1474 2608; x_wconf 81' lang='lat' dir='ltr'><strong>tamquam</strong></span> 
     </span>
     <span class='ocr_line' id='line_1_21' title="bbox 343 2633 1510 2718; baseline -0.007 -18"><span class='ocrx_word' id='word_1_174' title='bbox 343 2656 401 2700; x_wconf 89' lang='lat' dir='ltr'><strong>uas</strong></span> <span class='ocrx_word' id='word_1_175' title='bbox 435 2637 504 2700; x_wconf 85' lang='lat' dir='ltr'><strong>eius</strong></span> <span class='ocrx_word' id='word_1_176' title='bbox 532 2636 680 2718; x_wconf 87' lang='lat' dir='ltr'><strong>e1·ipitur;</strong></span> <span class='ocrx_word' id='word_1_177' title='bbox 714 2639 746 2699; x_wconf 90' lang='lat' dir='ltr'><strong>et</strong></span> <span class='ocrx_word' id='word_1_178' title='bbox 773 2637 920 2717; x_wconf 84' lang='lat' dir='ltr'><strong>abyssus,</strong></span> <span class='ocrx_word' id='word_1_179' title='bbox 949 2636 1004 2700; x_wconf 90' lang='lat' dir='ltr'><strong>ubi</strong></span> <span class='ocrx_word' id='word_1_180' title='bbox 1031 2635 1177 2700; x_wconf 90' lang='lat' dir='ltr'><strong>inclusus</strong></span> <span class='ocrx_word' id='word_1_181' title='bbox 1207 2637 1266 2708; x_wconf 82' lang='lat' dir='ltr'><strong>cst,</strong></span> <span class='ocrx_word' id='word_1_182' title='bbox 1300 2654 1361 2699; x_wconf 92' lang='lat' dir='ltr'><strong>non</strong></span> <span class='ocrx_word' id='word_1_183' title='bbox 1387 2635 1415 2698; x_wconf 89' lang='lat' dir='ltr'><strong>iu</strong></span> <span class='ocrx_word' id='word_1_184' title='bbox 1436 2633 1510 2696; x_wconf 74' lang='lat' dir='ltr'><strong>cisso</strong></span> 
     </span>
     <span class='ocr_line' id='line_1_22' title="bbox 344 2737 1471 2824; baseline -0.007 -18"><span class='ocrx_word' id='word_1_185' title='bbox 344 2746 510 2806; x_wconf 85' lang='lat' dir='ltr'><strong>consumta</strong></span> <span class='ocrx_word' id='word_1_186' title='bbox 542 2746 602 2819; x_wconf 78' lang='lat' dir='ltr'><strong>est,</strong></span> <span class='ocrx_word' id='word_1_187' title='bbox 635 2741 758 2823; x_wconf 88' lang='lat' dir='ltr'><strong>quando</strong></span> <span class='ocrx_word' id='word_1_188' title='bbox 792 2745 868 2806; x_wconf 92' lang='lat' dir='ltr'><strong>suut</strong></span> <span class='ocrx_word' id='word_1_189' title='bbox 899 2741 1026 2818; x_wconf 83' lang='lat' dir='ltr'><strong>mortui,</strong></span> <span class='ocrx_word' id='word_1_190' title='bbox 1060 2741 1115 2824; x_wconf 88' lang='lat' dir='ltr'><strong>qui</strong></span> <span class='ocrx_word' id='word_1_191' title='bbox 1146 2744 1224 2805; x_wconf 90' lang='lat' dir='ltr'><strong>tunc</strong></span> <span class='ocrx_word' id='word_1_192' title='bbox 1251 2747 1341 2806; x_wconf 87' lang='lat' dir='ltr'><strong>erant</strong></span> <span class='ocrx_word' id='word_1_193' title='bbox 1367 2737 1471 2823; x_wconf 88' lang='lat' dir='ltr'><strong>quando</strong></span> 
     </span>
     <span class='ocr_line' id='line_1_23' title="bbox 344 2845 1470 2930; baseline -0.008 -17"><span class='ocrx_word' id='word_1_194' title='bbox 344 2869 414 2913; x_wconf 89' lang='lat' dir='ltr'><strong>esse</strong></span> <span class='ocrx_word' id='word_1_195' title='bbox 438 2849 543 2930; x_wconf 89' lang='lat' dir='ltr'><strong>coepit</strong></span> <span class='ocrx_word' id='word_1_196' title='bbox 564 2849 725 2923; x_wconf 67' lang='lat' dir='ltr'><strong>inclusum</strong></span> <span class='ocrx_word' id='word_1_197' title='bbox 750 2849 807 2912; x_wconf 87' lang='lat' dir='ltr'><strong>ssd</strong></span> <span class='ocrx_word' id='word_1_198' title='bbox 830 2854 1053 2913; x_wconf 85' lang='lat' dir='ltr'><strong>successerunt</strong></span> <span class='ocrx_word' id='word_1_199' title='bbox 1077 2848 1122 2911; x_wconf 88' lang='lat' dir='ltr'><strong>eis</strong></span> <span class='ocrx_word' id='word_1_200' title='bbox 1141 2848 1194 2911; x_wconf 86' lang='lat' dir='ltr'><strong>alii</strong></span> <span class='ocrx_word' id='word_1_201' title='bbox 1213 2848 1369 2912; x_wconf 86' lang='lat' dir='ltr'><strong>nascendo</strong></span> <span class='ocrx_word' id='word_1_202' title='bbox 1386 2845 1470 2925; x_wconf 85' lang='lat' dir='ltr'><strong>adque</strong></span> 
     </span>
     <span class='ocr_line' id='line_1_24' title="bbox 344 2951 1469 3035; baseline -0.007 -15"><span class='ocrx_word' id='word_1_203' title='bbox 344 2955 528 3029; x_wconf 82' lang='lat' dir='ltr'><strong>succedunt,</strong></span> <span class='ocrx_word' id='word_1_204' title='bbox 557 2955 655 3020; x_wconf 86' lang='lat' dir='ltr'><strong>donec</strong></span> <span class='ocrx_word' id='word_1_205' title='bbox 678 2955 806 3019; x_wconf 88' lang='lat' dir='ltr'><strong>finiatur</strong></span> <span class='ocrx_word' id='word_1_206' title='bbox 829 2956 888 3019; x_wconf 92' lang='lat' dir='ltr'><strong>hoc</strong></span> <span class='ocrx_word' id='word_1_207' title='bbox 912 2956 1086 3032; x_wconf 84' lang='lat' dir='ltr'><strong>sacculum,</strong></span> <span class='ocrx_word' id='word_1_208' title='bbox 1117 2953 1172 3035; x_wconf 89' lang='lat' dir='ltr'><strong>qni</strong></span> <span class='ocrx_word' id='word_1_209' title='bbox 1196 2953 1320 3018; x_wconf 87' lang='lat' dir='ltr'><strong>oderint</strong></span> <span class='ocrx_word' id='word_1_210' title='bbox 1343 2951 1469 3020; x_wconf 85' lang='lat' dir='ltr'><strong>Christia-</strong></span> 
     </span>
     <span class='ocr_line' id='line_1_25' title="bbox 344 3057 1468 3144; baseline -0.006 -20"><span class='ocrx_word' id='word_1_211' title='bbox 344 3080 410 3136; x_wconf 81' lang='grc' dir='ltr'>ηηη,</span> <span class='ocrx_word' id='word_1_212' title='bbox 439 3062 471 3124; x_wconf 92' lang='lat' dir='ltr'><strong>in</strong></span> <span class='ocrx_word' id='word_1_213' title='bbox 500 3080 633 3142; x_wconf 91' lang='lat' dir='ltr'><strong>quorum</strong></span> <span class='ocrx_word' id='word_1_214' title='bbox 658 3061 800 3137; x_wconf 80' lang='lat' dir='ltr'><strong>cottidie,</strong></span> <span class='ocrx_word' id='word_1_215' title='bbox 828 3062 919 3126; x_wconf 85' lang='lat' dir='ltr'><strong>uelut</strong></span> <span class='ocrx_word' id='word_1_216' title='bbox 940 3062 972 3124; x_wconf 90' lang='lat' dir='ltr'><strong>in</strong></span> <span class='ocrx_word' id='word_1_217' title='bbox 997 3061 1122 3144; x_wconf 83' lang='lat' dir='ltr'><strong>abysso,</strong></span> <span class='ocrx_word' id='word_1_218' title='bbox 1147 3061 1250 3125; x_wconf 89' lang='lat' dir='ltr'><strong>caecis</strong></span> <span class='ocrx_word' id='word_1_219' title='bbox 1274 3065 1307 3124; x_wconf 88' lang='lat' dir='ltr'><strong>ct</strong></span> <span class='ocrx_word' id='word_1_220' title='bbox 1328 3057 1468 3144; x_wconf 83' lang='lat' dir='ltr'><strong>profundis</strong></span> 
     </span>
     <span class='ocr_line' id='line_1_26' title="bbox 344 3164 1509 3234; baseline -0.005 -4"><span class='ocrx_word' id='word_1_221' title='bbox 344 3166 491 3230; x_wconf 87' lang='lat' dir='ltr'><strong>cordibus</strong></span> <span class='ocrx_word' id='word_1_222' title='bbox 519 3166 708 3234; x_wconf 85' lang='lat' dir='ltr'><strong>includatur.</strong></span> <span class='ocrx_word' id='word_1_223' title='bbox 738 3166 853 3231; x_wconf 88' lang='lat' dir='ltr'><strong>Utrum</strong></span> <span class='ocrx_word' id='word_1_224' title='bbox 882 3171 989 3232; x_wconf 90' lang='lat' dir='ltr'><strong>autem</strong></span> <span class='ocrx_word' id='word_1_225' title='bbox 1017 3168 1113 3232; x_wconf 84' lang='lat' dir='ltr'><strong>etiam</strong></span> <span class='ocrx_word' id='word_1_226' title='bbox 1141 3167 1207 3232; x_wconf 91' lang='lat' dir='ltr'><strong>illis</strong></span> <span class='ocrx_word' id='word_1_227' title='bbox 1235 3165 1358 3231; x_wconf 87' lang='lat' dir='ltr'><strong>ultimis</strong></span> <span class='ocrx_word' id='word_1_228' title='bbox 1384 3164 1467 3228; x_wconf 82' lang='lat' dir='ltr'><strong>tribus</strong></span> <span class='ocrx_word' id='word_1_229' title='bbox 1485 3182 1509 3218; x_wconf 70' lang='lat' dir='ltr'><strong>a</strong></span> 
     </span>
     <span class='ocr_line' id='line_1_27' title="bbox 344 3269 1468 3356; baseline -0.005 -20"><span class='ocrx_word' id='word_1_230' title='bbox 344 3273 433 3337; x_wconf 91' lang='lat' dir='ltr'><strong>annis</strong></span> <span class='ocrx_word' id='word_1_231' title='bbox 466 3276 499 3337; x_wconf 91' lang='lat' dir='ltr'><strong>et</strong></span> <span class='ocrx_word' id='word_1_232' title='bbox 529 3274 693 3338; x_wconf 86' lang='lat' dir='ltr'><strong>mensibus</strong></span> <span class='ocrx_word' id='word_1_233' title='bbox 722 3293 785 3350; x_wconf 82' lang='lat' dir='ltr'><strong>ser,</strong></span> <span class='ocrx_word' id='word_1_234' title='bbox 820 3274 943 3356; x_wconf 90' lang='lat' dir='ltr'><strong>quando</strong></span> <span class='ocrx_word' id='word_1_235' title='bbox 973 3274 1099 3338; x_wconf 88' lang='lat' dir='ltr'><strong>solutus</strong></span> <span class='ocrx_word' id='word_1_236' title='bbox 1131 3275 1209 3338; x_wconf 92' lang='lat' dir='ltr'><strong>totis</strong></span> <span class='ocrx_word' id='word_1_237' title='bbox 1237 3274 1360 3338; x_wconf 91' lang='lat' dir='ltr'><strong>uiribus</strong></span> <span class='ocrx_word' id='word_1_238' title='bbox 1386 3269 1468 3336; x_wconf 82' lang='lat' dir='ltr'><strong>saeui-</strong></span> 
     </span>
     <span class='ocr_line' id='line_1_28' title="bbox 342 3377 1466 3462; baseline -0.005 -20"><span class='ocrx_word' id='word_1_239' title='bbox 342 3382 434 3442; x_wconf 84' lang='lat' dir='ltr'><strong>turus</strong></span> <span class='ocrx_word' id='word_1_240' title='bbox 459 3382 518 3459; x_wconf 87' lang='lat' dir='ltr'><strong>est,</strong></span> <span class='ocrx_word' id='word_1_241' title='bbox 543 3379 669 3460; x_wconf 85' lang='lat' dir='ltr'><strong>aliquis,</strong></span> <span class='ocrx_word' id='word_1_242' title='bbox 693 3379 725 3442; x_wconf 92' lang='lat' dir='ltr'><strong>in</strong></span> <span class='ocrx_word' id='word_1_243' title='bbox 748 3399 811 3462; x_wconf 88' lang='lat' dir='ltr'><strong>qua</strong></span> <span class='ocrx_word' id='word_1_244' title='bbox 833 3399 894 3444; x_wconf 91' lang='lat' dir='ltr'><strong>non</strong></span> <span class='ocrx_word' id='word_1_245' title='bbox 918 3381 1030 3457; x_wconf 85' lang='lat' dir='ltr'><strong>luerat,</strong></span> <span class='ocrx_word' id='word_1_246' title='bbox 1055 3381 1098 3443; x_wconf 91' lang='lat' dir='ltr'><strong>sit</strong></span> <span class='ocrx_word' id='word_1_247' title='bbox 1122 3399 1309 3445; x_wconf 85' lang='lat' dir='ltr'><strong>accessurus</strong></span> <span class='ocrx_word' id='word_1_248' title='bbox 1328 3380 1365 3444; x_wconf 91' lang='lat' dir='ltr'><strong>ad</strong></span> <span class='ocrx_word' id='word_1_249' title='bbox 1382 3377 1466 3442; x_wconf 86' lang='lat' dir='ltr'><strong>fidon.</strong></span> 
     </span>
     <span class='ocr_line' id='line_1_29' title="bbox 343 3485 1467 3570; baseline -0.005 -22"><span class='ocrx_word' id='word_1_250' title='bbox 343 3486 493 3549; x_wconf 87' lang='lat' dir='ltr'><strong>nonnulla</strong></span> <span class='ocrx_word' id='word_1_251' title='bbox 521 3488 664 3567; x_wconf 87' lang='lat' dir='ltr'><strong>quaestio</strong></span> <span class='ocrx_word' id='word_1_252' title='bbox 700 3489 758 3550; x_wconf 85' lang='lat' dir='ltr'><strong>est.</strong></span> <span class='ocrx_word' id='word_1_253' title='bbox 792 3485 862 3566; x_wconf 81' lang='lat' dir='ltr'><strong>Quo</strong></span> <span class='ocrx_word' id='word_1_254' title='bbox 897 3485 990 3551; x_wconf 92' lang='lat' dir='ltr'><strong>modo</strong></span> <span class='ocrx_word' id='word_1_255' title='bbox 1020 3486 1102 3550; x_wconf 87' lang='lat' dir='ltr'><strong>enim</strong></span> <span class='ocrx_word' id='word_1_256' title='bbox 1131 3487 1230 3550; x_wconf 83' lang='lat' dir='ltr'><strong>stabit</strong></span> <span class='ocrx_word' id='word_1_257' title='bbox 1258 3487 1342 3570; x_wconf 90' lang='lat' dir='ltr'><strong>quod</strong></span> <span class='ocrx_word' id='word_1_258' title='bbox 1368 3485 1467 3549; x_wconf 86' lang='lat' dir='ltr'><strong>dictum</strong></span> 
     </span>
     <span class='ocr_line' id='line_1_30' title="bbox 344 3587 1467 3669; baseline -0.005 -15"><span class='ocrx_word' id='word_1_259' title='bbox 344 3596 410 3655; x_wconf 87' lang='lat' dir='ltr'><strong>est:</strong></span> <span class='ocrx_word' id='word_1_260' title='bbox 436 3589 533 3668; x_wconf 86' lang='lat' dir='ltr'><strong>Quis</strong></span> <span class='ocrx_word' id='word_1_261' title='bbox 557 3591 686 3654; x_wconf 90' lang='lat' dir='ltr'><strong>intrat</strong></span> <span class='ocrx_word' id='word_1_262' title='bbox 709 3591 747 3654; x_wconf 93' lang='lat' dir='ltr'><strong>in</strong></span> <span class='ocrx_word' id='word_1_263' title='bbox 773 3591 926 3656; x_wconf 89' lang='lat' dir='ltr'><strong>domurn</strong></span> <span class='ocrx_word' id='word_1_264' title='bbox 957 3593 1092 3669; x_wconf 68' lang='lat' dir='ltr'><strong>fortia</strong></span> <span class='ocrx_word' id='word_1_265' title='bbox 1120 3597 1164 3656; x_wconf 89' lang='lat' dir='ltr'><strong>ut</strong></span> <span class='ocrx_word' id='word_1_266' title='bbox 1187 3613 1287 3659; x_wconf 85' lang='lat' dir='ltr'><strong>uasa</strong></span> <span class='ocrx_word' id='word_1_267' title='bbox 1310 3594 1390 3658; x_wconf 89' lang='lat' dir='ltr'><strong>eius</strong></span> <span class='ocrx_word' id='word_1_268' title='bbox 1410 3587 1467 3652; x_wconf 89' lang='lat' dir='ltr'><strong>ori-</strong></span> 
     </span>
    </p>
   </div>
   <div class='ocr_carea' id='block_1_3' title="bbox 433 3820 651 3883">
    <p class='ocr_par' dir='ltr' id='par_1_4' title="bbox 433 3820 651 3883">
     <span class='ocr_line' id='line_1_31' title="bbox 433 3820 651 3883; baseline 0.005 -11"><span class='ocrx_word' id='word_1_269' title='bbox 433 3821 467 3873; x_wconf 82' lang='grc'><strong>29</strong></span> <span class='ocrx_word' id='word_1_270' title='bbox 486 3820 535 3873; x_wconf 87' lang='lat' dir='ltr'><strong>ltlt.</strong></span> <span class='ocrx_word' id='word_1_271' title='bbox 557 3820 598 3883; x_wconf 82' lang='lat'><strong>12,</strong></span> <span class='ocrx_word' id='word_1_272' title='bbox 618 3821 651 3873; x_wconf 82' lang='lat'><strong>29</strong></span> 
     </span>
    </p>
   </div>
   <div class='ocr_carea' id='block_1_4' title="bbox 379 3955 1466 4096">
    <p class='ocr_par' dir='ltr' id='par_1_5' title="bbox 379 3955 1466 4096">
     <span class='ocr_line' id='line_1_32' title="bbox 379 3955 1466 4096; baseline -0.006 -54"><span class='ocrx_word' id='word_1_273' title='bbox 379 3988 584 4042; x_wconf 82' lang='lat' dir='ltr'><strong>3adiutoriue</strong></span> <span class='ocrx_word' id='word_1_274' title='bbox 620 3955 749 4042; x_wconf 59' lang='lat' dir='ltr'><strong>6tantds</strong></span> <span class='ocrx_word' id='word_1_275' title='bbox 766 4007 797 4058; x_wconf 77' lang='lat' dir='ltr'><strong>p;</strong></span> <span class='ocrx_word' id='word_1_276' title='bbox 816 3993 923 4044; x_wconf 82' lang='lat' dir='ltr'><strong>tantos</strong></span> <span class='ocrx_word' id='word_1_277' title='bbox 976 3989 1083 4058; x_wconf 76' lang='lat' dir='ltr'><strong>ligatol‚</strong></span> <span class='ocrx_word' id='word_1_278' title='bbox 1104 3987 1212 4052; x_wconf 73' lang='lat' dir='ltr'><strong>seros..</strong></span> <span class='ocrx_word' id='word_1_279' title='bbox 1225 4005 1244 4059; x_wconf 73' lang='lat' dir='ltr'><strong>p</strong></span> <span class='ocrx_word' id='word_1_280' title='bbox 1282 3983 1466 4096; x_wconf 44' lang='lat' dir='ltr'><strong>lisinnationu</strong></span> 
     </span>
    </p>
   </div>
   <div class='ocr_carea' id='block_1_5' title="bbox 344 4097 1467 4197">
    <p class='ocr_par' dir='ltr' id='par_1_6' title="bbox 344 4097 1467 4197">
     <span class='ocr_line' id='line_1_33' title="bbox 344 4097 1467 4197; baseline 0.004 -32"><span class='ocrx_word' id='word_1_281' title='bbox 344 4114 448 4197; x_wconf 22' lang='lat' dir='ltr'><strong>filliasb</strong></span> <span class='ocrx_word' id='word_1_282' title='bbox 503 4112 564 4182; x_wconf 86' lang='lat' dir='ltr'><strong>adq.</strong></span> <span class='ocrx_word' id='word_1_283' title='bbox 584 4114 662 4183; x_wconf 82' lang='lat' dir='ltr'><strong>alius]</strong></span> <span class='ocrx_word' id='word_1_284' title='bbox 683 4113 840 4183; x_wconf 83' lang='lat' dir='ltr'><strong>aliasqueo</strong></span> <span class='ocrx_word' id='word_1_285' title='bbox 883 4115 915 4166; x_wconf 80' lang='lat'><strong>17</strong></span> <span class='ocrx_word' id='word_1_286' title='bbox 936 4115 994 4184; x_wconf 89' lang='lat' dir='ltr'><strong>ipse</strong></span> <span class='ocrx_word' id='word_1_287' title='bbox 1014 4129 1094 4168; x_wconf 81' lang='lat' dir='ltr'><strong>soso</strong></span> <span class='ocrx_word' id='word_1_288' title='bbox 1132 4114 1165 4166; x_wconf 88' lang='grc'><strong>19</strong></span> <span class='ocrx_word' id='word_1_289' title='bbox 1184 4097 1467 4182; x_wconf 60' lang='lat' dir='ltr'><strong>unicuiqueiauua·</strong></span> 
     </span>
    </p>
   </div>
   <div class='ocr_carea' id='block_1_6' title="bbox 340 4202 1468 4394">
    <p class='ocr_par' dir='ltr' id='par_1_7' title="bbox 340 4202 1468 4394">
     <span class='ocr_line' id='line_1_34' title="bbox 340 4202 1468 4308; baseline -0.004 -18"><span class='ocrx_word' id='word_1_290' title='bbox 340 4202 510 4304; x_wconf 79' lang='lat' dir='ltr'><strong>ltidelinm,p</strong></span> <span class='ocrx_word' id='word_1_291' title='bbox 573 4238 627 4290; x_wconf 89' lang='lat' dir='ltr'><strong>ista</strong></span> <span class='ocrx_word' id='word_1_292' title='bbox 642 4254 660 4305; x_wconf 80' lang='lat' dir='ltr'><strong>p</strong></span> <span class='ocrx_word' id='word_1_293' title='bbox 705 4237 740 4292; x_wconf 82' lang='lat'><strong>20</strong></span> <span class='ocrx_word' id='word_1_294' title='bbox 759 4237 883 4308; x_wconf 82' lang='lat' dir='ltr'><strong>eripitur]</strong></span> <span class='ocrx_word' id='word_1_295' title='bbox 905 4239 1055 4308; x_wconf 79' lang='lat' dir='ltr'><strong>aperiturp</strong></span> <span class='ocrx_word' id='word_1_296' title='bbox 1100 4238 1133 4291; x_wconf 94' lang='grc'><strong>21</strong></span> <span class='ocrx_word' id='word_1_297' title='bbox 1154 4235 1468 4300; x_wconf 69' lang='lat' dir='ltr'><strong>consummstaiomuru.</strong></span> 
     </span>
     <span class='ocr_line' id='line_1_35' title="bbox 345 4325 982 4394; baseline -0.002 -15"><span class='ocrx_word' id='word_1_298' title='bbox 345 4332 548 4394; x_wconf 84' lang='lat' dir='ltr'><strong>consmnpta,p</strong></span> <span class='ocrx_word' id='word_1_299' title='bbox 603 4329 637 4380; x_wconf 89' lang='grc'><strong>23</strong></span> <span class='ocrx_word' id='word_1_300' title='bbox 656 4325 750 4378; x_wconf 87' lang='lat' dir='ltr'><strong>finitur</strong></span> <span class='ocrx_word' id='word_1_301' title='bbox 769 4327 784 4380; x_wconf 89' lang='lat' dir='ltr'><strong><em>b</em></strong></span> <span class='ocrx_word' id='word_1_302' title='bbox 840 4328 873 4379; x_wconf 85' lang='grc'><strong>27</strong></span> <span class='ocrx_word' id='word_1_303' title='bbox 894 4343 946 4394; x_wconf 90' lang='lat' dir='ltr'><strong>qno</strong></span> <span class='ocrx_word' id='word_1_304' title='bbox 967 4327 982 4378; x_wconf 84' lang='lat' dir='ltr'><strong>d</strong></span> 
     </span>
    </p>
   </div>
   <div class='ocr_carea' id='block_1_7' title="bbox 0 0 1600 4948">
    <p class='ocr_par' dir='ltr' id='par_1_8' title="bbox 0 0 1600 4948">
     <span class='ocr_line' id='line_1_36' title="bbox 0 0 1600 4948; baseline 0 0"><span class='ocrx_word' id='word_1_305' title='bbox 0 0 1600 4948; x_wconf 95' lang='lat' dir='ltr'><strong> </strong></span> 
     </span>
    </p>
   </div>
  </div>
 </body>
</html>
