3192 4959
266 437 306 499 12
613 431 639 487 S.
667 430 825 485 Aurelii
852 428 1070 500 Augustini

263 625 410 708 quoniam
439 643 530 689 nemo
559 628 679 703 natura,
709 623 765 689 sed
793 624 938 707 quisquis
967 624 1070 687 malus
1104 627 1164 699 est,
1192 623 1272 687 uitio
1304 624 1408 688 malus

261 737 326 795 est:
350 732 526 814 perfeetum
550 730 658 797 odium
683 730 778 796 debet
794 730 899 802 malis,
923 731 979 813 qui
997 729 1172 794 seeundum
1190 729 1294 793 Deum
1313 729 1407 805 uiuit,

262 842 300 903 ut
335 858 392 904 noo
429 842 557 922 proptor
592 837 710 901 uitium
749 837 849 901 oderit
884 836 1044 901 hominem
1080 856 1137 901 nee
1175 840 1260 900 amet
1291 836 1408 901 uitium

263 949 390 1029 propter
417 945 588 1022 hominem,
618 946 673 1009 sed
701 944 804 1010 oderit
829 943 955 1020 uitium,
984 946 1070 1007 amet
1091 943 1262 1007 hominem.
1291 943 1406 1009 Sanato

262 1054 345 1118 enim
369 1052 449 1117 uitio
473 1056 577 1117 totum
602 1051 687 1134 quod
706 1070 819 1120 amare.
843 1050 924 1114 nihil
942 1053 1047 1115 autem
1067 1050 1151 1131 quod
1171 1048 1284 1115 debeat
1301 1050 1406 1115 odisse
1438 1074 1452 1113 s

262 1160 444 1225 remanebit.

720 1349 857 1415 CAPUT
881 1350 950 1413 Vll.

261 1497 440 1561 Amorem
474 1499 512 1560 et
544 1494 810 1559 dilectionem
842 1492 1132 1557 indifferenter
1163 1495 1202 1556 et
1230 1493 1267 1556 in
1301 1493 1404 1557 bono

377 1605 415 1665 et
438 1600 474 1665 in
498 1600 602 1665 malo
628 1603 725 1683 aput
748 1618 886 1664 sacras
910 1600 1079 1665 litteras
1103 1599 1293 1664 inueniri.

305 1744 387 1808 Nam
417 1744 507 1807 ouius
536 1743 734 1825 propositum
764 1747 814 1805 est
836 1760 940 1805 amare
964 1742 1066 1805 Deum
1090 1744 1123 1805 et
1143 1761 1205 1807 non
1229 1741 1403 1806 seeundum
1423 1778 1448 1816 ro

261 1850 430 1928 hominem,
456 1848 511 1913 sed
535 1848 707 1913 seeundum
730 1849 833 1912 Deum
864 1867 967 1912 amare
989 1848 1176 1931 proximum.
1202 1848 1285 1913 sieut
1309 1848 1404 1912 etiam

260 1976 295 2021 se
317 1956 438 2040 ipsum:
468 1956 577 2040 procul
605 1956 700 2021 dubio
729 1960 857 2037 propter
885 1957 968 2020 hune
991 1974 1129 2019 amorem
1154 1955 1270 2020 dieitur
1292 1956 1403 2021 uolun-

259 2064 335 2128 tatis
359 2064 468 2141 bonae,
493 2083 572 2146 quae
596 2064 747 2128 usitatius
769 2064 803 2127 in
827 2061 992 2144 seripturis
1017 2063 1134 2127 sanetis
1159 2064 1273 2127 caritas
1297 2065 1401 2147 appel-

259 2171 356 2245 latur:
394 2170 448 2235 sed
487 2190 574 2236 amor
611 2190 736 2252 quoque
773 2170 947 2234 seeundum
980 2170 1106 2233 easdem
1139 2189 1244 2234 sacras
1277 2170 1401 2234 litteras

261 2276 383 2341 dieitur.
412 2276 493 2341 Nam
523 2283 555 2342 et
582 2279 752 2341 amatorem
781 2276 855 2340 boni
883 2275 1047 2356 apostolus
1075 2276 1153 2339 dioit
1179 2296 1250 2341 esse
1278 2277 1400 2356 dobere,
1421 2308 1445 2346 15

260 2404 353 2467 quem
381 2384 517 2468 regendo
546 2386 663 2467 populo
690 2383 845 2465 praecipit
872 2382 1064 2465 eligendum,
1094 2387 1126 2446 ot
1151 2383 1221 2465 ipse
1244 2384 1401 2449 Dominus

259 2492 388 2556 Petrum
427 2491 605 2574 apostolum
642 2490 838 2573 interrogans
871 2508 944 2553 oum
980 2489 1126 2554 dixisset:
1166 2490 1308 2576 Diligis
1345 2510 1400 2555 me

259 2598 345 2681 plus
373 2598 453 2663 his?
481 2598 535 2661 ille
563 2592 739 2681 respondit:
769 2594 936 2677 Domine,
965 2599 1004 2661 tu
1034 2596 1110 2661 sois
1134 2597 1222 2679 quia
1245 2615 1324 2662 amo
1348 2602 1399 2668 te:

258 2707 291 2767 et
317 2702 433 2768 iterum
456 2704 611 2769 Dominus
640 2704 810 2787 quaesiuit,
839 2724 901 2768 non
923 2707 1032 2768 utrum
1056 2707 1185 2781 amaret,
1214 2704 1270 2769 sed
1294 2709 1400 2769 utrum

257 2810 403 2894 diligeret
431 2830 502 2874 eum
530 2812 660 2887 Petrus:
690 2815 723 2875 at
745 2811 800 2874 iile
823 2810 985 2891 respondit
1007 2810 1138 2873 iterum:
1167 2811 1333 2886 Domine,
1358 2816 1398 2875 tu
1416 2841 1443 2880 eo

258 2916 333 2981 sois
363 2917 449 2999 quia
477 2936 555 2981 amo
583 2922 636 2993 te:
666 2918 759 2981 tertia
787 2936 863 2982 uero
890 2916 1135 2998 interrogatione
1159 2917 1283 3000 etipse
1307 2919 1397 2982 Iesus

257 3044 318 3089 non
343 3025 405 3088 ait:
429 3024 556 3107 ‘Diligis
579 3026 662 3088 me?'
686 3022 756 3087 sed:
780 3024 890 3087 Amas
914 3025 991 3086 me?
1014 3022 1070 3085 ubi
1094 3027 1224 3088 secutus
1243 3024 1289 3088 ait
1307 3044 1398 3089 euan-

256 3130 385 3215 gelista:
415 3130 676 3197 Coutristatus
705 3134 763 3193 est
790 3130 936 3203 Petrus,
965 3128 1053 3209 quia
1082 3129 1175 3194 dixit
1204 3132 1236 3194 ei
1266 3132 1398 3195 tertio:

256 3238 365 3301 Amas
402 3242 479 3301 me?
517 3256 589 3300 oum
622 3236 776 3299 Dominus
814 3252 875 3298 non
907 3234 1013 3312 tertio,
1051 3236 1108 3300 sed
1139 3237 1239 3301 semol
1272 3238 1397 3304 dixerit:

254 3343 364 3407 Amas
388 3347 465 3407 me?
492 3342 541 3406 bis
567 3347 672 3405 autem
701 3340 826 3405 dixerit:
856 3340 997 3425 Diligis
1021 3346 1096 3406 me?
1126 3344 1216 3409 Unde
1238 3344 1398 3429 intellegi·
1416 3373 1443 3412 es

256 3468 338 3523 mus,
368 3449 452 3531 quod
484 3450 579 3513 etiam
604 3467 677 3513 oum
706 3447 831 3512 dicebat
853 3447 1023 3514 Dominus:
1052 3449 1194 3534 Diligis
1218 3455 1295 3515 me?
1319 3452 1398 3516 nihil

254 3556 340 3619 aliud
369 3555 493 3619 dicebat
522 3575 630 3638 quam:
660 3556 769 3619 Amas
797 3554 873 3620 me?
902 3556 1015 3620 Petrus
1043 3560 1150 3621 autem
1174 3577 1235 3622 non
1257 3560 1399 3625 mutauit

342 3798 358 3852 3
377 3799 421 3853 Po.
443 3798 502 3859 138,
522 3800 557 3853 22
614 3800 645 3854 15
666 3800 690 3852 1.
709 3798 777 3856 Tim.
797 3799 823 3861 3,
845 3800 868 3854 1.
925 3801 957 3854 17
976 3800 1014 3854 Ιο.
1035 3801 1078 3863 21,
1100 3802 1132 3856 15
1152 3817 1210 3871 sqq.

289 3975 414 4037 2debet‚
433 3976 464 4028 ia
483 3992 566 4047 maro.
587 3976 712 4041 habete
784 3978 872 4031 Deum
889 3995 951 4047 orep.
971 3980 1051 4034 limi
1117 3979 1270 4032 9inueniri
1288 3964 1325 4033 1ιῖ
1337 3980 1397 4033 uita

252 4063 386 4117 iustorum
406 4063 466 4132 (sic)
481 4082 503 4132 p
551 4066 583 4119 13
603 4066 704 4119 sanctis
722 4082 797 4131 mes.,·
817 4067 934 4121 saorisv
980 4068 1013 4120 15
1032 4066 1101 4121 dicit
1118 4070 1240 4136 aposto
1288 4068 1320 4123 18
1335 4067 1395 4137 plus

252 4152 275 4204 is
300 4150 427 4221 V²;p1us
446 4169 525 4221 quarn
544 4154 573 4206 lri
593 4154 602 4207 l
679 4154 710 4207 21
732 4156 804 4208 iesus
828 4155 949 4222 Velpe
960 4162 996 4223 ῃ
1014 4155 1039 4208 ei
1058 4156 1087 4220 b,-
1106 4155 1239 4210 Dominus
1256 4174 1287 4223 v:
1305 4174 1356 4214 om.
1377 4174 1394 4211 rr

250 4240 284 4292 22
304 4238 507 4321 diligllsislj'me,
529 4240 655 4295 rodendo
679 4258 711 4297 aa
734 4242 943 4312 diligentissime
967 4259 1071 4297 come
1187 4246 1221 4299 23
1246 4249 1288 4299 est
1314 4246 1396 4299 onai

251 4329 285 4381 27
304 4328 423 4381 mutabit
447 4329 471 4383 V
