3192 4959
319 440 383 503 292
666 437 692 490 S.
720 436 876 490 Aurelii
901 434 1118 505 Augustini

318 629 456 705 hibetur,
485 648 547 693 nou
573 628 706 693 mututIs
734 628 917 693 bominibus
944 629 1056 705 factas,
1086 628 1142 693 sed
1170 628 1343 695 subtractis
1372 631 1454 695 oredo

318 736 420 801 fuIsse
435 735 629 818 subpositas,
646 736 732 800 sicut
745 754 838 800 cerua
857 753 913 818 pro
929 734 1104 817 Iphigenia,
1118 736 1203 819 regis
1217 737 1455 820 Agamemnonis

319 842 395 908 filia.
427 841 539 925 Neque
570 842 655 905 enim
687 841 894 907 daemonibus
926 841 1044 905 iudicio
1076 841 1137 905 Dei
1168 843 1332 925 permissis
1370 844 1455 909 buius

320 948 406 1015 modi
428 948 619 1032 praestigiae
642 947 789 1013 difficiles
813 966 884 1012 esse
906 950 1092 1030 potuerunt;
1118 948 1175 1013 sed
1197 950 1273 1031 quia
1294 950 1352 1015 ifle
1374 952 1456 1035 uirgo

319 1060 431 1139 postea
453 1056 531 1119 uiua
551 1058 676 1139 reperta
693 1057 752 1132 est,
772 1054 971 1137 subpositum
990 1071 1045 1136 pro
1064 1054 1121 1119 iIls
1139 1074 1210 1120 esse
1229 1074 1357 1121 ceruam
1375 1058 1458 1123 facile
1481 1076 1491 1114 ⁵

322 1164 485 1247 cognitum
508 1166 567 1227 est.
592 1161 678 1228 Socii
701 1182 776 1227 uero
795 1160 961 1226 Diomedis
986 1161 1060 1243 quia
1083 1181 1240 1244 nusquam
1264 1162 1371 1228 subito
1395 1183 1458 1229 con-

320 1273 493 1353 posuerunt
518 1270 550 1334 et
576 1272 689 1351 postea
715 1269 803 1333 nullo
831 1268 901 1333 Ioco
931 1272 1152 1351 apparuerunt,
1179 1268 1385 1352 perdentibus
1412 1288 1458 1335 eos

321 1376 480 1443 ultoribus
500 1376 621 1459 angelis
640 1375 744 1452 malis,
759 1375 790 1438 in
812 1394 864 1439 eas
884 1392 971 1450 aues,
992 1394 1071 1457 quae
1089 1394 1145 1457 pro
1164 1376 1230 1440 illis
1250 1380 1325 1441 sunt
1344 1377 1459 1441 occulte

322 1504 359 1549 er
382 1483 455 1549 aliis
476 1481 568 1561 Iocis,
591 1481 648 1546 ubi
671 1484 720 1546 est
742 1482 803 1545 hoc
827 1499 928 1565 genus
954 1481 1073 1559 auium,
1097 1480 1137 1545 ed
1157 1500 1193 1547 ea
1210 1482 1282 1547 Iooa
1299 1483 1459 1565 perductae

324 1610 361 1656 ao
383 1592 510 1672 repente
535 1588 730 1671 subpositae,
755 1588 926 1652 creduntur
949 1606 1019 1653 esse
1043 1588 1199 1657 conuersi.
1247 1587 1340 1668 Quod
1363 1592 1459 1654 autern
1475 1612 1495 1651 ro

322 1696 486 1762 DIomedis
500 1696 620 1778 templo
639 1714 753 1777 aquam
770 1694 881 1760 rostris
901 1695 1047 1759 adferunt
1065 1699 1096 1761 et
1114 1696 1319 1780 adspergunt,
1335 1701 1367 1761 et
1384 1696 1461 1779 quod

323 1802 530 1867 blandiuntur
543 1802 747 1887 Graecigeuis
767 1800 869 1883 adque
890 1801 1081 1885 alienigenas
1100 1807 1342 1885 persequuntur,
1357 1804 1461 1867 miren-

325 1910 399 1974 dum
424 1928 485 1974 nou
510 1912 560 1973 est
585 1908 654 1973 fieri
682 1908 872 1973 daemonum
899 1907 1064 1986 Instinctn,
1089 1928 1224 1990 quorum
1247 1910 1379 1975 interest
1399 1929 1460 1992 per·
1559 1908 1560 1917 ’

326 2015 457 2081 suadere
481 2016 574 2079 deum
598 2016 720 2079 fectum
743 2034 814 2079 esse
837 2014 1013 2079 Diomeden
1032 2014 1071 2079 ad
1090 2014 1292 2097 decipIendos
1316 2016 1460 2089 homines,

325 2126 363 2189 ut
384 2122 484 2187 falsos
508 2122 584 2186 deos
609 2140 682 2185 cum
705 2122 772 2186 ueri
796 2122 857 2186 Dei
880 2120 995 2185 iniuria
1017 2122 1135 2187 multos
1156 2124 1261 2187 colant
1284 2126 1316 2187 et
1338 2122 1461 2187 homini·
1478 2143 1498 2185 o

326 2230 388 2294 bus
419 2230 565 2305 mortuis,
595 2228 650 2311 qui
682 2247 740 2292 nec
773 2247 846 2293 eum
879 2231 1026 2295 uiuerent
1052 2248 1125 2293 uere
1154 2230 1310 2308 uirerunt,
1342 2230 1462 2312 templis

327 2336 491 2413 altaribus,
515 2335 678 2401 sacrificiis
703 2336 922 2401 sacerdotibus
945 2334 1041 2421 (quae
1065 2336 1170 2401 omnia
1191 2355 1265 2401 cnm
1288 2339 1374 2402 recta
1395 2340 1463 2400 sunt

326 2462 388 2507 non
411 2443 473 2507 nisi
495 2443 551 2507 uni
573 2443 641 2507 Deo
664 2442 742 2507 uiuo
767 2446 800 2507 et
823 2462 898 2507 uero
923 2442 1089 2528 debentur)
1113 2444 1299 2509 Inseruiant.

755 2634 893 2701 CAPUT
915 2634 1048 2699 XVIIII.

330 2776 443 2857 Quod
473 2795 515 2839 eo
545 2778 728 2858 tempore
750 2776 907 2840 Aeneas
937 2775 975 2839 in
1004 2776 1168 2841 Italiam
1199 2779 1372 2856 uenerit,
1395 2796 1500 2860 quoe

490 2882 650 2946 Labdon
674 2882 794 2946 iudex
818 2882 1083 2965 praesidebat
1105 2884 1316 2949 Hebraeis.

374 3026 419 3087 Eo
444 3026 585 3107 tempore
604 3029 678 3105 post
696 3028 819 3105 captam
841 3024 965 3088 Troiam
986 3025 1088 3106 adque
1107 3025 1242 3091 deletam
1260 3027 1381 3091 Aeneas
1398 3044 1463 3089 oum
1558 3034 1559 3115 1

330 3130 445 3214 uiginti
473 3132 619 3207 nauibus,
644 3129 760 3213 quibus
790 3130 998 3213 portabantur
1024 3132 1175 3213 reIaniee
1203 3132 1412 3207 Troianorum,
1434 3130 1463 3193 in
1558 3128 1559 3187 1

331 3238 457 3301 Italiam
480 3238 579 3313 uenit,
603 3241 752 3322 regnante
775 3238 820 3302 ibi
840 3238 950 3303 Latino
976 3242 1008 3302 et
1031 3241 1108 3321 aput
1125 3239 1336 3304 Athenienses
1354 3240 1465 3304 Menes-

332 3344 416 3420 tbeo,
439 3326 521 3425 'aput
548 3343 712 3426 Sicyonios
741 3344 928 3427 Polypbide‚
952 3348 1030 3425 aput
1052 3346 1200 3430 Assyrios
1223 3346 1374 3424 Tantane,
1396 3348 1464 3427 aput
1481 3364 1502 3404 s

331 3449 491 3513 Hebraeos
528 3454 634 3514 autem
672 3450 765 3515 iuder
797 3451 926 3515 Labdon
958 3451 1030 3517 fuit.
1064 3452 1191 3519 Mortuo
1225 3460 1332 3518 autem
1365 3450 1464 3517 Latino

332 3557 477 3640 regnauit
508 3556 630 3622 Aeneas
669 3556 772 3621 tribus
811 3558 909 3635 annis,
944 3560 1061 3623 eisdem
1100 3561 1132 3624 in
1170 3560 1361 3644 supradictis
1393 3556 1463 3623 Iocis

334 3663 534 3727 manentibus
557 3663 697 3747 regibus,
721 3664 783 3728 nisi
807 3666 891 3747 quod
910 3665 1128 3749 Sicyoniorum
1151 3666 1214 3731 iam
1232 3667 1386 3751 Pelasgus
1406 3670 1465 3727 erat

369 3889 385 3941 2
405 3887 538 3957 dgeniae
635 3890 842 3960 egnmcusnonis
859 3908 890 3960 q;
909 3892 1102 3961 agemennonis
1121 3910 1134 3946 e
1224 3896 1240 3947 5
1260 3908 1362 3948 ceruam
1381 3904 1465 3943 cereo

333 3991 403 4066 9'ab
424 4029 454 4066 eo
473 4013 540 4075 Ioco,
559 4014 592 4067 is
609 4032 694 4083 morp.
713 3992 750 4069 ad
770 4032 801 4068 ea
820 4016 888 4077 loca,
908 4031 922 4069 c
1027 4017 1057 4069 ll
1079 4018 1181 4086 templo
1202 4018 1465 4087 abcpppf;te1n·

334 4101 410 4171 plum
429 4120 461 4205 ⁰2¹}
478 4101 506 4153 in
525 4102 691 4171 ternplumo
783 4106 815 4157 12
836 4105 923 4173 adque
944 4108 1047 4175 (atque)
1068 4122 1142 4173 mss.;
1161 4122 1248 4161 om.o
1342 4104 1432 4158 alienas
1447 4116 1465 4167 p

336 4218 370 4270 18
389 4234 442 4270 non
462 4218 518 4270 sie
599 4219 631 4271 al
652 4218 841 4288 praessidebet
858 4220 876 4287 f
952 4222 987 4275 24
1005 4222 1171 4277 menisteoc
1248 4222 1282 4275 25
1301 4224 1463 4277 sennense.
1557 4184 1558 4251 1

329 4338 444 4400 practer
462 4331 503 4399 b²,·
523 4290 630 4399 enitens
649 4332 679 4386 b²
732 4337 766 4390 28
785 4336 898 4406 pelagus
915 4354 933 4405 p
