3192 4959
318 467 383 530 230
662 462 689 516 S.
718 462 875 517 Aurelii
904 461 1120 531 Augustini

318 662 393 736 tuo,
423 659 462 722 ad
485 658 587 723 carnis
610 657 832 741 cognationem
856 657 888 721 id
911 658 1057 733 reiertu1·;
1087 676 1123 721 er
1145 658 1245 721 Israel
1269 657 1354 721 enim
1377 654 1454 721 Chri-

318 770 389 830 stus
422 764 597 829 seaundum
630 782 765 842 onmem,
797 764 881 827 unde
915 768 947 829 et
981 764 1065 829 Saul.
1094 761 1187 842 Quod
1215 784 1290 829 uero
1320 762 1454 828 additum

319 876 381 935 est:
415 870 512 935 bono
545 889 658 953 super
689 873 736 947 te,
768 874 877 952 potest
909 868 1037 951 quidem
1068 870 1213 953 intellegi
1245 870 1379 936 ‘meliori
1404 871 1454 943 te'3

318 996 392 1041 nam
417 980 449 1042 et
472 978 601 1059 quidam
624 978 670 1041 sio
695 981 770 1041 sunt
792 978 1003 1059 interpretatu
1030 977 1085 1041 oud
1109 977 1224 1041 melius
1246 978 1292 1041 sio
1311 977 1456 1059 accipitur

318 1084 413 1149 bono
447 1104 560 1166 super
589 1088 637 1162 te,
666 1086 712 1160 ut,
741 1085 818 1165 qnia
844 1084 898 1149 iile
926 1085 1028 1149 honus
1058 1088 1117 1161 est,
1140 1083 1211 1149 ideo
1237 1083 1280 1147 sit
1303 1102 1398 1166 suuper
1418 1086 1490 1154 tes

318 1192 407 1255 iuxta
433 1192 515 1255 illud
548 1191 634 1255 aliud
662 1192 897 1275 propheticum:
931 1192 1056 1256 Donec
1084 1211 1215 1275 ponam
1246 1210 1372 1255 omues
1400 1190 1456 1254 ini-

319 1299 437 1363 micos
469 1302 556 1363 tuos
590 1298 658 1363 snb
690 1297 852 1380 podibus
885 1298 979 1373 tuis;
1013 1299 1044 1362 in
1073 1298 1190 1380 quihus
1219 1302 1269 1363 eut
1296 1302 1329 1363 et
1356 1298 1456 1369 Israel,

320 1406 373 1469 oni
396 1424 454 1470 suo
477 1406 673 1486 persecutori
696 1424 829 1489 regnum
854 1405 988 1469 abstulit
1011 1404 1173 1479 Christum
1198 1406 1347 1487 quamuis
1371 1405 1458 1469 inerit

318 1510 386 1575 illio
410 1514 442 1575 et
463 1512 574 1578 Israel.
597 1511 628 1575 iu
652 1530 714 1593 quo
739 1511 833 1575 dolus
856 1530 916 1576 non
941 1515 1018 1588 erat,
1043 1512 1201 1593 quoddam
1221 1512 1312 1594 quasi
1331 1511 1457 1575 fruman-

320 1619 390 1681 tnm
417 1618 544 1682 illarum
570 1618 747 1701 palearum
775 1636 849 1681 num
879 1618 991 1700 utique
1014 1618 1087 1682 inde
1111 1620 1200 1682 erunt
1223 1618 1370 1701 apostoli,
1393 1615 1457 1680 inde
1473 1638 1492 1677 ro

320 1728 371 1791 tot
401 1729 566 1808 martyres,
604 1744 736 1808 quornm
770 1726 856 1807 prior
889 1724 1082 1808 Stephanus:
1116 1724 1188 1789 inde
1221 1728 1270 1789 tot
1302 1724 1457 1796 ecelesiae,

322 1851 400 1915 quas
419 1833 584 1914 apostolus
599 1831 719 1896 Paulus
740 1836 976 1908 commemorat,
996 1832 1026 1895 in
1043 1833 1249 1897 conuersione
1264 1833 1333 1897 eius
1347 1832 1459 1917 magni-

321 1940 453 2003 ficantes
478 1938 591 2002 Deum.

367 2046 414 2108 De
442 2062 504 2126 qua
530 2065 563 2109 re
591 2064 651 2109 non
681 2044 792 2110 dubito
819 2045 1070 2130 intellegendum
1099 2065 1170 2110 asse
1198 2046 1285 2127 quod
1309 2047 1457 2129 sequitur:

321 2153 367 2217 Et
399 2151 594 2216 diuidotur
624 2152 745 2216 Israel
777 2152 814 2215 in
848 2152 933 2230 duo,
964 2153 996 2216 in
1024 2152 1123 2217 Israel
1151 2153 1275 2217 seilicet
1303 2152 1458 2217 inimicum
1475 2172 1494 2213 u

323 2258 448 2323 Christo
477 2262 509 2323 et
534 2258 634 2322 Israel
661 2258 881 2323 adhaerentem
912 2258 1053 2334 Christo,
1081 2261 1113 2322 in
1137 2258 1235 2323 Israel
1258 2259 1298 2323 ad
1322 2258 1458 2323 ancillam
1553 2248 1554 2251 '

322 2368 355 2429 et
372 2364 470 2428 Israel
490 2364 529 2427 ad
547 2365 679 2428 liberam
699 2365 919 2447 pertinentem.
939 2364 970 2429 N
972 2386 1020 2429 am
1040 2365 1103 2429 ista
1122 2366 1184 2430 duo
1205 2384 1319 2449 genera
1331 2366 1459 2447 primum

322 2471 420 2536 simul
447 2473 545 2548 erant,
573 2473 665 2535 uelut
687 2471 846 2536 Abraham
871 2472 974 2535 adhue
998 2472 1180 2537 adhaereret
1203 2472 1347 2539 ansillae.
1371 2470 1459 2535 donec
1552 2554 1553 2563 ἵ

323 2578 443 2642 sterilis
470 2596 525 2662 per
554 2576 671 2642 Christi
700 2578 834 2660 gratiam
863 2578 1032 2643 fecundata
1057 2579 1221 2643 clamaret:
1245 2579 1334 2643 Eine
1358 2577 1459 2642 aneil-
1552 2564 1553 2567 ¹

323 2684 393 2747 lam
429 2687 465 2748 et
497 2684 626 2748 filium
655 2685 747 2749 eius.
775 2684 910 2768 Propter
939 2688 1104 2769 peecatum
1134 2685 1261 2766 quidem
1291 2684 1495 2751 Salomonisa

323 2794 474 2873 regnante
501 2790 568 2855 filio
593 2792 661 2855 eius
685 2790 827 2856 Roboam
852 2792 972 2856 scimus
995 2792 1094 2856 Israel
1122 2792 1153 2856 in
1179 2791 1241 2857 duo
1265 2791 1366 2857 inisse
1388 2790 1460 2854 diui·
1551 2822 1552 2867 i

324 2916 397 2960 snm
434 2896 536 2977 adque
572 2896 618 2959 ita
653 2915 887 2976 perseuerasse,
926 2898 1117 2962 habentibus
1154 2898 1290 2982 singulis
1327 2897 1460 2981 partibus
1551 2872 1552 2947 i

323 3020 416 3085 reges
450 3020 539 3076 suos,
571 3001 669 3067 donee
701 3003 756 3067 illa
790 3022 866 3087 gens
898 3006 967 3069 tota
999 3002 1207 3069 aChaidaeis
1236 3008 1324 3069 esset
1349 3001 1460 3087 ingenti

323 3108 505 3173 uastatione
528 3109 682 3173 subuersa
704 3109 807 3191 adque
831 3111 992 3175 translata.
1014 3110 1076 3175 Sed
1096 3112 1156 3175 hoo
1176 3110 1251 3192 qnid
1270 3111 1308 3175 ad
1331 3110 1459 3183 Saulem,

325 3235 409 3292 oum,
443 3217 470 3280 si
502 3217 567 3280 tale
600 3215 720 3297 aliquid
749 3217 1004 3281 comminandum
1034 3220 1129 3289 esset,
1156 3217 1219 3301 ipsi
1242 3217 1349 3281 Dauid
1375 3216 1495 3280 fueritis

268 3350 272 3357 ·
323 3325 431 3405 potius
465 3323 730 3401 comminandum,
765 3324 857 3387 ouius
891 3332 958 3387 erat
985 3324 1070 3388 iilius
1100 3324 1270 3389 Salomon?
1304 3324 1459 3391 Postremo

323 3449 407 3495 nuno
433 3430 514 3493 inter
541 3450 575 3494 se
603 3448 681 3513 gens
703 3430 848 3495 Hebraea
878 3430 983 3495 diuisa
1005 3450 1066 3495 non
1091 3434 1149 3509 est,
1179 3430 1235 3495 sod
1257 3432 1461 3497 indifferenter

324 3536 356 3599 in
381 3536 521 3601 eiusdem
547 3537 659 3601 erroris
684 3536 838 3601 societate
862 3536 1004 3620 dispersa
1027 3557 1083 3620 per
1104 3540 1214 3602 terras.
1243 3538 1370 3603 Diuisio
1392 3554 1458 3601 nero

324 3642 390 3716 ilia,
425 3661 519 3725 quam
552 3643 639 3707 Deus
672 3644 732 3708 sub
766 3662 900 3727 persona
929 3643 1045 3719 Saulis,
1073 3644 1160 3709 illius
1188 3644 1277 3729 regni
1307 3648 1339 3709 et
1360 3642 1460 3727 populi
1548 3706 1549 3713 ,

414 3884 607 3949 6Ρε.109,1
687 3887 860 3951 910.1,47
939 3888 972 3941 12
993 3886 1052 3941 Gal.
1073 3889 1097 3952 1,
1116 3889 1152 3941 24
1234 3889 1267 3943 19
1287 3886 1354 3943 Gen.
1372 3888 1411 3951 21,
1431 3884 1459 3939 10

326 3972 361 4028 20
379 3973 446 4042 Reg.
465 3973 517 4041 111,
538 3974 571 4027 12

362 4150 427 4203 3at
444 4148 549 4204 honos
616 4151 717 4205 9illua
733 4150 762 4221 9¹
834 4151 866 4205 12
887 4152 914 4205 in
934 4170 983 4206 om.
1004 4150 1027 4206 ε*
1094 4131 1318 4213 'conuersatione
1337 4152 1366 4207 s'n
1383 4166 1457 4218 muro.

326 4236 542 4327 eonnersionae
605 4239 638 4332 ld
658 4242 687 4292 st
704 4239 732 4291 in
750 4238 851 4292 israhel
871 4238 965 4293 adhe
1030 4238 1060 4293 1?
1082 4239 1116 4292 sd
1134 4256 1185 4293 om.
1205 4238 1228 4293 0¹
1293 4240 1328 4295 23
1348 4252 1459 4294 aomo

325 4361 442 4429 ingenti,
461 4362 493 4413 in
510 4378 595 4429 maro.
615 4362 643 4415 in
662 4366 748 4428 teuta,
768 4380 782 4418 e
