3192 4959
329 452 393 514 396
676 451 704 504 S.
731 449 887 504 Aurelii
915 451 1131 520 Augustini

329 643 418 708 dolor
458 644 524 708 urit
565 662 622 710 neo
664 662 806 730 conpago
849 644 920 728 ipsa
958 643 1156 710 dissoluitur.
1195 645 1288 711 Siout
1325 666 1399 730 ergo
1430 651 1473 710 θεῖ

329 750 483 832 quaedam
512 751 580 814 nita
608 750 675 816 sine
705 751 823 829 dolore,
853 751 944 816 dolor
967 754 1071 816 autem
1097 754 1164 816 sine
1188 753 1296 835 aliqua
1320 753 1389 817 uita
1411 771 1473 816 esse

328 877 388 921 non
412 860 534 939 potest:
559 859 606 922 sie
629 861 679 923 est
702 858 857 940 quaedam
880 877 939 939 pax
963 859 1030 923 sine
1054 861 1120 924 ullo
1146 860 1240 938 bello,
1264 860 1386 924 bellum
1407 879 1473 924 uero

328 983 398 1029 esse
431 965 498 1028 siue
531 965 638 1047 aliqua
669 983 747 1047 pace
780 984 842 1029 non
870 968 991 1048 potest3
1024 984 1084 1030 non
1114 967 1291 1032 seeundum
1318 966 1363 1044 id,
1398 967 1472 1048 quod

326 1073 448 1136 bellum
472 1075 531 1149 est,
556 1073 611 1137 sed
635 1075 810 1138 seeundum
835 1073 878 1150 id,
903 1074 985 1157 qnod
1010 1075 1048 1138 ab
1074 1074 1120 1138 eis
1145 1074 1197 1138 uel
1220 1073 1252 1138 in
1277 1074 1324 1139 eis
1350 1075 1506 1158 gentum

327 1199 408 1262 quae
436 1180 560 1263 aliquae
588 1183 719 1244 naturae
748 1183 838 1252 sunm
868 1181 952 1262 quod
981 1180 1069 1245 nullo
1097 1180 1191 1246 modo
1221 1185 1338 1256 essent,
1370 1180 1398 1245 si
1419 1197 1473 1244 non

327 1285 551 1368 qualicumque
574 1305 653 1368 paee
677 1287 898 1351 subsisterent.

374 1388 572 1474 Quapropter
609 1395 659 1456 est
695 1397 818 1468 natura,
858 1393 889 1457 in
927 1413 989 1474 qua
1025 1393 1150 1457 nullum
1187 1394 1307 1458 malum
1343 1396 1393 1458 est
1424 1393 1472 1456 uel

327 1499 423 1561 etiam
452 1500 483 1562 in
513 1519 575 1581 qua
597 1500 721 1563 nullum
746 1519 816 1563 esse
840 1499 958 1564 malum
983 1505 1103 1583 potest:
1134 1521 1203 1566 esse
1228 1504 1335 1566 autem
1359 1503 1471 1576 natura,

325 1605 357 1668 in
390 1625 452 1687 qua
484 1606 609 1669 nullum
641 1607 759 1670 bonum
792 1606 845 1680 sit,
879 1626 939 1670 non
972 1612 1089 1689 potest.
1122 1608 1257 1672 Proinde
1289 1627 1347 1671 ner
1375 1607 1505 1690 ipsiusu

327 1711 444 1776 diaboli
471 1715 594 1794 natura,
622 1711 654 1774 in
683 1717 838 1794 quantum
866 1718 978 1778 natura
1007 1719 1066 1793 est,
1094 1716 1214 1779 malum
1239 1718 1303 1790 θεῖς
1333 1714 1389 1778 sed
1411 1733 1471 1794 per-

326 1819 463 1882 uersitas
493 1838 560 1881 eam
589 1820 706 1882 malam
735 1820 821 1883 lauit.
851 1821 963 1902 Itaque
992 1821 1022 1883 in
1053 1821 1187 1884 ueritate
1212 1841 1272 1885 non
1297 1820 1396 1894 stetit,
1420 1818 1470 1883 sed

325 1926 470 1988 ueritatis
503 1925 659 1989 iudicium
689 1945 750 1990 non
784 1926 903 2000 euasit;
937 1927 969 1990 in
1003 1927 1120 1990 ordinis
1155 1926 1385 2007 tranquillitate
1415 1943 1469 1988 non

324 2033 453 2106 mansit,
478 2051 534 2096 nec
558 2033 629 2096 ideo
653 2037 757 2097 tamen
783 2053 801 2096 a
823 2037 984 2114 potestate
1004 2033 1192 2096 ordinatoris
1212 2032 1335 2116 effugit.
1355 2032 1469 2096 Bonum

324 2138 395 2216 Dei,
420 2139 504 2221 quod
528 2139 576 2202 illi
601 2142 650 2202 est
672 2139 703 2202 in
727 2143 849 2216 natura,
873 2158 935 2203 non
959 2159 1032 2203 eum
1057 2139 1217 2202 subtrahit
1240 2137 1505 2202 instituemus

326 2264 388 2327 qua
411 2245 628 2309 ordinatoria
651 2265 767 2327 poena;
792 2265 849 2309 nee
873 2246 918 2309 ibi
942 2245 1029 2310 Deus
1053 2246 1171 2309 bonum
1195 2245 1374 2326 insequitur
1390 2241 1469 2325 quod

325 2352 455 2427 creauit,
489 2351 545 2415 sed
572 2353 694 2415 malum
728 2353 813 2434 quod
840 2352 896 2415 ille
925 2352 1096 2416 commisit.
1125 2349 1237 2432 Neque
1267 2351 1350 2414 enim
1372 2353 1469 2412 tolum

324 2458 428 2522 aufert
455 2459 538 2540 quod
568 2461 698 2522 naturae
727 2458 824 2536 dedit,
854 2458 909 2521 sed
938 2457 1057 2539 aliquid
1089 2456 1210 2532 adimit,
1243 2456 1362 2538 aliquid
1384 2454 1470 2518 relin-

325 2565 405 2646 quit,
429 2571 465 2628 ut
484 2567 527 2629 sit
546 2565 600 2647 qui
619 2565 726 2628 doleat
744 2564 830 2646 quod
849 2563 976 2628 ademit.
1001 2565 1043 2628 Et
1060 2563 1129 2645 ipse
1150 2563 1240 2626 dolor
1257 2561 1470 2628 testimonium

324 2675 374 2735 est
405 2672 479 2735 boni
511 2671 629 2735 ademti
663 2674 695 2734 et
726 2671 800 2734 boni
829 2670 943 2735 relicti.
972 2669 1043 2734 Nisi
1072 2669 1155 2733 enim
1184 2669 1304 2733 bonum
1332 2667 1508 2731 relietuma

324 2781 420 2852 esset,
452 2778 570 2842 bonum
604 2778 758 2841 amissum
787 2777 891 2841 dolere
920 2796 981 2840 non
1010 2778 1128 2857 posset.
1163 2775 1245 2838 Nam
1275 2775 1327 2857 qui
1356 2777 1471 2856 peceat,

323 2886 411 2968 peior
435 2888 494 2963 est,
518 2885 545 2947 si
568 2884 705 2948 laetatur
728 2885 760 2947 in
781 2884 894 2948 damno
920 2884 1102 2966 aequitatis;
1130 2883 1183 2966 qui
1207 2901 1283 2948 uero
1308 2881 1471 2952 cruciatur,

324 2991 350 3054 si
375 2991 454 3054 nihil
478 2991 550 3054 indo
574 2991 720 3073 adquirat
742 2991 826 3067 boni,
848 2990 935 3054 dolet
954 2991 1102 3054 damnum
1123 2990 1247 3054 salutis.
1268 2990 1310 3054 Et
1329 2987 1472 3071 quoniam

325 3099 468 3180 aequitas
502 3117 537 3161 ae
570 3100 657 3162 salus
690 3100 862 3179 utrumque
895 3097 1013 3160 bonum
1051 3104 1099 3161 est
1136 3097 1274 3178 bonique
1309 3094 1474 3160 amissione

324 3203 493 3269 dolendum
522 3207 572 3269 est
593 3205 701 3286 potius
725 3224 820 3287 quam
844 3201 1024 3267 laetandum
1056 3203 1096 3287 (si
1122 3207 1227 3267 tamen
1253 3223 1313 3267 non
1338 3205 1378 3268 sit
1403 3223 1473 3267 con·
1490 3221 1509 3259 a

323 3312 465 3394 pensatio
504 3312 657 3387 melioris3
696 3311 808 3375 melior·
845 3315 894 3374 est
932 3314 1036 3374 autem
1072 3311 1166 3374 animi
1201 3312 1343 3392 aequitas
1379 3330 1473 3393 quani

324 3419 463 3500 eorporis
501 3417 647 3503 semmel:
685 3419 826 3500 profecto
865 3417 1106 3481 conuenientius
1144 3417 1287 3481 iniustus
1326 3418 1412 3482 dolet
1445 3417 1474 3480 in

324 3524 492 3608 supplicio,
527 3544 620 3607 quam
652 3525 790 3588 laetatus
825 3528 873 3588 est
904 3525 937 3588 in
971 3524 1096 3590 delieto.
1130 3523 1221 3590 Siout
1254 3545 1328 3610 ergo
1353 3525 1475 3588 laetitia

414 3786 446 3839 12
464 3784 504 3838 Io.
523 3787 549 3849 8,
567 3787 604 3839 44

360 3909 502 3978 lhuritp
574 3910 633 3978 ipsa
652 3926 702 3963 om.
721 3927 765 3978 pp
849 3911 1161 3980 3nonpotestessee
1234 3927 1285 3981 par
1305 3909 1472 3980 quaedamr

324 3997 340 4050 8
358 4006 456 4050 natura
474 4002 516 4048 est
533 4013 550 4049 o
604 3997 620 4049 9
640 4000 810 4065 potestesse
830 3997 964 4052 malumu
1016 4001 1048 4053 13
1067 4017 1104 4069 aq.
1125 4015 1180 4052 non
1200 4000 1227 4052 in
1248 3999 1303 4052 ord.
1323 4004 1418 4070 tranq.
1436 4015 1474 4052 re·

323 4085 456 4137 mansius
510 4085 543 4136 14
562 4088 671 4151 pestate
688 4102 706 4153 p
758 4085 790 4138 18
810 4086 942 4139 natural>
999 4088 1032 4141 18
1052 4088 1188 4156 ademitp
1245 4089 1278 4142 19
1296 4087 1477 4158 relinquidp:

323 4173 440 4242 reliquid
460 4191 487 4242 p;
506 4171 671 4242 derelinquit
690 4173 706 4226 b
766 4174 870 4227 ademit
889 4174 967 4228 codd.
982 4182 1096 4243 praeder
1114 4193 1147 4243 u;
1165 4176 1263 4229 adimit
1281 4193 1322 4230 ae
1383 4177 1419 4232 22
1433 4177 1474 4246 qui

323 4277 387 4314 uero
405 4276 490 4329 usque
509 4259 547 4312 od
565 4261 690 4329 aequitas
710 4262 728 4314 l.
749 4265 790 4314 24
809 4279 859 4315 om.
879 4263 904 4316 e¹
954 4265 988 4318 23
1007 4263 1071 4317 inde
1089 4264 1192 4318 nihilo
1238 4265 1272 4318 24
1291 4265 1474 4334 aequalitasy

323 4352 358 4404 28
378 4349 513 4419 dileetop
