3192 4959
368 427 418 480 De
446 427 620 481 cluttate
648 426 710 480 dei
737 427 803 480 lib.
827 425 941 482 XVIIII.
968 442 1042 497 cap.
1066 428 1092 481 4.
1240 433 1303 496 377

147 625 232 700 seat,
257 621 409 688 membris
433 620 617 687 debilitetur
639 621 802 688 doloribus
827 623 985 688 erudietur
1008 630 1049 702 et,
1075 624 1102 688 ei
1122 623 1198 706 quid
1217 625 1303 690 aliud

145 728 267 792 talium
290 729 449 793 malorum
472 727 535 792 diei
558 733 615 793 aut
636 728 771 812 eogitari
794 734 911 813 puteat,
935 731 1055 795 iuridat
1076 731 1107 796 in
1133 750 1215 811 eum,
1241 752 1303 816 que

145 834 215 898 sibi
238 837 374 899 rnortern
400 837 533 917 eegatur
554 833 679 912 inferre,
706 836 788 898 hane
810 835 842 900 in
867 836 917 900 his
940 837 1034 902 malis
1063 837 1164 902 uitam
1188 839 1303 903 eonati-

144 945 256 1006 tutam
282 959 354 1005 eurn
377 959 439 1004 nen
462 940 583 1024 pudeat
603 941 729 1006 beatam
749 961 873 1008 uocare.
898 943 1044 1010 Ouitam
1063 946 1199 1025 beatam,
1224 963 1303 1028 quae

111 1051 185 1112 eut
215 1046 346 1112 liniatur
371 1049 484 1113 mortis
512 1047 635 1129 quaerit
661 1049 828 1116 auxilium!
863 1049 897 1116 Si
925 1049 1020 1116 beata
1046 1053 1109 1129 eet,
1140 1054 1304 1118 maneatur

143 1155 178 1218 iu
212 1173 261 1218 eu
290 1152 360 1232 Qun
387 1154 483 1220 mede
510 1155 574 1220 ieta
601 1173 662 1220 neu
691 1157 767 1220 suut
793 1158 886 1232 mala,
916 1176 997 1239 quae
1025 1157 1157 1222 uiueunt
1180 1157 1302 1223 fertitu-

142 1261 234 1325 dinis
265 1261 381 1326 benum
409 1261 603 1344 eandemque
630 1261 848 1328 fortitudinem
877 1282 937 1328 nen
968 1265 1074 1330 solum
1097 1263 1158 1330 eibi
1182 1263 1302 1342 redere,

142 1385 265 1432 uerum
293 1367 389 1431 etiam
419 1368 551 1432 deluere
579 1367 771 1451 conpellunt,
800 1373 838 1434 ut
864 1370 995 1434 eandem
1024 1370 1125 1434 uitam
1158 1373 1190 1434 et
1219 1370 1304 1435 dieat

142 1475 280 1540 beatam
308 1477 340 1538 et
362 1473 554 1556 persuadeat
576 1493 647 1540 esse
670 1474 875 1559 fugiendam?
905 1474 984 1554 Quis
1008 1495 1110 1559 usque
1134 1477 1211 1541 adeo
1235 1496 1302 1542 eae-

96 1607 123 1646 1⁰
141 1599 206 1646 ene
237 1583 299 1656 est,
327 1584 365 1643 ut
391 1598 452 1644 nen
480 1579 598 1656 uideat,
632 1579 726 1662 qued,
757 1581 785 1646 ai
814 1581 906 1646 beata
934 1585 1029 1658 esset,
1060 1581 1211 1666 fugiende
1242 1601 1302 1647 nun

141 1690 261 1753 esset?
291 1685 353 1751 Sed
379 1689 488 1769 aperta
518 1685 712 1751 infirmitatis
735 1705 816 1752 uoee
838 1686 1021 1770 fugiendam
1046 1688 1195 1752 letentur.
1220 1687 1304 1768 Quid

140 1794 252 1879 igitur
280 1811 393 1858 caueae
421 1796 482 1872 eet,
509 1812 592 1875 quur
618 1813 679 1858 non
708 1793 806 1858 etiarn
833 1795 982 1858 miseram
1009 1795 1109 1879 fracta
1136 1795 1303 1877 superbiae

140 1899 277 1968 eeruiee
313 1900 493 1966 fateantur?
530 1900 657 1977 Utrum,
691 1901 835 1979 obeeero,
869 1899 945 1966 Cato
981 1901 1038 1965 ille
1074 1900 1229 1984 patientia
1264 1920 1302 1965 au

138 2007 260 2090 potine
291 2005 481 2089 inpatientia
512 2024 546 2070 ee
573 2006 729 2088 peremit?
761 2005 831 2070 Non
862 2006 945 2072 enim
973 2007 1034 2072 hoe
1067 2007 1208 2084 lenisset,
1241 2007 1302 2071 ulei

93 2139 121 2177 1⁵
139 2113 320 2179 uictoriam
359 2112 503 2178 Caesarie
539 2114 730 2197 inpudenter
765 2115 905 2180 tulisset.
944 2113 1006 2178 Ubi
1043 2118 1093 2179 eet
1127 2113 1302 2180 fortitudo?

137 2221 275 2304 Nempe
302 2220 411 2298 cessit,
439 2238 552 2302 nempe
580 2220 762 2295 rueeubuit,
790 2239 904 2303 nempe
928 2239 1029 2302 usque
1053 2221 1130 2285 adeo
1155 2223 1303 2302 superata

139 2330 207 2403 est,
234 2329 274 2391 ut
295 2325 397 2390 uitam
420 2327 546 2391 beatam
570 2325 801 2408 derelinqueret
825 2326 984 2392 desereret
1006 2327 1140 2410 fugeret.
1168 2327 1216 2390 An
1241 2345 1301 2390 nen

138 2437 215 2498 erat
247 2433 313 2498 iarn
344 2433 459 2497 beata?
491 2433 610 2498 Misera
641 2452 716 2517 erge
750 2436 826 2498 erat.
862 2433 931 2514 Quo
960 2433 1055 2499 mode
1086 2433 1186 2518 igitur
1218 2434 1301 2498 mala

137 2560 207 2606 non
235 2543 335 2617 eraut,
360 2559 440 2622 quae
463 2540 565 2604 uitam
588 2539 737 2604 miseram
760 2541 1009 2624 fugiendamque
1032 2540 1210 2606 faciebant?

90 2674 118 2712 20
188 2645 396 2728 Quapropter
428 2647 524 2710 etiem
555 2645 628 2728 ipsi,
662 2647 716 2729 qui
747 2649 834 2712 mala
864 2648 929 2712 ista
961 2665 1031 2712 esse
1055 2647 1300 2724 confessisunt,

136 2754 234 2818 sieut
266 2751 479 2834 PeripatetIei,
513 2752 597 2818 eieut
627 2757 754 2817 ueteres
785 2753 980 2830 Academici,
1012 2771 1146 2835 quorum
1181 2755 1300 2817 sentam

137 2860 247 2922 Varro
283 2857 435 2936 defendit,
471 2857 672 2923 tolerabilius
709 2857 837 2940 quidem
875 2860 1061 2942 loquuntur,
1099 2858 1155 2924 sed
1192 2877 1300 2924 eorum

134 2982 277 3049 quoque
305 2963 406 3028 mirus
434 2967 483 3028 eat
511 2983 605 3041 error,
633 2963 719 3044 quod
746 2963 777 3028 in
806 2963 856 3028 his
880 2964 984 3042 melis,
1013 2965 1074 3030 etsi
1102 2968 1168 3030 tarn
1191 2965 1302 3049 grauia

134 3073 219 3149 siut,
244 3073 287 3135 ut
307 3074 411 3136 morte
433 3070 585 3154 fuglenda
607 3069 671 3136 sint
699 3070 737 3134 ab
760 3071 832 3153 ipse
856 3071 986 3136 sibimet
1008 3072 1116 3150 inlata,
1145 3072 1200 3154 qui
1221 3071 1300 3136 haee

86 3207 114 3245 aa
132 3180 279 3262 patitur,
317 3177 419 3242 uitam
455 3177 582 3242 beatam
613 3181 720 3244 tamen
752 3197 823 3244 eree
856 3179 1058 3244 contendunt.
1091 3179 1185 3244 ‘Mala
1216 3181 1300 3254 runt,

132 3286 263 3368 inquit,
283 3287 441 3348 tormenta
458 3284 561 3366 adque
580 3285 740 3350 erueietua
760 3284 910 3368 eorporis,
930 3287 962 3350 et
980 3287 1069 3350 tanto
1089 3288 1165 3350 sunt
1181 3285 1299 3367 peiora,

133 3395 266 3474 quante
294 3390 458 3473 potuerint
485 3409 555 3456 esee
578 3391 712 3468 maiorm
741 3392 857 3474 quibus
883 3396 919 3456 ut
943 3411 1061 3470 careae,
1091 3411 1127 3457 ex
1150 3392 1209 3456 hac
1233 3391 1300 3456 uita

131 3495 337 3584 fugiendum
365 3498 434 3562 est’
461 3495 533 3576 Qua
558 3498 637 3576 uita,
666 3497 817 3563 obsecre?
841 3497 930 3575 ‘Hae
954 3497 1069 3581 inquit,
1099 3516 1179 3580 quae
1202 3498 1299 3563 tantis

92 3795 96 3800 ’
174 3789 303 3862 lquie¹
340 3793 432 3844 4eum
452 3789 546 3858 eodd.,·
564 3808 639 3846 eone
675 3792 738 3847 din
759 3809 791 3846 ea
812 3793 850 3860 (in
870 3809 903 3845 ea
915 3789 1087 3846 beatitudine
1102 3795 1145 3862 p).
1164 3789 1298 3861 quomode

131 3886 195 3938 iata
215 3897 241 3935 e.
263 3897 290 3950 q.
306 3897 328 3933 e,
342 3878 420 3937 codd.
434 3881 463 3934 iu
478 3897 522 3935 ea:
542 3881 565 3934 ai
579 3897 645 3935 uero
659 3886 770 3952 prepter
785 3883 838 3935 iata
852 3881 925 3936 male
939 3881 1045 3951 fugitur
1059 3881 1092 3936 ab
1108 3899 1148 3945 ea,
1164 3879 1297 3950 quomode

132 3978 181 4027 eat
196 3968 307 4024 beata?
321 3967 378 4022 nur
395 3969 530 4040 quomedo
549 3970 605 4024 iata
623 3985 646 4025 e.
661 3988 687 4040 q.
702 3988 754 4024 ae
804 3972 820 4024 8
840 3970 960 4024 delerare
974 3989 991 4040 p
1041 3971 1057 4022 9
1072 3969 1139 4035 Quis
1156 3985 1242 4038 aeque
1261 3969 1300 4022 ed

129 4057 281 4131 fugienda
297 4057 318 4112 t.
337 4060 375 4112 10
391 4075 443 4115 om.
461 4075 477 4113 e
536 4061 567 4113 ll
587 4063 620 4112 ret
637 4059 730 4113 editae-r
749 4061 793 4113 ab
804 4075 870 4129 epp
881 4077 894 4130 ρ
906 4079 923 4112 α
941 4059 1055 4125 Domb.,·
1074 4058 1129 4114 Sed
1147 4059 1170 4113 ei
1188 4063 1299 4128 propter

130 4147 317 4205 infirmitatis
335 4145 450 4216 pondua,
465 4164 520 4218 que
531 4149 671 4216 premitur,
684 4149 754 4202 banc
767 4148 956 4218 fugiendeme
1010 4147 1141 4218 fugienda
1154 4148 1171 4202 b
1209 4149 1241 4202 17
1257 4151 1299 4200 eat

130 4255 229 4296 0m.e
306 4234 414 4290 deteret
431 4237 456 4289 e¹
527 4253 559 4291 ac
578 4237 718 4306 fugerete
793 4238 828 4292 23
848 4240 967 4308 qnoque]
988 4246 1031 4308 qur
1051 4253 1112 4306 que,
1133 4237 1234 4307 quein
1253 4236 1299 4306 qui

131 4341 261 4394 corr.,9
336 4323 429 4394 lemur,
448 4328 461 4378 t
480 4341 594 4396 erae.,g
