3192 4959
274 447 316 508 92
609 443 636 496 S.
665 441 822 496 Aurelii
849 438 1067 510 Augustini

275 637 407 698 autem
436 632 580 716 genuit
607 631 745 698 Iudam
774 636 814 697 et
841 632 993 696 iratres
1017 631 1121 708 eius3
1146 631 1302 713 numquid
1323 631 1421 696 Iudas

274 740 505 824 primogenitus
546 739 629 804 fuit?
670 738 804 817 Iudas,
849 737 963 820 inquit,
1005 737 1149 821 genuit
1188 738 1339 802 Pheres
1383 743 1423 803 et

276 845 410 922 Zarat;
448 865 505 911 nec
539 846 676 911 istorum
713 845 911 928 geminorum
948 844 1064 927 aliquis
1095 844 1159 910 ruit
1189 844 1421 930 primogenitus

274 952 383 1036 Iudae,
411 952 468 1018 sed
490 956 562 1018 ants
585 953 658 1018 illos
682 953 745 1016 iam
768 955 835 1018 tres
858 955 1021 1036 genuerat.
1044 953 1107 1016 llos
1130 953 1239 1034 itaque
1260 952 1366 1017 tenuit
1388 955 1422 1016 iu

278 1059 385 1124 ordine
421 1060 669 1143 generationum,
706 1079 762 1141 per
798 1078 879 1142 quos
912 1057 959 1124 ad'
983 1059 1089 1124 Dauid
1121 1059 1223 1142 adque
1253 1058 1326 1123 inde
1358 1079 1422 1142 quo
1454 1079 1466 1120 s

276 1165 455 1230 intenderat
476 1165 667 1248 perueniret.
691 1165 736 1229 Ex
759 1185 821 1247 quo
844 1164 987 1248 intellegi
1011 1167 1127 1248 potest,
1151 1169 1276 1230 ueteres
1295 1185 1424 1248 quoque

276 1271 421 1336 homines
458 1276 530 1336 ante
567 1271 726 1336 diluuium
761 1291 823 1337 non
860 1271 1100 1356 primogenitos,
1137 1271 1193 1336 sed
1230 1291 1284 1337 eos
1322 1273 1425 1336 fuisse

277 1381 551 1454 commemoratos,
589 1398 645 1462 per
680 1397 759 1460 quos
797 1378 873 1443 ordo
911 1379 1151 1444 succedentium
1184 1379 1423 1462 generationum

276 1483 316 1548 ad
348 1483 416 1549 Noe
448 1485 657 1567 patriarcham
691 1484 870 1561 duceretur,
903 1503 942 1549 ne
974 1503 1062 1549 serae
1089 1485 1267 1566 pubertatis
1293 1485 1424 1550 illorum

277 1591 412 1656 obseura
435 1597 467 1656 et
490 1611 550 1656 non
575 1590 754 1656 necessaria
776 1592 921 1674 quaestio
945 1611 1003 1656 nos
1026 1592 1151 1676 fatiget.
1446 1613 1469 1650 ro

730 1784 867 1851 CAPUT
890 1784 974 1850 XVI.

281 1928 334 1990 De
358 1927 445 1990 iura
469 1926 761 2009 coniugiorum,
786 1926 891 2008 quod
910 1925 1118 1991 dissimile
1138 1945 1157 1990 a
1176 1925 1425 2008 subsequen-

343 2033 458 2098 tibus
483 2033 758 2098 matrimoniis
781 2033 1004 2097 habuerint
1026 2031 1154 2116 prima
1177 2033 1361 2097 conubia.

326 2173 406 2239 Cum
438 2173 537 2257 igitur
569 2191 669 2256 genus
706 2173 880 2237 humanum
913 2176 987 2256 post
1018 2173 1152 2256 primam
1185 2175 1332 2256 copulam
1364 2173 1427 2238 uiri

279 2281 356 2345 facti
379 2301 415 2345 ex
437 2280 569 2364 puluere
594 2283 626 2345 et
650 2279 793 2366 coniugis
818 2281 886 2344 eius
911 2299 947 2344 ex
970 2279 1031 2344 uiri
1054 2280 1154 2345 latere
1176 2280 1312 2344 marium
1336 2280 1426 2344 femi·
1445 2307 1470 2347 rs

280 2407 455 2471 uarumque
488 2387 709 2453 coniunctione
743 2407 823 2471 opus
850 2388 989 2465 haberet,
1022 2392 1059 2451 ut
1086 2387 1243 2472 gignendo
1271 2387 1427 2470 multipli-

281 2499 414 2573 caretur,
439 2510 496 2560 nec
520 2497 627 2560 essent
650 2493 708 2558 ulli
731 2493 886 2571 homines,
909 2493 971 2557 uisi
995 2493 1050 2577 qui
1074 2513 1110 2557 ex
1132 2493 1197 2558 illis
1217 2493 1341 2558 duobus
1360 2492 1428 2557 nati

282 2601 432 2666 fuissent:
456 2601 518 2665 uiri
542 2620 665 2666 sorores
690 2619 764 2666 suas
784 2602 935 2685 coniuges
955 2603 1157 2683 acceperunt3
1183 2600 1267 2682 quod
1285 2599 1426 2682 profecto

283 2712 400 2790 quanto
438 2712 488 2772 est
524 2707 685 2790 antiquius
722 2708 920 2790 conpellente
957 2708 1159 2783 necessitate,
1196 2711 1284 2772 tanto
1316 2709 1429 2790 postea

282 2815 402 2879 factum
427 2817 476 2878 est
499 2813 710 2878 damnabilius
733 2813 885 2896 religione
907 2812 1105 2895 prohibente.
1130 2813 1248 2877 Habita
1272 2816 1322 2876 est
1344 2813 1426 2877 enirn
1447 2841 1472 2878 so

283 2921 362 2986 ratio
399 2921 578 2985 rectissima
614 2919 765 2998 caritatis,
804 2924 841 2984 ut
871 2919 1027 2996 homines,
1065 2918 1181 3000 quibus
1215 2923 1302 2982 esset
1337 2918 1428 2982 utilis

284 3027 386 3108 adque
414 3028 548 3092 honesta
572 3026 749 3102 concordia,
773 3026 971 3090 diuersarum
993 3024 1265 3089 necessitudinum
1289 3023 1429 3088 uinculis

283 3140 493 3212 necterentur,
526 3153 583 3196 neo
615 3152 698 3197 unus
726 3133 758 3197 in
786 3151 849 3196 uuo
877 3132 996 3197 multas
1024 3131 1164 3207 haberet,
1198 3130 1255 3195 sed
1282 3129 1430 3214 singulae

284 3241 506 3322 spargerentur
527 3237 559 3302 in
585 3237 730 3322 singulos
754 3257 789 3302 ac
814 3237 861 3302 sic
885 3235 925 3302 ad
948 3238 1098 3301 socialem
1122 3237 1224 3300 uitam
1243 3235 1429 3320 diligentius

285 3346 505 3430 conligandam
537 3345 691 3428 plurimae
724 3345 879 3428 plurimos
913 3343 1098 3409 obtinerent.
1131 3343 1226 3407 Pater
1253 3343 1370 3426 quippe
1399 3347 1431 3407 et
1448 3377 1475 3416 25

285 3471 374 3517 socer
406 3452 539 3517 duarum
573 3455 649 3516 sunt
680 3451 954 3516 necessitudinum
985 3449 1119 3514 nomina.
1152 3449 1198 3514 Ut
1229 3467 1303 3533 ergo
1331 3448 1431 3513 alium

286 3559 421 3640 quisque
443 3558 559 3623 habeat
581 3563 713 3643 patrem,
739 3558 837 3622 alium
862 3576 1016 3634 socerum,
1040 3556 1241 3621 numerosius
1261 3575 1295 3619 se
1315 3555 1430 3619 caritas

286 3665 429 3750 porrigit.
466 3665 645 3746 Utrumque
683 3669 789 3729 autern
826 3684 909 3729 unus
946 3663 1047 3727 Adam
1085 3681 1156 3726 esse
1194 3663 1368 3746 cogebatur
1399 3664 1433 3726 et

285 3773 361 3837 filiis
403 3775 435 3836 et
471 3771 597 3836 filiabus
640 3772 717 3849 suis,
761 3771 886 3852 quando
922 3769 1034 3834 fratres
1072 3788 1259 3852 sororesque
1296 3768 1432 3833 conubio

323 4000 432 4052 3zarat
454 3997 571 4067 Vppa;
590 3997 670 4052 zared
689 3998 719 4064 b;
738 3997 1016 4064 zarathef;zaram
1036 4013 1081 4049 av
1134 3996 1256 4063 lhosp
1311 3992 1433 4048 bad...

289 4105 341 4156 quo
362 4105 447 4142 om.e
501 4087 573 4156 quod
596 4085 621 4139 V
660 4085 802 4140 Ssuoced.
822 4085 922 4140 ordoo
962 4085 1149 4154 9puuertatis
1173 4084 1201 4138 V
1238 4083 1390 4151 10·fatigat
1408 4082 1433 4135 e¹

290 4179 322 4231 15
342 4177 399 4230 eius
417 4193 477 4244 sup.
497 4176 546 4228 lin.
570 4175 596 4226 V
685 4178 717 4229 16
738 4176 955 4229 coniunctionem
979 4174 1005 4227 V
1105 4173 1353 4243 multiplicarentur
1375 4169 1433 4225 V¹e

290 4266 321 4318 17
342 4271 466 4334 essentp
538 4265 573 4316 20
592 4264 663 4317 eninr
683 4281 743 4333 sup.
763 4265 847 4317 line
922 4265 957 4317 24
975 4262 1114 4317 siasotiale
1133 4262 1158 4315 εὶ
1229 4259 1375 4314 diceritis
1398 4256 1434 4311 1⁷¹

287 4355 322 4407 29
342 4359 370 4406 et
386 4370 447 4420 sup.
466 4353 514 4406 lia.
539 4353 565 4404 V
