3192 4959
302 478 345 539 52
653 474 679 531 S.
708 474 865 528 Aurelii
893 474 1109 544 Augustini

302 669 333 731 in
362 688 454 733 carne
482 668 682 752 corruptibili
704 670 785 733 hanc
810 688 1029 733 aerumnosam
1053 668 1243 733 ducentibus
1266 668 1378 747 uitam,
1408 669 1452 733 ita

303 777 334 839 in
353 776 513 858 plerisque
532 776 727 841 motionibus
743 778 775 839 et
789 774 1022 840 adfectionibus
1043 779 1129 839 extra
1147 776 1302 840 usitatum
1322 780 1451 839 naturae

304 882 435 948 modum
459 882 647 947 mirabiliter
670 883 804 946 seruiat:
828 881 905 963 quid
929 900 1043 947 causae
1067 885 1127 963 est,
1150 885 1266 948 utnon
1287 882 1451 946 credamus

304 1000 376 1054 ante
408 989 659 1054 inoboedientiae
691 991 860 1072 peccatum
889 988 1164 1072 corruptionisque
1192 988 1385 1071 supplicium
1414 988 1451 1053 ad

303 1094 537 1178 propagandam
561 1093 681 1177 prolem
702 1095 769 1159 sine
787 1095 856 1158 ulla
873 1094 1006 1159 libidine
1026 1095 1143 1159 seruire
1162 1095 1322 1159 uoluntati
1341 1096 1450 1159 huma·
1483 1120 1495 1156 ⁵

303 1220 361 1265 noe
384 1202 523 1266 bumana
545 1200 687 1264 membra
709 1200 875 1283 potuisse?
899 1200 1044 1265 Donatus
1068 1206 1118 1265 est
1139 1202 1247 1283 itaquo
1265 1201 1360 1266 bomo
1381 1203 1451 1279 sibi,

306 1309 381 1391 quia
404 1308 544 1373 deseruit
566 1308 669 1372 Deum
693 1308 845 1391 placendo
870 1308 942 1388 sibi,
967 1311 999 1372 et
1021 1328 1081 1374 non
1106 1309 1276 1374 oboediens
1300 1309 1368 1373 Deo
1392 1329 1452 1373 non

304 1416 411 1498 potuit
438 1416 584 1480 oboedire
613 1434 670 1480 nec
694 1415 766 1479 sibi.
797 1416 881 1479 Hinc
906 1415 1082 1480 euidentior
1104 1417 1242 1490 miseria,
1272 1435 1335 1497 qna
1358 1415 1452 1481 homo

305 1542 366 1588 non
394 1522 479 1587 uiuit
504 1528 542 1587 ut
569 1522 649 1587 uult.
677 1520 760 1587 Nam
784 1522 812 1587 si
835 1526 873 1585 nt
900 1522 1000 1587 uellet
1022 1522 1156 1599 uiueret,
1186 1523 1315 1587 beatum
1340 1541 1374 1587 se
1397 1542 1453 1604 pn-

307 1633 407 1705 taret3
431 1628 488 1693 sed
510 1648 567 1693 nec
591 1630 637 1693 sic
661 1632 765 1693 tamen
789 1632 886 1706 esset,
911 1630 939 1694 si
962 1630 1097 1711 turpiter
1119 1630 1255 1694 uiueret.
1472 1672 1498 1709 ,ο

746 1802 883 1869 CAPUT
907 1805 1009 1869 XXV.

307 1932 359 1996 De
380 1928 731 2007 uerabeatitudine‚
752 1930 1097 2013 quamtcmporalis
1112 1931 1278 1996 uitanon
1295 1930 1452 1996 obtinet.

352 2052 552 2136 Quamquam
575 2052 601 2117 si
627 2053 815 2137 diligentius
833 2053 1051 2130 adtendamus,
1075 2054 1138 2119 nisi
1156 2055 1269 2119 beatus
1288 2075 1350 2120 non
1369 2056 1454 2119 uiuit

308 2164 345 2225 ut
372 2160 454 2237 uult,
483 2162 516 2223 et
544 2158 654 2224 nullus
678 2160 790 2225 beatus
814 2159 876 2224 nisi
898 2160 1017 2225 iustus.
1046 2160 1109 2226 Sed
1133 2162 1231 2225 etiarn
1253 2162 1324 2243 ipse
1347 2163 1455 2227 iustus

309 2288 370 2333 non
399 2268 490 2332 uiuet
516 2270 554 2331 ut
581 2266 663 2343 uult,
692 2267 753 2331 nisi
781 2286 818 2332 oo
841 2268 1032 2349 peruenerit,
1059 2268 1116 2333 ubi
1143 2268 1225 2333 mori
1247 2268 1316 2331 lolli
1339 2268 1455 2334 offendi
1475 2292 1499 2331 a

309 2374 436 2441 omnino
460 2391 521 2438 non
545 2374 649 2457 possit
672 2374 763 2455 eique
788 2374 832 2437 eit
855 2376 976 2437 certum
999 2373 1045 2439 ita
1068 2394 1193 2456 semper
1209 2375 1362 2439 futurum.
1385 2375 1457 2440 Hoc

310 2482 393 2546 enim
417 2483 527 2545 natura
550 2480 679 2562 expetit,
707 2498 765 2544 noc
787 2480 880 2563 plene
904 2480 1006 2563 adque
1034 2480 1173 2563 perfecte
1195 2483 1289 2546 beata
1312 2482 1373 2547 erit
1394 2481 1457 2547 nisi

309 2589 422 2671 adepta
444 2586 528 2669 quod
552 2586 679 2669 expetit.
703 2584 796 2651 Nunc
820 2606 895 2651 uero
920 2586 992 2668 quis
1015 2587 1177 2652 hominum
1201 2590 1308 2671 potest
1331 2591 1368 2652 ut
1385 2588 1459 2653 uult

309 2696 429 2771 uiuere,
463 2692 587 2775 quando
619 2692 726 2775 ipsum
759 2693 869 2758 uiuere
901 2712 962 2758 non
995 2696 1044 2758 est
1071 2694 1102 2758 in
1131 2697 1312 2776 potestate?
1340 2694 1458 2759 Viucro

311 2802 394 2866 enim
423 2800 505 2876 uult,
533 2798 613 2863 mori
643 2800 776 2883 cogitur.
805 2800 875 2881 Quo
903 2800 998 2865 modo
1027 2820 1103 2883 ergo
1127 2801 1211 2865 trinit
1235 2804 1272 2865 ut
1295 2801 1378 2879 nult,
1402 2802 1459 2883 qui
1477 2827 1504 2866 oo
1583 2867 1584 2878 ,

311 2928 371 2973 non
402 2906 486 2971 uiuit
513 2904 665 2987 quamdiu
693 2908 787 2970 uult?
817 2903 909 2984 Quod
937 2907 966 2971 si
992 2907 1074 2972 mori
1096 2906 1246 2985 uoluerit,
1277 2908 1459 2989 quomodo

311 3016 419 3096 potest
445 3016 483 3077 ut
505 3012 578 3075 uult
602 3012 721 3090 uiuere,
750 3012 890 3094 quinon
914 3012 989 3076 nult
1009 3012 1142 3077 uiuere?
1165 3014 1207 3077 Et
1230 3012 1258 3077 si
1281 3013 1353 3078 ideo
1377 3015 1462 3078 mori
1583 2949 1585 3094 l

311 3118 400 3193 uelit,
424 3137 485 3181 non
510 3136 571 3199 quo
596 3117 677 3182 nolit
694 3118 816 3191 uiuere,
841 3118 897 3183 sed
915 3121 953 3183 nt
970 3121 1045 3201 post
1061 3122 1196 3185 mortem
1215 3119 1331 3185 melius
1350 3120 1460 3185 uiuat:

312 3227 451 3293 nondum
480 3245 553 3310 ergo
581 3229 619 3289 ut
645 3224 719 3288 uult
746 3224 842 3301 uiuit,
870 3224 928 3289 sed
955 3244 1029 3289 cum
1057 3225 1097 3289 ad
1123 3225 1156 3290 id
1185 3226 1269 3307 quod
1297 3226 1371 3290 uult
1393 3246 1461 3291 mo-

311 3334 418 3398 riendo
449 3332 636 3415 peruenerit.
669 3331 786 3395 Verum
821 3350 894 3396 ecce
925 3331 1018 3396 uiuat
1050 3335 1087 3395 ut
1113 3333 1195 3410 uult,
1220 3333 1367 3413 quoniam
1397 3334 1463 3398 sibi
1481 3358 1508 3398 m
1582 3353 1584 3421 o

314 3439 444 3504 extorsit
472 3438 596 3521 sibique
624 3437 794 3520 imperauit
822 3458 883 3503 nou
911 3437 996 3502 uelle
1024 3438 1109 3521 quod
1131 3458 1193 3503 non
1216 3441 1333 3522 potest,
1357 3440 1464 3523 adque
1582 3435 1584 3450 '

314 3545 374 3610 boc
398 3545 481 3609 ualle
505 3544 590 3627 quod
612 3547 728 3626 potest,
753 3544 839 3609 sicut
862 3544 908 3608 ait
929 3545 1112 3610 Terentius:

529 3657 671 3726 Quoniam
695 3672 754 3713 non
778 3658 875 3729 potest
897 3656 927 3713 id
950 3656 1013 3714 lieri
1036 3656 1193 3731 quodum,

422 3762 456 3819 Id
480 3762 552 3820 nelis
578 3761 655 3836 quod
678 3761 790 3835 possis:

303 3890 758 3979 'mmmmm

352 4018 582 4083 dmonitionibus
605 4020 632 4075 V
693 4021 810 4075 dceusa
836 4020 868 4075 V¹
932 4022 1021 4076 doibi
1039 4021 1153 4075 homos
1206 4022 1341 4091 8quiob
1396 4024 1470 4077 9nt

317 4110 373 4163 oie
444 4108 537 4163 uiuere
561 4108 593 4160 V¹
650 4110 683 4163 13
702 4109 726 4163 si
745 4110 828 4168 omi
883 4111 918 4164 14
936 4114 965 4164 et
982 4110 1073 4165 nullus
1091 4127 1176 4181 usque
1194 4112 1234 4165 od
1251 4114 1282 4166 ut
1301 4111 1361 4166 uult
1379 4112 1469 4167 om.b

318 4199 351 4252 15
371 4198 446 4251 uiuet
470 4197 557 4266 ch5
575 4198 646 4252 uiuit
666 4198 755 4254 abio
829 4200 862 4254 19
881 4199 960 4270 ipsud
981 4199 1003 4253 1¹
1076 4200 1111 4255 20
1130 4204 1158 4254 et
1176 4202 1244 4253 mori
1265 4199 1274 4252 l
1337 4200 1370 4253 21
1391 4200 1468 4271 uultl

318 4286 411 4341 ieritl
500 4288 535 4341 23
555 4304 608 4341 non
629 4286 701 4358 quod
716 4290 815 4357 puf5
831 4306 902 4343 nunc
921 4306 982 4343 cum
1001 4306 1019 4342 a
1127 4289 1215 4358 uiuat]
1235 4288 1328 4343 uiuere
1347 4288 1470 4359 possiti
1579 4265 1580 4320 3

317 4376 352 4429 25
373 4378 405 4429 ut
423 4376 483 4429 uult
502 4392 586 4430 ome
640 4378 675 4431 29
694 4378 782 4447 possis
800 4378 1016 4449 moa.,·possito
1579 4371 1581 4452 l
