3192 4959
330 428 380 481 De
408 428 583 481 ciuitate
612 426 672 480 dei
700 425 766 481 lib.
794 424 894 478 XVIII.
924 441 997 494 cap.
1026 426 1068 480 47.
1098 424 1141 479 48.
1248 426 1310 489 347

157 626 202 689 tis
225 624 519 706 praenuntiabatur,
544 644 637 707 quem
661 623 855 690 admodum
880 620 972 687 nobis
995 621 1123 686 uenisse
1147 620 1311 684 nuntiatus

159 734 221 804 est,
245 734 285 795 ut
306 751 369 795 una
388 731 561 813 eademque
580 751 635 814 per
652 732 758 815 ipsum
777 731 857 795 fides
877 747 986 793 omnes
1005 728 1036 791 iu
1058 727 1116 791 Dei
1136 726 1310 803 ciuitatem,

158 838 220 903 Dei
249 838 391 916 domum,
420 838 479 903 Dei
502 840 658 922 templum
683 838 935 922 praedestinatos
958 836 1112 919 perducat
1135 834 1174 899 ud
1198 833 1311 897 Deum.

159 944 223 1009 Sed
252 962 472 1026 quaecumque
496 944 631 1009 aliorum
654 944 839 1028 prophetiae
864 942 901 1007 de
925 942 984 1007 Dei
1007 960 1064 1023 per
1085 943 1192 1006 Iesum
1222 938 1312 1006 Chri-

125 1056 247 1115 astum
282 1052 385 1135 gratia
414 1052 627 1133 proferuntur,
659 1053 796 1134 possunt
831 1048 936 1131 putari
969 1067 987 1112 a
1020 1047 1209 1114 Christianis
1241 1066 1311 1111 esse

157 1157 326 1222 confictae.
358 1158 432 1223 Ideo
465 1158 545 1222 nibil
580 1161 630 1222 est
661 1158 783 1223 firmius
818 1158 857 1221 ad
890 1156 1122 1223 conuincendos
1151 1154 1312 1237 quoslihet
1406 1192 1411 1201 ·

157 1263 293 1342 alienos,
327 1264 355 1328 si
388 1265 426 1328 de
458 1265 518 1329 hac
546 1283 579 1328 re
607 1264 836 1341 contenderint,
865 1266 1056 1345 nostrosque
1083 1262 1255 1339 iaciendos,
1284 1262 1310 1327 si

156 1373 246 1435 recte
270 1372 445 1453 sapuerint,
470 1390 564 1453 quam
588 1375 625 1435 ut
649 1370 758 1435 diuina
784 1370 947 1453 praedicta
970 1370 1007 1433 de
1032 1368 1157 1434 Christo
1183 1388 1220 1433 ea
1243 1389 1310 1451 pro-

156 1478 311 1553 ferantur,
344 1498 424 1560 quae
456 1478 488 1541 in
520 1478 711 1543 Iudaeorum
739 1478 903 1543 codicibus
932 1478 1050 1562 scripta
1078 1479 1165 1553 suut;
1195 1477 1310 1558 quihus

115 1612 139 1648 ιο
157 1583 285 1648 amrlsis
314 1584 352 1649 de
381 1585 512 1649 sedibus
540 1584 675 1667 propriis
704 1586 736 1648 et
759 1589 888 1666 propter
914 1584 975 1648 hoc
998 1583 1216 1648 testimonium
1241 1586 1309 1648 toto

157 1690 234 1754 orbe
259 1690 413 1773 dispersis
437 1690 555 1756 Christi
578 1710 806 1774 usquequaque
830 1690 931 1757 creuit
952 1692 1096 1757 ecclesia.

551 1883 688 1949 CAPUT
711 1882 921 1949 XXXXVIII.

157 2024 426 2107 Prophetiam
460 2026 626 2109 Aggaei,
661 2045 736 2107 qua
769 2025 874 2089 dixit
905 2026 1097 2090 maiorem
1131 2026 1309 2091 futuram

157 2132 335 2215 gloriam
365 2132 504 2197 domus
531 2132 615 2208 Dei,
646 2151 758 2213 quam
783 2132 955 2214 primum
979 2132 1143 2210 luisset,
1173 2152 1246 2199 non
1271 2132 1307 2196 in

113 2238 506 2305 rareaedilicatione
548 2240 702 2321 templi,
745 2240 815 2303 sed
852 2239 890 2301 in
933 2239 1113 2303 ecclesia
1154 2238 1308 2304 Christi

560 2364 649 2409 esse
673 2347 912 2428 conpletum.

203 2486 294 2549 Haec
318 2485 432 2550 domus
456 2486 515 2550 Dei
538 2486 667 2550 maioris
687 2490 737 2551 est
755 2486 886 2570 gloriae,
906 2506 1000 2569 quam
1019 2488 1123 2551 fuerat
1141 2486 1197 2551 illa
1212 2487 1313 2569 prima

155 2593 257 2679 lignis
282 2596 316 2656 et
338 2592 497 2675 lapidibus
523 2594 700 2675 ceterisque
722 2593 872 2674 pretiosis
896 2593 989 2659 rebus
1013 2593 1217 2676 metalhsque
1241 2612 1312 2658 oon-

156 2703 294 2765 structa.
322 2698 394 2763 Nou
417 2700 526 2781 itaque
549 2699 671 2783 Aggaei
695 2700 862 2783 prophetia
885 2700 916 2763 in
940 2700 1053 2783 templi
1080 2698 1169 2764 illius
1193 2699 1312 2763 instau-

112 2835 138 2874 ro
155 2806 283 2871 ratione
307 2805 453 2887 conpleta
477 2807 536 2870 est.
560 2806 604 2869 Er
628 2824 690 2888 quo
717 2805 800 2870 enim
826 2808 875 2870 est
897 2806 1119 2881 instauratum,
1140 2824 1311 2887 numquam

156 2911 342 2977 ostenditur
368 2912 518 2977 habuisse
540 2914 662 2975 tautam
686 2912 830 2995 gloriam,
863 2916 1012 2994 quautam
1037 2913 1150 2977 habuit
1171 2916 1312 2994 tempore

156 3018 354 3093 Salomonis;
388 3018 486 3083 immo
518 3019 626 3102 potius
659 3020 836 3084 ostenditur
868 3021 1004 3102 primum
1034 3020 1211 3085 cessatione
1243 3038 1312 3101 pro-

155 3126 290 3208 phetiae
313 3124 413 3189 fuisse
436 3125 550 3190 domus
573 3125 661 3190 illius
685 3125 820 3209 gloriam
844 3127 1043 3202 diminutam,
1073 3126 1185 3191 deiude
1209 3126 1311 3209 ipsius

155 3232 265 3317 gentis
290 3230 432 3296 cladibus
456 3231 553 3296 tantis
581 3251 681 3313 usque
706 3232 744 3296 ad
768 3233 916 3298 ultimum
943 3232 1110 3310 excidium,
1141 3232 1224 3315 quod
1248 3233 1312 3297 fac-

111 3370 136 3410 25
153 3342 227 3402 turn
255 3340 307 3401 est
329 3356 348 3399 a
370 3338 531 3413 Romanis,
556 3338 641 3402 sicut
664 3357 710 3416 ea,
735 3357 816 3421 quae
840 3357 936 3423 supra
966 3343 1039 3404 sunt
1069 3342 1312 3404 commemorata

154 3446 329 3509 testantur.
347 3443 435 3508 Haec
454 3446 561 3508 autem
581 3445 694 3510 domus
714 3444 753 3510 ad
771 3464 891 3510 nouum
910 3446 1069 3528 pertinens
1084 3450 1311 3511 testamentum

153 3555 248 3616 tanto
272 3550 385 3633 utique
406 3551 535 3615 maioris
560 3555 610 3615 est
633 3551 760 3635 gloriae,
786 3556 904 3634 quanto
929 3553 1076 3617 meliores
1096 3553 1310 3636 suntlapides

155 3658 237 3735 uiui,
273 3656 388 3739 quihus
419 3658 621 3723 credentibus
653 3659 877 3742 reuocatisque
910 3660 1113 3725 construitur.
1149 3659 1212 3724 Sed
1240 3659 1310 3723 ideo

155 3785 213 3847 per
247 3764 512 3829 instaurationem
550 3765 661 3847 templi
698 3766 786 3830 illius
820 3766 998 3851 significata
1035 3769 1093 3841 est,
1132 3768 1206 3848 quia
1242 3767 1312 3850 ipss

192 4039 398 4111 3praedist.p
433 4041 607 4097 IChristum
626 4042 750 4097 Iesumc
790 4043 862 4098 aad
881 4044 1094 4099 conuiuceudum
1109 4061 1132 4113 p
1174 4044 1311 4115 discripta

156 4135 223 4184 sunt
242 4130 418 4185 codicibuso
531 4132 698 4201 scripta..
714 4132 875 4186 .sedibus
864 4150 895 4187 ιιι
914 4149 999 4202 ιιιιιν9.
1020 4149 1033 4185 c
1143 4132 1175 4187 10
1195 4131 1237 4201 de]
1258 4150 1274 4186 a
1287 4149 1309 4200 p

156 4248 327 4301 aoinstaur.
348 4251 423 4300 esto
469 4247 501 4300 21
540 4253 629 4301 tame
675 4248 710 4301 22
729 4264 849 4317 prrmoe
894 4250 928 4302 23
949 4248 1079 4302 deminut.
1059 4252 1114 4318 tp
1161 4249 1244 4301 art
1214 4248 1309 4317 utique

179 4341 331 4403 ..quanto
350 4351 401 4389 om
422 4353 436 4389 e
