3192 4959
327 442 391 504 302
675 436 702 491 S.
729 435 885 489 Aurelii
914 435 1128 504 Augustini

327 632 473 697 definiuit
495 651 657 696 annorum.
694 630 739 695 Eo
767 632 911 711 tempore
934 628 1079 693 Pittacus
1102 628 1325 713 Mitylenaeus,
1350 630 1425 693 alius
1446 648 1459 692 e

327 741 450 820 septem
474 736 683 818 sapientibus,
702 736 802 800 fuisse
821 734 1015 817 perhibetur.
1039 736 1080 801 lit
1099 736 1237 818 quinque
1257 740 1384 816 cetoros,
1405 737 1459 818 qui,

326 848 364 908 ut
383 848 507 927 septem
525 845 741 920 numerentur,
761 842 897 919 Thaleti,
917 861 1011 923 quem
1030 861 1125 925 supra
1145 843 1461 915 commemorauimus,

327 953 360 1013 et
382 950 458 1014 huic
481 950 605 1013 Pittaco
630 949 799 1028 adduntur,
824 967 860 1012 eo
884 952 1025 1031 tempore
1048 949 1149 1013 fuisse
1173 948 1285 1013 scribit
1305 949 1461 1023 Eusebius,

326 1076 388 1140 quo
422 1058 570 1138 captiuus
600 1055 658 1121 Dei
689 1058 827 1137 populus
855 1055 887 1118 in
915 1054 1090 1138 Babylonia
1117 1056 1292 1120 tenebatur.
1327 1054 1367 1118 Hi
1398 1058 1494 1119 sunts

326 1166 450 1228 autem:
481 1162 577 1228 Solon
600 1162 816 1239 Atheniensis
847 1160 959 1225 Chilon
983 1162 1264 1241 Lacedaemoniun,
1288 1162 1462 1226 Periandrus

328 1270 521 1346 Corinthius,
560 1268 733 1334 Cleobulus
765 1268 909 1345 hisdino,
946 1267 1021 1332 Bias
1059 1268 1239 1333 Prienaeus.
1278 1267 1392 1333 Omnes
1425 1268 1462 1343 hi,

328 1381 452 1460 septem
481 1376 632 1459 appellati
661 1376 831 1459 sapientes,
861 1376 935 1457 post
961 1379 1072 1456 poetas
1096 1374 1263 1458 theologos
1288 1376 1463 1449 claruerunt,

328 1484 403 1566 quia
434 1502 547 1567 genere
581 1485 666 1547 uitae
699 1482 836 1565 quodam
869 1482 1023 1546 laudabili
1055 1482 1259 1564 praestabant
1294 1482 1463 1547 hominibus

328 1590 441 1655 ceteris
471 1593 503 1654 et
530 1609 653 1653 morum
681 1590 833 1654 nonnulla
859 1592 1027 1672 praecepta
1060 1589 1288 1653 sententiarum
1320 1588 1462 1653 breuitate
1478 1607 1496 1645 ιι

328 1696 471 1779 conplexi
499 1699 583 1760 sunt.
621 1695 711 1760 Nihil
738 1699 845 1760 autem
868 1699 1158 1772 monumentorum,
1183 1695 1267 1777 quod
1291 1695 1329 1760 ad
1352 1695 1463 1759 litteras

328 1804 459 1877 adtinet,
484 1803 621 1884 posteris
648 1801 855 1885 reliquerunt,
884 1802 946 1865 nisi
975 1801 1058 1883 quod
1087 1800 1184 1866 Solon
1214 1802 1363 1885 quasdam
1385 1802 1463 1884 leges

326 1909 574 1973 Atheniensibus
604 1908 729 1972 dedisse
756 1909 955 1990 perhibetur3
989 1908 1105 1973 Thales
1134 1927 1210 1973 uero
1239 1908 1389 1993 physicus
1411 1906 1465 1971 luit

329 2019 362 2079 et
384 2035 515 2081 suorum
539 2016 724 2100 dogmatum
748 2015 846 2080 libros
870 2014 1010 2098 reliquit.
1038 2015 1084 2078 llo
1109 2014 1306 2097 captiuitatis
1330 2014 1463 2079 Iudaicae

326 2125 470 2206 tempore
495 2126 527 2187 et
544 2122 774 2187 Anaximander
793 2124 826 2185 et
843 2120 1050 2186 Anaximenes
1071 2124 1104 2185 et
1121 2122 1332 2205 Xenophanes
1352 2121 1496 2204 physicis

328 2231 518 2294 claruerunt.
556 2230 644 2294 Tunc
672 2232 706 2293 et
732 2229 940 2313 Pythagoras,
971 2248 1006 2293 ex
1034 2248 1096 2312 quo
1125 2232 1296 2313 coeperunt
1324 2226 1463 2312 appellari

328 2336 520 2419 philosophi.

766 2529 902 2594 CAPUT
926 2528 1041 2593 XXVI.

331 2668 443 2748 Quod
473 2689 515 2734 eo
544 2673 736 2752 tempore,
762 2689 837 2751 quo
866 2670 1039 2752 inpletis
1069 2670 1337 2754 septuaginta
1360 2667 1463 2734 annis

330 2776 571 2841 ludaeorum
605 2779 669 2840 est
701 2776 890 2841 resoluta
923 2776 1162 2857 captiuitas,
1192 2776 1356 2841 Romani
1386 2792 1499 2857 quo-a

492 2901 566 2965 que
596 2902 613 2946 a
642 2882 851 2947 dominatu
882 2883 965 2946 sint
990 2882 1104 2967 regio
1135 2883 1315 2948 liberati.

375 3025 436 3089 Per
459 3025 544 3089 idem
567 3026 695 3105 tempus
720 3024 832 3107 Cyrus,
853 3030 904 3087 rei
923 3024 1102 3101 Persarum,
1122 3026 1177 3106 qui
1195 3026 1290 3091 etiam
1310 3024 1466 3092 Chaldaeis

333 3135 365 3196 ot
391 3131 533 3214 Assyriis
560 3131 747 3214 imperabat,
775 3131 912 3196 relaxata
940 3132 1102 3213 aliquanta
1134 3133 1321 3215 captiuitate
1347 3132 1466 3198 Iudaeo·

330 3258 412 3315 rum,
440 3238 671 3322 quinquaginta
702 3238 791 3303 milia
824 3239 988 3303 hominum
1023 3258 1058 3303 ex
1092 3240 1137 3303 eis
1170 3240 1210 3303 ad
1236 3238 1465 3305 instaurandum

330 3345 487 3428 tempium
511 3344 634 3429 regredi
657 3344 743 3409 lecit.
770 3346 797 3409 A
823 3346 939 3427 quibus
963 3350 1087 3411 tantum
1110 3346 1212 3428 prima
1235 3350 1347 3430 coepta
1367 3344 1466 3411 funda·
1481 3362 1501 3403 a

330 3453 415 3515 mina
438 3454 471 3515 et
494 3453 591 3515 altare
615 3455 834 3516 constructum
860 3456 916 3518 est.
940 3452 1179 3518 incursantibus
1203 3457 1309 3517 autem
1332 3452 1466 3518 hostibus

330 3577 528 3639 nequaquam
557 3559 702 3641 progredi
733 3558 925 3623 aedificando
959 3562 1139 3641 uoluerunt,
1168 3560 1363 3646 dilatumque
1394 3574 1466 3641 opus

332 3668 383 3728 est
403 3683 506 3746 usque
530 3664 570 3728 ad
589 3665 730 3731 Durium.
754 3665 815 3729 Per
838 3665 924 3730 idem
947 3670 1074 3749 tempus
1094 3666 1189 3733 etiam
1207 3668 1265 3731 illa
1283 3668 1357 3731 sunt
1373 3666 1467 3749 gesta,

334 3790 412 3853 quae
442 3772 621 3853 conscripta
650 3774 725 3837 sunt
751 3772 784 3835 in
811 3772 892 3837 libro
921 3773 1045 3849 Iudith;
1080 3792 1172 3855 quem
1201 3792 1275 3837 saue
1302 3774 1333 3837 in
1360 3786 1467 3835 canone

332 3878 560 3959 scripturarum
587 3877 697 3942 Iudaei
725 3899 787 3944 uon
813 3880 972 3961 recepisse
997 3879 1154 3945 dicuntur.
1194 3880 1260 3947 Sub
1283 3880 1375 3947 Dario
1399 3894 1466 3959 ergo
1482 3895 1503 3934 so

369 4067 385 4120 3
404 4069 445 4135 ut]
465 4084 587 4136 usquep
660 4072 836 4123 numerantur
856 4072 883 4122 et
903 4070 1039 4138 thaletip
1094 4072 1110 4127 6
1131 4070 1221 4124 chilon
1241 4071 1323 4137 (cilon
1339 4070 1366 4141 g)
1383 4066 1467 4125 codd-i

334 4154 412 4209 Chilo
429 4172 446 4209 o
535 4156 695 4226 periandros
715 4158 792 4212 codd.
798 4178 808 4224 ,·
826 4158 974 4212 Periander
990 4176 1007 4214 o
1098 4160 1113 4212 7
1134 4159 1272 4214 cleobulus
1287 4178 1324 4229 p,·
1340 4156 1467 4213 cleobolus

332 4242 457 4312 lydiusb
548 4246 614 4315 byas
631 4264 650 4315 p
728 4249 760 4301 14
781 4246 935 4301 docmatum
952 4265 970 4317 p
1060 4248 1199 4319 iudeicee
1275 4246 1467 4314 sisinisco·

333 4335 397 4385 sunt
415 4349 458 4401 qo
524 4334 559 4387 29
578 4351 680 4388 canone
700 4336 859 4405 obsepta·
878 4352 1008 4391 canonem
1028 4338 1076 4407 pf
1092 4336 1191 4391 Domb.
1265 4338 1300 4393 30
1318 4336 1468 4405 recipissey
