3192 4959
290 435 353 498 146
638 431 664 486 S.
692 428 849 484 Aurelii
876 429 1096 499 Augustini

290 644 362 690 non
392 627 455 689 est
483 641 610 705 usque
642 622 687 687 ad
717 642 846 700 unum,
875 623 913 687 de
941 621 1205 688 filiishominum
1229 622 1435 704 dictumest,

289 751 348 796 non
383 731 420 794 de
452 729 528 794 filiis
557 728 627 794 Dei.
660 727 742 794 Nam
772 729 982 811 praemissum
1016 730 1079 794 est:
1112 729 1220 794 Deus
1249 729 1293 794 de
1321 731 1436 795 eaelo

290 837 503 922 prospexit
531 855 656 920 super
682 836 803 902 filios
827 836 1039 916 hominum,
1062 837 1293 902 diuideret
1316 837 1350 901 si
1373 841 1437 902 est

289 945 542 1028 intellegens
571 947 640 1008 aut
666 943 882 1026 requirens
913 944 1046 1023 Deum,
1076 963 1113 1008 10
1141 943 1254 1010 deinde
1281 944 1339 1008 1111
1361 945 1436 1009 snb-

288 1053 406 1122 iunete,
445 1069 524 1131 quae
562 1069 670 1114 omnes
707 1049 790 1114 iiiios
828 1050 1003 1128 hominum,
1042 1050 1075 1116 id
1107 1052 1166 1128 est,
1199 1049 1239 1116 ed
1269 1050 1435 1115 ciuitatem
1469 1073 1482 1110 e

288 1157 492 1240 pertinenter,
526 1175 606 1240 quae
638 1155 723 1220 uiuit
754 1156 930 1221 seeundum
962 1155 1133 1232 hominem,
1166 1175 1227 1222 non
1260 1157 1436 1222 seeundum

290 1265 404 1342 Deum,
427 1263 577 1346 reprobos
602 1281 672 1328 esse
696 1263 925 1328 demonstrant.

753 1454 890 1521 CAPUT
913 1456 969 1520 XI.

291 1599 402 1679 Quod
431 1619 474 1664 01
502 1597 697 1680 primitus
725 1598 869 1682 lingua
896 1598 935 1662 in
964 1618 1040 1664 usu
1066 1598 1270 1664 hominum
1298 1598 1437 1674 fuerit,

290 1723 389 1787 quae
412 1709 558 1787 postea
581 1703 765 1768 Hebraea
793 1703 839 1767 ab
861 1703 996 1768 Heber
1017 1705 1175 1768 nomine
1199 1709 1438 1788 nuncupata
1459 1729 1484 1766 lo

292 1815 364 1887 est,
395 1813 433 1875 et
460 1809 496 1874 in
527 1809 645 1873 ouius
674 1809 832 1873 familia
858 1811 1066 1888 remansit,
1095 1830 1180 1875 eum
1206 1811 1437 1876 diuersitas

608 1920 718 1981 esset
741 1916 852 1980 faeta
875 1916 1117 2001 linguarum.

335 2059 436 2141 Quam
470 2059 508 2124 ob
541 2078 607 2123 rem
640 2059 726 2123 siout
751 2059 862 2142 lingna
890 2079 952 2123 11111
980 2077 1054 2124 oum
1082 2062 1170 2124 esset
1193 2059 1347 2137 omnium,
1376 2079 1437 2123 non

291 2167 361 2232 ideo
396 2167 452 2231 filii
485 2165 685 2249 pestilentiae
718 2166 888 2230 defuerunt
910 2167 993 2248 (nom
1019 2169 1051 2231 et
1082 2169 1154 2230 ante
1185 2165 1346 2231 diluuium
1375 2185 1438 2231 una

291 2278 357 2339 erat
379 2273 501 2358 lingue,
527 2277 559 2337 et
583 2277 688 2338 tamen
712 2291 824 2337 omnes
849 2274 973 2356 praeter
994 2291 1088 2337 unam
1111 2271 1181 2338 Noe
1205 2273 1282 2337 iusti
1305 2273 1437 2338 domum
1458 2299 1483 2336 11

291 2379 387 2445 deieri
410 2379 533 2444 diluuio
557 2379 768 2464 meruerunt):
793 2379 848 2454 ita,
878 2379 1002 2462 quando
1026 2379 1139 2443 merito
1169 2379 1309 2444 elatioris
1340 2379 1438 2462 inpie·

289 2487 365 2553 tatis
389 2489 500 2572 gentes
523 2487 705 2572 linguarum
729 2485 914 2550 diuersitate
937 2485 1066 2569 punitae
1089 2485 1192 2568 adque
1216 2485 1338 2550 diuisae
1363 2490 1439 2551 sunt

290 2600 322 2660 et
358 2593 472 2658 ciuitas
513 2593 671 2676 inpiorum
714 2591 910 2657 confusionis
954 2611 1067 2658 nomen
1105 2592 1237 2675 aceepit,
1278 2592 1340 2657 hoe
1377 2596 1438 2666 est,

291 2701 449 2784 appellata
478 2703 528 2764 est
548 2699 702 2782 Babylon,
730 2718 791 2763 non
816 2698 918 2763 defuit
941 2698 1054 2763 domus
1077 2697 1193 2777 Heben,
1217 2699 1272 2762 ubi
1296 2718 1438 2783 eaquae

290 2812 382 2870 antea
404 2806 467 2870 fuit
490 2806 629 2872 omnium
650 2804 759 2890 lingua
777 2810 960 2871 remaneret.
978 2805 1081 2883 Unde,
1101 2806 1187 2870 sieut
1205 2825 1301 2888 supra
1318 2825 1438 2871 memo·
1456 2829 1483 2870 10

290 2913 369 2988 rani,
398 2931 472 2976 eum
500 2912 680 2996 coepissent
708 2911 884 2976 enumerari
907 2911 965 2974 filii
989 2910 1073 2988 Sem,
1103 2912 1158 2995 qui
1182 2911 1301 2996 singuli
1325 2916 1438 2996 gentes

291 3019 433 3104 singulas
465 3021 678 3100 procrearunt,
710 3019 832 3100 primus
867 3020 916 3082 est
944 3017 1185 3084 commendatus
1215 3018 1333 3096 Heber,
1364 3038 1437 3084 eum

294 3126 337 3190 sit
360 3125 498 3207 abnepos
522 3125 634 3208 ipsius,
657 3125 718 3189 hoe
738 3128 787 3189 est
811 3125 850 3188 ab
872 3123 929 3188 illo
950 3125 1080 3206 quintus
1098 3124 1280 3189 inueniatur
1299 3130 1436 3190 exortus.

295 3231 377 3312 Quia
400 3250 473 3316 ergo
501 3231 532 3294 in
563 3230 631 3295 eius
663 3229 784 3295 familia
810 3231 963 3294 remansit
989 3229 1067 3294 haee
1092 3231 1213 3314 lingua,
1242 3231 1356 3296 diuisis
1383 3252 1439 3316 per

292 3340 370 3404 alias
406 3338 533 3422 linguas
571 3337 683 3404 ceteris
721 3338 882 3422 gentibue,
920 3356 999 3421 quae
1034 3337 1146 3422 lingua
1176 3338 1266 3422 prius
1298 3339 1435 3404 humano
1453 3358 1483 3399 m
1574 3352 1575 3359 ¹

292 3445 395 3530 generi
425 3464 485 3509 non
513 3443 658 3510 inmerito
689 3441 827 3508 ereditur
853 3444 954 3509 fuisse
977 3443 1166 3522 eommunis,
1194 3444 1265 3510 ideo
1289 3444 1435 3530 deinceps

290 3551 434 3615 Hebraea
462 3554 512 3616 est
538 3555 727 3634 nuncupata.
757 3551 845 3615 Tune
873 3551 956 3616 enim
985 3570 1066 3635 opus
1095 3554 1161 3616 erat
1189 3570 1259 3616 eam
1283 3551 1435 3636 distingui

292 3660 329 3722 ab
363 3658 434 3722 aliis
466 3657 584 3741 linguis
617 3658 741 3721 nomine
768 3658 905 3740 proprio,
935 3657 1019 3723 sieut
1047 3658 1127 3722 11110
1157 3677 1282 3741 quoque
1305 3661 1435 3724 uocatae

381 3933 452 3986 211).
473 3933 515 3996 52,
536 3933 552 3988 3

327 4155 531 4209 4111101111
596 4120 798 4221 6111111111.
819 4160 882 4226 2,9
943 4155 1178 4212 idemonetrnte
1234 4158 1267 4213 10
1286 4156 1434 4230 eoerppo

294 4245 324 4297 ll
346 4247 442 4297 etom.
462 4243 560 4298 Domb.
655 4247 687 4298 14
707 4245 850 4300 dillnuinm
874 4245 900 4297 V
989 4246 1175 4313 16111οΠ1110
1200 4247 1226 4300 V
1310 4248 1346 4303 22
1364 4263 1432 4303 eom·

291 4338 456 4386 memoratus
476 4347 519 4386 oo
573 4333 607 4387 23
627 4333 781 4406 abnepusy
836 4336 870 4388 28
889 4335 1013 4406 propriae
1037 4335 1073 4390 V¹
