3192 4959
310 417 360 471 De
385 418 559 471 ciuitate
583 414 646 469 dei
666 415 731 471 lib.
755 413 856 469 XVIII.
881 432 957 485 cap.
981 416 1024 471 34.
1049 417 1091 471 35.
1212 421 1275 483 321

559 608 696 675 CAPUT
719 608 848 673 XXXV.

131 754 184 817 lle
217 753 340 817 trium
372 752 662 834 prophetarum
694 750 909 827 uaticinio,
943 749 982 813 id
1015 754 1078 816 est
1110 751 1276 835 Aggaei,

433 857 652 921 Zachariae
676 863 716 920 et
737 856 973 920 Malachiae.

172 1000 310 1063 Restant
331 1001 397 1063 tres
420 999 557 1063 minores
580 998 762 1079 prophetae,
791 996 847 1078 qui
869 998 1137 1079 prophetauerunt
1160 1000 1191 1063 in
1215 1000 1276 1065 fine

104 1105 340 1189 rcaptiuitatis,
361 1105 523 1189 Aggaeus,
548 1103 724 1178 Zacharias,
747 1102 930 1167 Malachiae.
960 1104 1102 1184 Quorum
1125 1107 1276 1189 Aggasus

132 1212 295 1277 Christum
315 1215 349 1275 et
366 1212 532 1276 eeclesiam
552 1211 609 1274 hac
630 1210 770 1291 apertius
790 1210 946 1274 breuitate
965 1210 1148 1293 prophetat:
1168 1212 1276 1278 Haeo

132 1319 236 1383 dicit
259 1318 454 1383 Dominus
479 1317 748 1381 exercituum:
773 1315 912 1380 Adhuc
935 1336 1053 1381 unum
1076 1318 1276 1383 modicum

133 1428 202 1502 est,
234 1428 273 1489 et
301 1443 372 1509 ego
402 1422 662 1489 commonebo
692 1422 849 1487 caelum
879 1424 917 1487 et
940 1426 1086 1487 terram
1111 1426 1150 1488 et
1173 1444 1275 1488 mare

132 1534 170 1595 et
206 1532 367 1604 aridam,
410 1533 448 1595 et
484 1528 653 1593 monebo
690 1547 826 1593 omnes
864 1532 1018 1611 gentes,
1062 1535 1100 1593 et
1137 1533 1276 1596 ueniet

96 1638 394 1702 rodesideratus
423 1637 589 1701 cunctis
617 1635 818 1719 gentibue.
853 1636 938 1699 Haeo
966 1636 1132 1718 prophetia
1159 1639 1274 1719 partim

133 1746 279 1828 conpleta
314 1746 377 1807 iam
410 1742 558 1821 cernitur,
589 1744 706 1824 partim
744 1745 889 1825 speratur
924 1742 955 1805 ln
993 1742 1054 1807 fine
1091 1744 1274 1825 conplenda.

132 1852 237 1915 hlouit
260 1851 343 1915 enirn
367 1851 490 1914 caelum
514 1850 697 1933 angelorum
722 1852 754 1913 et
772 1848 910 1913 siderum
931 1850 1124 1928 testimonib,
1151 1851 1274 1931 quando

132 1958 312 2021 incarnatus
345 1960 395 2022 est
425 1956 586 2030 Christus:
615 1956 719 2020 mouit
750 1958 866 2019 terram
899 1956 1021 2038 ingenti
1055 1956 1205 2021 miraculo
1237 1957 1275 2021 de

133 2065 199 2147 ipso
223 2064 359 2147 uirginis
383 2069 489 2146 partu:
513 2064 617 2127 mouit
638 2082 723 2126 mare
747 2066 780 2126 et
803 2061 932 2141 aridem,
957 2081 1028 2127 cum
1052 2064 1084 2126 et
1106 2063 1137 2127 in
1160 2064 1274 2128 insulis

95 2195 117 2233 rs
134 2175 165 2234 et
185 2172 217 2234 in
243 2173 317 2236 orbe
340 2174 409 2236 toto
429 2170 575 2235 Christus
596 2170 813 2234 adnuntiatur:
832 2170 879 2232 ita
895 2168 1016 2233 moueri
1036 2187 1144 2234 omnes
1164 2174 1274 2253 gentes

133 2277 278 2341 uidemus
318 2276 357 2340 ad
388 2275 492 2340 fidem.
528 2278 596 2339 Iam
629 2294 702 2339 uero
735 2274 818 2357 quod
857 2274 1014 2356 sequitur:
1052 2274 1099 2339 Et
1136 2276 1275 2341 ueniet

133 2382 391 2447 desideratus
415 2384 574 2447 cunctis
599 2382 802 2466 gentibue,
824 2382 861 2445 de
881 2382 1054 2445 nouissimo
1075 2381 1143 2445 eius
1168 2401 1274 2465 exspe-

132 2494 235 2553 ctatur
252 2490 400 2554 aduentu.
421 2490 464 2554 Ut
482 2489 565 2553 enim
585 2492 670 2553 esset
689 2488 885 2553 desideratus
905 2489 1170 2571 exspectantibus,
1186 2489 1274 2570 prius

133 2598 271 2679 oportuit
295 2617 367 2661 euru
391 2597 543 2661 dilectum
568 2615 638 2661 esse
662 2595 874 2659 credentibus

90 2727 114 2765 ro
176 2703 340 2767 Zacharias
370 2702 408 2766 de
436 2701 562 2767 Christo
591 2704 624 2766 et
648 2701 795 2766 ecclesia:
825 2701 982 2777 Exulta,
1007 2700 1118 2782 inquit,
1143 2699 1272 2779 ualde,

132 2810 226 2872 lilia
252 2809 357 2886 Sion,
385 2808 527 2883 iubila,
550 2807 645 2871 lilia
666 2806 943 2880 Hierusalem:
974 2824 1064 2870 ecce
1088 2825 1154 2869 rer
1177 2809 1273 2870 tuus

131 2916 245 2979 uenit
285 2915 365 2979 tibi
409 2915 547 2979 iustus
586 2916 624 2978 et
665 2916 871 2985 saluator;
915 2912 1002 2994 ipse
1042 2930 1194 2993 pauper
1236 2912 1274 2975 et

132 3021 381 3086 adscendens
414 3040 534 3103 super
566 3020 722 3084 asinum
751 3022 790 3083 et
814 3036 934 3101 super
956 3016 1113 3099 pullum
1137 3016 1273 3082 filium

131 3129 283 3204 asinae:
318 3132 357 3192 et
388 3130 576 3208 potestas
606 3126 693 3190 elus
718 3146 733 3189 a
758 3126 855 3189 mari
887 3144 1012 3207 usque
1037 3124 1082 3187 ad
1107 3142 1210 3187 mare
1235 3124 1274 3186 et

90 3254 150 3297 aaa
186 3234 427 3299 fluminibus
468 3253 597 3315 usque
635 3232 679 3295 ad
721 3232 828 3296 lines
865 3234 1006 3296 terrae.
1041 3231 1111 3295 Hoc
1149 3229 1272 3312 quando

130 3339 246 3403 lactum
284 3340 337 3416 sit,
375 3342 412 3403 ut
446 3338 602 3402 Dominus
637 3336 784 3402 Christus
814 3338 844 3400 in
874 3337 986 3401 itinere
1010 3337 1152 3400 iumento
1176 3336 1273 3399 huius

132 3447 250 3529 generis
278 3449 430 3523 uteretur,
458 3446 490 3508 iu
520 3444 685 3528 euangelio
712 3443 840 3526 legitur,
870 3442 925 3506 ubi
953 3442 1084 3507 ethaeo
1107 3441 1274 3524 prophetia

133 3558 392 3616 commemoratur
425 3570 460 3615 er
492 3554 590 3631 parte,
625 3553 776 3632 quantum
809 3548 857 3614 illi
888 3549 958 3613 loco
992 3548 1136 3612 sufficere
1166 3548 1272 3612 uisum

132 3660 191 3721 est.
228 3660 299 3723 Alio
336 3658 407 3723 loco
445 3657 484 3721 ad
521 3657 625 3740 ipsum
665 3656 825 3721 Christum
867 3656 898 3719 in
937 3656 1051 3737 spirltu
1088 3654 1273 3737 prophetiae

218 3922 234 3975 6
251 3922 322 3990 Agg.
342 3920 367 3986 2,
388 3921 403 3972 7
423 3936 463 3988 aq.
519 3918 553 3972 20
572 3918 652 3972 Zach.
672 3919 697 3981 9,
716 3920 732 3971 9
751 3935 791 3987 eq.
847 3918 881 3969 27
901 3916 950 3970 Mt.
971 3917 1002 3969 21

170 4043 315 4101 3zaochar.
338 4061 365 4113 p,
385 4049 411 4097 et
427 4045 468 4097 uic
486 4043 504 4096 l.
527 4045 544 4095 5
563 4046 604 4096 20
623 4042 688 4110 bpp
761 4044 777 4095 5
798 4044 826 4093 et
848 4040 963 4094 malach.
984 4056 1012 4092 c*
1108 4036 1238 4089 melchias
1258 4052 1272 4088 e

137 4132 170 4185 10
188 4138 319 4203 partemp
376 4133 405 4186 ll
427 4133 480 4186 iam
501 4131 670 4201 completae
743 4128 913 4198 conplendas,
933 4146 958 4181 nr
978 4144 1092 4196 orae.,9
1148 4126 1179 4178 18
1200 4124 1270 4177 desi·

134 4218 188 4273 der.
205 4230 306 4277 essetv
370 4224 405 4276 22
424 4222 501 4274 ueuIt
518 4237 577 4289 pp;
596 4220 722 4273 uenieto
793 4216 845 4271 tibi
865 4234 953 4286 orep
1017 4217 1051 4269 23
1072 4214 1175 4269 asinum
1195 4229 1271 4277 urse:

134 4308 263 4364 asinamo
317 4312 352 4365 25
371 4310 480 4364 flumine
500 4325 538 4377 cp

162 4434 237 4475 XXXX
249 4436 307 4485 Aug.
322 4446 392 4485 opera
405 4433 482 4475 Sectlo
496 4433 516 4473 V
530 4443 584 4483 pars
598 4432 631 4471 11.
1200 4409 1232 4461 21
