3192 4959
372 489 421 544 De
450 490 626 544 ciuitate
655 488 716 543 dei
744 488 810 543 lib.
834 489 892 542 XV.
920 505 995 559 cap.
1022 490 1063 545 13.
1255 491 1298 554 85

139 705 200 751 non
228 685 353 750 inuenit
380 688 527 763 aetatem,
556 683 748 766 eosdemque
776 687 851 767 post
877 683 1004 768 genitos
1031 683 1125 761 filios,
1156 687 1194 749 ut
1222 703 1296 749 con-

141 795 269 876 grueret
293 809 429 869 summa,
454 790 597 855 detraxit.
637 790 689 856 Sic
718 789 835 874 quippe
862 790 969 855 uoluit
995 789 1163 855 credibiles
1194 790 1298 856 facere

139 897 325 963 idonearum
349 897 542 982 generandae
570 898 652 980 proli
680 897 917 962 conuenientias
945 899 1097 975 aetatum,
1125 901 1164 961 ut
1192 901 1298 962 tamen

140 1023 272 1069 numero
296 1023 357 1069 non
375 1005 535 1070 fraudaret
553 1005 719 1068 uniuersas
739 1005 860 1068 aetates
878 1003 1062 1068 uiuentium
1081 1003 1293 1087 singulorum.

115 1110 239 1190 sQuod
262 1114 369 1176 eutem
392 1111 426 1176 id
448 1112 481 1175 in
505 1115 592 1176 serta
616 1109 817 1195 generatione
841 1129 902 1174 non
925 1110 1012 1185 fecit,
1036 1111 1098 1174 hoc
1116 1110 1223 1193 ipsum
1244 1114 1294 1173 est

140 1219 226 1300 quod
249 1217 352 1302 magis
374 1223 485 1282 mouet
501 1218 573 1282 ideo
592 1217 684 1282 illum
704 1217 830 1293 fecisse,
855 1236 928 1281 cum
946 1236 1008 1294 res,
1028 1236 1124 1299 quam
1143 1217 1293 1290 dicimus,

139 1325 329 1408 postulauit,
353 1325 428 1407 quia
451 1343 512 1389 non
531 1323 619 1402 fecit,
643 1323 699 1388 ubi
718 1341 779 1388 non
799 1323 987 1404 postulauit.
1011 1323 1139 1388 inuenit
1156 1341 1293 1405 nemque

137 1435 169 1498 in
193 1431 305 1494 eadem
328 1431 527 1514 generatione
556 1433 634 1512 aput
656 1429 817 1494 Hebraeos
845 1429 963 1494 uixisse
990 1429 1090 1506 Iared‚
1119 1432 1291 1512 antequam

139 1537 306 1620 genuisset
328 1537 446 1614 Enoch,
470 1541 597 1602 centum
621 1537 783 1620 sexaginta
807 1535 888 1601 duos
912 1546 1068 1613 (annos),
1098 1535 1154 1618 qui
1177 1555 1289 1600 secun-

93 1663 120 1699 ιο
140 1643 217 1706 dum
237 1643 326 1707 illam
349 1643 503 1708 rationem
530 1643 676 1708 breuium
704 1663 857 1707 annorum
885 1642 966 1706 fiunt
993 1643 1065 1706 anni
1094 1641 1234 1708 sedecim
1262 1647 1296 1708 et

138 1749 262 1830 aliquid
283 1751 390 1814 minus
413 1769 508 1832 quam
532 1767 656 1814 menses
681 1749 758 1826 duo;
783 1769 863 1830 quae
885 1750 950 1814 iam
973 1753 1061 1814 aetas
1087 1753 1162 1833 apta
1181 1751 1232 1814 est
1250 1749 1291 1813 ad

137 1856 343 1939 gignendum,
372 1863 405 1921 et
430 1856 501 1921 ideo
530 1857 643 1921 addere
673 1859 798 1920 centum
832 1875 930 1920 anuos
962 1856 1088 1933 breues,
1121 1859 1159 1920 ut
1190 1858 1294 1923 nostri

138 1959 258 2044 uiginti
286 1981 339 2028 sex
366 1963 487 2041 tierent,
515 1981 645 2027 necesso
672 1981 734 2027 non
761 1961 833 2041 fuit,
862 1981 919 2027 nec
946 1969 1021 2047 post
1049 1965 1160 2027 natum
1183 1963 1293 2028 Enoch

138 2085 194 2130 eos
217 2066 392 2145 detrahere,
416 2087 496 2151 quos
520 2088 581 2134 non
605 2067 769 2133 addiderat
788 2073 860 2132 ante
878 2073 1000 2133 natum.
1025 2066 1078 2132 Sic
1097 2068 1217 2133 factum
1237 2073 1289 2134 ost

94 2203 119 2242 1⁵
137 2186 175 2237 ut
199 2174 253 2239 hic
276 2177 365 2240 nulla
387 2180 473 2241 esset
495 2175 577 2240 inter
600 2175 725 2241 codices
751 2179 904 2258 utrosque
927 2175 1078 2240 uarietas.

183 2280 248 2346 Sed
270 2302 380 2347 rursus
404 2288 523 2361 mouet,
547 2302 628 2365 quur
645 2283 677 2346 in
697 2285 812 2346 octaua
831 2283 1042 2366 generatione,
1062 2285 1231 2363 antequam
1251 2279 1290 2343 de

135 2388 356 2453 Mathusalam
379 2393 560 2455 nasceretur
583 2388 730 2465 Lamech,
760 2408 833 2454 cum
858 2394 936 2472 aput
958 2389 1120 2453 Hebraeos
1143 2387 1293 2470 legantur

137 2504 269 2560 centum
293 2498 455 2580 octoginta
475 2496 537 2561 duo
558 2497 639 2573 anni,
664 2496 780 2580 uiginti
799 2496 904 2560 minus
923 2495 1129 2560 inueniuntur
1150 2493 1183 2558 in
1208 2492 1294 2557 codi-

135 2603 230 2668 cibus
254 2604 383 2678 nostris,
407 2603 462 2667 ubi
485 2602 593 2685 potius
617 2603 690 2668 addi
714 2607 842 2666 centum
861 2602 975 2680 solent,
1000 2605 1125 2683 etpost
1150 2599 1295 2684 genitum

91 2739 119 2777 ro
138 2710 277 2775 Lamech
306 2709 513 2793 conplendam
540 2709 754 2774 restituuntur
776 2709 817 2773 ad
840 2728 1008 2786 summam,
1038 2727 1118 2791 quae
1146 2708 1177 2771 in
1206 2706 1292 2771 codi-

135 2817 227 2881 cibus
261 2816 406 2900 utrisque
439 2837 500 2882 non
532 2816 697 2900 discrepat.
740 2815 775 2882 Si
807 2815 892 2880 enim
924 2819 1052 2880 centum
1084 2814 1288 2898 septuaginta

135 2943 235 2989 annos
254 2927 385 3008 propter
403 2923 580 3006 pubertatis
603 2922 823 2988 maturitatem
842 2921 1004 2987 decernet
1023 2925 1145 3004 septem
1163 2920 1295 2986 uolebat

138 3031 295 3114 intellegi,
319 3029 404 3096 siout
428 3030 507 3094 nihil
530 3029 652 3106 addere,
681 3029 727 3093 ita
754 3027 834 3092 nihil
861 3028 1026 3092 detrahere
1055 3028 1119 3091 iam
1147 3027 1293 3103 debebat,

137 3138 213 3222 quia
235 3139 401 3202 inuenerat
423 3139 560 3201 aetatem
587 3136 732 3202 idoneam
761 3134 956 3220 generationi
983 3133 1134 3212 tiliorum,
1162 3137 1292 3216 propter

95 3277 122 3316 a
143 3264 240 3328 quam
267 3243 301 3308 in
330 3244 402 3308 aliis
431 3247 558 3308 centum
584 3244 658 3309 illos
687 3261 795 3319 annos,
825 3243 880 3307 ubi
910 3261 979 3306 eam
1007 3261 1067 3306 non
1099 3239 1293 3316 inueniebat,

139 3351 287 3416 addebat.
328 3351 399 3416 Hoc
423 3355 530 3414 autem
554 3349 591 3414 de
615 3350 732 3434 uiginti
755 3349 845 3414 annis
869 3348 981 3413 mento
1005 3352 1191 3431 putaremus
1216 3365 1292 3410 casu

137 3457 362 3523 mendositatis
382 3457 522 3522 accidere
542 3457 694 3540 potuisse,
720 3456 781 3520 nisi
801 3475 866 3534 eos,
892 3455 978 3521 sicut
996 3455 1084 3538 prius
1105 3455 1295 3528 detraxerat,

232 3737 248 3790 8
269 3736 338 3791 Gerr.
358 3739 383 3800 5,
406 3737 439 3790 18

179 3861 288 3914 luenit
313 3859 339 3912 V
409 3867 569 3928 easdemque
594 3859 621 3912 V
671 3857 825 3926 3proliie
897 3856 1075 3910 conuenisse
1134 3854 1197 3908 aid
1217 3855 1244 3908 in
1270 3854 1296 3906 V

139 3947 247 4017 b²e²p,·
264 3949 293 4001 id
313 3965 364 4002 om.
386 3947 503 4003 ob¹c¹v
521 3947 621 4004 Donrb.
731 3963 784 3999 non
802 3963 879 4011 masc
898 3945 926 3998 id
944 3961 1032 3998 nono
1122 3947 1138 3998 6
1157 3947 1250 3996 mouet
1273 3943 1297 3993 V

140 4039 305 4108 aberium
324 4043 417 4090 rrronet
436 4055 450 4106 ρ
469 4037 567 4091 Domb.
640 4036 719 4090 illum
737 4035 834 4088 ideov
900 4035 917 4087 8
936 4033 1011 4087 iared
1034 4031 1108 4098 V¹c,·
1125 4031 1195 4084 iarct
1218 4030 1297 4096 V²b;

140 4128 231 4182 iareth
251 4145 309 4194 ao,·
327 4127 441 4189 lamech,
460 4127 492 4179 ire
509 4141 595 4194 marg.
615 4143 651 4179 m.
671 4129 690 4178 2
708 4124 842 4191 iareth,p
933 4121 1058 4188 9duop
1140 4136 1224 4173 annos
1243 4135 1293 4173 orn.

146 4217 308 4286 chpaf
363 4217 396 4270 10
416 4215 526 4269 ennisc
582 4215 612 4268 ll
635 4213 771 4282 quaetiam
795 4210 833 4276 V;
852 4227 921 4280 quae
941 4211 1057 4281 etiams
1114 4211 1145 4262 15
1165 4212 1295 4276 utrosque

138 4323 204 4374 arcp.
224 4306 273 4358 lia.
298 4304 324 4356 V
387 4306 418 4359 17
438 4309 593 4358 nosceretur
617 4303 651 4354 V¹
717 4305 749 4354 le
769 4301 870 4370 uiginti
889 4299 943 4364 dno
961 4299 1085 4353 minuce
1140 4298 1173 4351 19
1192 4297 1297 4351 solete

140 4397 177 4448 23
199 4392 296 4448 addere
316 4395 356 4447 ita
376 4393 445 4446 nihil
464 4409 514 4446 cnr.
534 4391 557 4446 e¹
