3192 4959
662 419 689 472 S.
717 418 874 472 Aurelii
902 420 1119 488 Augustini

310 612 484 677 aduentum
510 611 628 677 iudicis
652 611 830 678 Saloatoris
859 634 920 678 non
948 614 1095 679 inmerito
1121 618 1266 696 speratur
1289 634 1357 680 esse
1379 633 1443 678 uen-

309 723 412 795 tumS,
446 718 520 802 quia
548 720 644 784 etiam
672 738 755 783 nuno
783 720 893 784 uiuere
917 740 979 784 non
1006 721 1154 785 inmerito
1179 721 1326 786 creditur.
1354 721 1443 785 Curru

309 843 443 907 namque
475 826 568 909 igneo
600 829 710 908 raptus
743 831 793 890 est
825 826 863 890 de
895 827 989 890 rebus
1022 827 1181 904 humanis,
1215 827 1299 910 quod
1331 827 1444 890 euiden-

309 929 435 993 tissime
454 933 564 994 sanota
583 931 740 1014 scriptura
758 933 906 996 testatur.
932 931 1012 995 Cum
1032 933 1153 996 uenerit
1173 951 1257 1017 erge,
1278 931 1443 1014 exponendo

308 1034 411 1118 legem
437 1037 632 1118 spiritaliter,
661 1057 756 1118 quam
778 1056 862 1101 nuno
886 1037 998 1102 Iudaei
1022 1039 1187 1102 oamaliter
1210 1039 1346 1120 sapiunt,
1374 1057 1444 1102 oon·
1468 1061 1478 1099 s

310 1139 436 1206 uertet
464 1161 526 1208 oor·
553 1144 673 1226 patris
702 1144 746 1208 ed
769 1145 906 1216 filium,
936 1143 969 1208 id
993 1147 1120 1209 osteor
1147 1148 1272 1226 patrum
1297 1144 1334 1208 ad
1355 1143 1444 1208 filios:

309 1248 503 1330 singularem
528 1250 645 1332 quippe
668 1269 724 1332 pro
748 1269 877 1315 numero
902 1250 1016 1333 plurali
1045 1251 1232 1334 interpretes
1257 1251 1445 1334 septuaginta

308 1359 496 1434 posuerunt3
523 1360 555 1420 et
578 1360 628 1421 est
651 1376 774 1434 sensus,
804 1359 841 1420 ut
865 1357 959 1420 etiam
984 1357 1040 1420 lilii
1065 1358 1111 1421 sio
1134 1357 1322 1440 intellegant
1342 1359 1444 1439 legem,

308 1459 341 1522 id
370 1465 421 1524 est
447 1463 567 1541 Iudaei,
597 1484 692 1546 quem
720 1463 759 1528 ad
786 1463 917 1529 modum
946 1483 1015 1527 eam
1040 1467 1145 1545 patres
1169 1464 1396 1528 intellexerunt.
1417 1462 1444 1525 id

309 1569 360 1630 est
386 1569 568 1650 prophetae,
600 1570 632 1634 in
661 1570 777 1652 quibus
807 1573 873 1632 erat
903 1571 936 1632 et
957 1570 1026 1650 ipse
1049 1569 1190 1652 lloyses;
1224 1570 1271 1634 sio
1300 1571 1377 1634 enim
1400 1588 1478 1633 eoru

309 1677 433 1755 patrum
459 1679 662 1740 conuertetur
685 1676 724 1740 ad
747 1676 841 1752 filios,
867 1694 939 1739 oum
963 1675 1183 1758 intellegentia
1201 1680 1325 1757 patrum
1346 1675 1445 1757 perdu-

311 1784 400 1844 cetur
414 1781 453 1844 ad
466 1782 716 1866 intellegentiam
733 1782 886 1856 liliorum3
908 1783 947 1846 et
966 1801 1032 1847 oor
1049 1782 1234 1847 filiorum
1256 1783 1301 1846 ad
1320 1785 1444 1865 patres

311 1905 456 1963 eorum,
486 1889 561 1952 dum
584 1890 617 1952 iu
644 1888 687 1966 id,
717 1889 802 1971 quod
826 1893 993 1952 senserunt
1015 1889 1073 1967 illi,
1103 1889 1308 1953 consentiunt
1331 1895 1361 1952 et
1382 1887 1443 1954 isti:

310 1993 366 2056 ubi
390 1993 598 2078 Septuaginta
622 1995 778 2059 dixerunt:
803 1996 850 2060 Et
875 2016 941 2060 oor
964 1995 1141 2059 hominis
1166 1995 1443 2078 adproximant

310 2118 434 2167 sunm.
460 2101 541 2166 Sunt
559 2103 641 2166 enim
660 2102 743 2166 inter
761 2122 796 2167 se
815 2102 909 2167 ualde
927 2101 1061 2184 proximi
1080 2105 1185 2184 patres
1206 2105 1238 2166 et
1257 2102 1324 2165 lilii.
1344 2101 1443 2180 Quam·
1460 2123 1477 2158 r·
1551 2185 1552 2192 ἵ

310 2226 405 2289 quam
427 2207 460 2271 in
484 2208 589 2272 uerbis
614 2209 816 2292 septuaginta
839 2209 1056 2290 interpretum,
1082 2208 1136 2291 qui
1159 2209 1342 2291 prophetice
1363 2208 1445 2273 inter·
1551 2197 1552 2248 i

309 2316 424 2397 pretati
458 2319 543 2382 suut.
576 2320 684 2398 potest
716 2316 798 2379 alius
833 2335 945 2380 sensus
977 2315 1126 2397 idemque
1154 2315 1286 2379 electior
1316 2315 1443 2378 inueniri.

310 2427 347 2485 ut
369 2423 575 2506 intellegatur
597 2421 707 2486 Helias
737 2441 791 2486 cor
813 2423 872 2486 Dei
897 2422 1001 2486 Patris
1031 2440 1242 2486 oonuersurus
1267 2422 1305 2485 ad
1328 2421 1444 2486 Filium:

309 2549 370 2594 non
394 2531 504 2612 utique
530 2530 652 2612 agendo
677 2532 714 2593 ut
736 2527 831 2592 Pater
854 2528 968 2611 diligat
986 2529 1114 2610 Filium,
1140 2528 1196 2592 sod
1216 2528 1354 2594 docendo
1374 2525 1444 2610 quod

311 2635 406 2700 Pater
429 2637 543 2720 diligat
567 2637 701 2712 Filium3
731 2640 767 2698 ut
791 2638 823 2699 et
847 2635 967 2710 ludaei,
997 2655 1091 2717 quern
1114 2635 1203 2717 prius
1228 2636 1366 2710 oderant,
1388 2633 1478 2696 dili-a
1550 2613 1551 2636 ¹

311 2745 388 2823 gant
416 2743 560 2817 eundem,
596 2743 648 2824 qui
678 2746 785 2805 noster
813 2749 872 2815 est,
907 2741 1079 2806 Christum.
1113 2741 1238 2805 Iudaeis
1269 2741 1349 2806 enim
1376 2757 1444 2805 nunc

311 2871 459 2916 auersum
488 2869 540 2913 our
562 2850 659 2913 habet
687 2849 774 2912 Deus
804 2868 821 2910 a
846 2848 971 2912 Christo
1002 2853 1119 2926 nostro,
1154 2849 1230 2929 quia
1254 2847 1312 2912 hoo
1336 2849 1442 2930 putant.

310 2959 364 3021 ldis
390 2975 463 3040 ergo
488 2961 564 3020 tuno
589 2976 643 3020 oor
666 2955 735 3018 eius
760 2960 963 3019 conuertetur
986 2955 1024 3018 ad
1048 2955 1179 3030 Filium,
1207 2974 1280 3018 oum
1306 2955 1365 3038 ipsi
1386 2971 1443 3016 con·
1549 2987 1550 2992 κ

310 3083 402 3127 uerso
442 3063 534 3126 sorde
573 3063 738 3125 didicerint
771 3062 971 3125 dilectionem
1006 3061 1109 3126 Patris
1139 3061 1170 3124 in
1203 3061 1331 3126 Filium.
1367 3057 1443 3137 Quod

310 3189 385 3233 uero
411 3169 570 3250 sequitur:
599 3169 648 3232 Et
671 3187 738 3233 eor
760 3167 937 3232 hominis
962 3168 1007 3231 ad
1031 3167 1250 3251 proximum
1280 3187 1398 3242 suum,
1419 3163 1476 3228 ios

311 3280 370 3352 est,
404 3281 571 3340 couuertet
601 3275 712 3339 Helias
747 3279 779 3339 et
812 3293 865 3339 cor
896 3275 1033 3340 hominis
1068 3275 1107 3338 ad
1139 3275 1315 3357 proximum
1350 3291 1442 3336 snum:
1548 3337 1549 3362 ἶ

312 3382 387 3464 qnid
412 3382 527 3446 melius
551 3383 750 3466 intellegitur
773 3400 867 3463 quam
892 3401 945 3445 oor
967 3382 1105 3445 hominis
1131 3381 1170 3445 ed
1194 3381 1352 3446 lronrinem
1371 3377 1443 3444 Cln-

399 3624 415 3676 2
434 3625 502 3693 Reg.
521 3625 557 3691 Il,
577 3627 601 3689 2,
622 3626 652 3677 11

346 3767 868 3837 2quiab9pv;quiaepoDomb.
960 3766 1164 3835 lexponereb
1257 3767 1443 3835 6patrum.rr

309 3858 395 3924 patris
415 3873 492 3920 corr,
510 3874 527 3926 g
595 3858 771 3910 ‘inornatum
790 3873 838 3924 pro
859 3855 966 3924 plurali,
986 3872 1033 3924 pro
1053 3855 1121 3923 plur.
1140 3855 1172 3907 in
1190 3871 1255 3920 raa,
1276 3871 1289 3908 o
1349 3853 1442 3905 Soter

310 3945 360 3998 tilii
378 3945 465 3998 onab
521 3947 647 4014 9patres
667 3960 759 3996 earno
816 3944 847 3996 11
869 3941 1230 4012 conuertitur-perducitur
1246 3961 1264 4012 p
1323 3943 1353 3996 13
1371 3939 1442 4002 inito

310 4035 515 4087 consentiente
571 4035 603 4086 14
623 4033 660 4086 Et
678 4049 764 4099 omp
837 4032 872 4084 Et
891 4032 948 4085 sib
1006 4033 1037 4084 17
1058 4049 1152 4084 sensus
1172 4031 1276 4086 aliusv
1328 4029 1416 4084 rectior
1424 4041 1440 4092 p

312 4125 344 4175 19
365 4121 492 4190 diligito
548 4123 580 4174 21
602 4121 741 4176 Christum
761 4119 985 4190 αὺερρρῖαῑᾎ
1004 4119 1159 4190 christusp¹
1181 4119 1280 4174 tremo.
1333 4113 1442 4184 tiquie
1546 4109 1547 4116 ’

310 4239 345 4290 24
364 4237 594 4304 cordediceriutp
675 4235 830 4290 dilectionis
849 4241 952 4305 patrem
973 4236 1005 4290 ad
1025 4235 1109 4288 filiuni
1128 4251 1142 4288 e
1206 4237 1240 4290 25
1260 4235 1346 4289 idest
1360 4269 1439 4287 .....

315 4327 349 4380 ad
368 4342 439 4394 pror.
459 4343 536 4378 suuni
556 4341 644 4392 emp
