3192 4959
343 405 408 467 406
689 399 715 454 S.
744 399 900 454 Aurelii
927 398 1144 470 Augustini

341 613 406 677 qua
426 594 611 678 peruenitur
633 592 672 656 ad
695 592 810 670 Deum,
831 592 964 675 quisque
984 595 1137 668 sectetur3
1157 592 1240 658 unde
1258 592 1348 676 ipsos
1367 611 1486 674 quoquo

331 700 560 784 philosophos,
584 698 708 782 quando
733 697 904 764 Christiani
929 699 1018 768 fiunt.
1043 718 1103 764 non
1122 699 1267 764 habiturn
1291 699 1486 772 ueloousue·

341 806 485 872 tudinem
511 806 631 884 uictus,
655 825 736 887 quae
763 806 842 869 nihil
865 805 989 888 inpedit
1011 806 1208 889 religionem,
1232 806 1290 870 sed
1312 805 1395 870 falsa
1418 805 1486 888 dog·

341 917 429 979 mata
454 917 578 978 mutare
606 912 768 994 conpellit.
803 911 894 977 Unde
917 913 1006 977 illam
1031 932 1125 996 quam
1155 913 1253 978 Varro
1283 911 1429 976 adhibuit
1455 929 1485 974 er

342 1020 469 1103 Cynicis
506 1020 724 1096 differentiam,
763 1019 790 1083 si
828 1019 908 1084 nihil
940 1020 1076 1102 turpiter
1108 1021 1210 1103 adque
1246 1019 1520 1101 intemperantem

342 1132 426 1212 agat,
455 1127 582 1192 omuino
606 1145 667 1190 uon
691 1127 792 1190 curet.
822 1126 868 1190 Er
890 1126 1005 1190 tribus·
1018 1145 1093 1192 uero
1116 1125 1182 1190 illis
1207 1125 1294 1190 uitao
1314 1124 1484 1209 generibus.

342 1233 456 1311 otioso,
489 1237 620 1298 aetuoso
649 1235 683 1297 et
709 1251 745 1296 cr
773 1235 909 1315 utroquo
938 1233 1116 1314 conposito,
1146 1233 1291 1314 quamuis
1321 1231 1409 1296 salua
1432 1229 1484 1292 lida

341 1341 477 1423 quisque
508 1338 613 1422 possit
643 1339 674 1403 in
708 1337 853 1420 quolibet
884 1359 993 1404 corum
1026 1339 1127 1404 uitam
1155 1339 1270 1403 ducere
1294 1341 1327 1402 et
1350 1338 1388 1402 ad
1411 1355 1484 1402 sem·

340 1447 465 1530 piterua
491 1446 630 1529 praemia
655 1447 832 1528 peruenire,
863 1446 996 1511 interest
1023 1447 1128 1510 tamen
1154 1445 1230 1528 quid
1258 1465 1365 1510 amore
1387 1448 1484 1511 terem

343 1551 597 1635 ueritatis„quid
621 1551 725 1617 officio
750 1553 892 1617 caritatis
914 1552 1165 1635 inpendattNeo
1193 1551 1239 1617 sic
1264 1571 1335 1616 esse
1359 1551 1483 1634 quisque
1500 1575 1518 1612 o

343 1657 438 1722 debet
464 1657 598 1735 otiosus,
626 1657 721 1723 utin
751 1656 863 1722 codem
893 1658 958 1723 otio
987 1658 1162 1722 utilitatem
1191 1677 1251 1723 non
1276 1659 1396 1741 cogitet
1421 1679 1481 1742 pro-

341 1763 428 1840 ximi,
452 1783 510 1828 nee
533 1763 580 1828 sic
604 1767 767 1841 actuosus,
791 1768 830 1828 ut
854 1765 1154 1846 contemplationem
1178 1784 1240 1830 non
1263 1766 1402 1848 requirat
1423 1767 1483 1830 Dei.

342 1870 376 1933 ln
406 1869 470 1934 otio
498 1889 560 1934 nou
588 1869 672 1934 iners
700 1870 826 1934 uacatio
855 1870 1012 1936 delectare
1037 1871 1142 1950 debet,
1170 1871 1227 1936 sod
1250 1875 1307 1938 aut
1329 1872 1481 1954 inquisitio
1555 1905 1556 1938 l

342 1978 399 2040 aut
430 1976 570 2041 iuuentio
604 1977 762 2054 ueritatis
800 1981 837 2040 ut
868 1977 899 2041 in
933 1997 970 2042 ea
1002 1977 1137 2061 quisquo
1169 1978 1315 2062 proficiat
1347 1983 1378 2042 et
1407 1976 1481 2060 quod

342 2082 499 2148 inuenerit
521 2101 560 2148 ne
584 2083 674 2147 alteri
698 2083 850 2148 inuideat.
879 2085 914 2148 Iu
939 2084 1060 2149 actione
1083 2104 1158 2150 uero
1183 2103 1244 2148 non
1268 2085 1417 2149 amandus
1439 2087 1480 2146 est
1497 2108 1515 2146 a

341 2191 443 2254 honor
473 2189 504 2253 in
538 2190 597 2254 lieo
629 2190 698 2255 uita
730 2190 799 2254 siue
831 2190 983 2273 potentia,
1018 2191 1167 2274 quoniam
1196 2191 1302 2257 omnia
1329 2209 1405 2256 uana
1428 2189 1478 2253 sub

342 2297 421 2372 sole,
450 2296 507 2360 sed
534 2315 614 2379 opus
643 2296 760 2379 ipsum,
785 2297 870 2380 quod
892 2317 948 2380 per
971 2297 1106 2363 eundem
1133 2298 1284 2363 honorem
1309 2299 1362 2362 uel
1383 2301 1478 2380 poteo·

341 2402 421 2466 tiam
448 2402 495 2480 fit,
520 2403 547 2467 si
575 2406 659 2468 recte
684 2403 786 2486 adque
809 2404 934 2468 utiliter
955 2403 1002 2482 lit,
1029 2403 1063 2468 id
1087 2408 1146 2484 est,
1170 2407 1208 2469 ut
1230 2407 1339 2470 ualeat
1362 2403 1398 2468 ad
1419 2421 1477 2467 eam

343 2509 725 2595 salutem‘subditorum,
758 2529 839 2591 quaa
872 2510 1047 2575 secundum
1080 2511 1184 2575 Deum
1218 2514 1281 2586 est3
1316 2511 1395 2574 unde
1423 2510 1475 2572 iarn

343 2615 490 2695 superius
532 2614 780 2697 disputauimus
822 2615 955 2698 Propter
997 2616 1081 2697 quod
1118 2617 1164 2680 ait
1200 2617 1379 2698 apostolus:
1414 2612 1510 2692 Quin

344 2720 625 2804 episcopatum
651 2720 869 2798 desiderat,
898 2721 1041 2787 bonum
1066 2741 1165 2805 opus
1190 2723 1409 2788 desiderat.
1429 2721 1475 2784 Er·
1554 2781 1555 2818 ζ

341 2845 457 2910 ponere
488 2827 592 2892 uoluit
625 2827 701 2910 quid
734 2828 777 2892 sit
810 2829 1024 2912 episcopatus,
1056 2831 1129 2912 quia
1157 2849 1271 2895 nomen
1302 2834 1351 2896 est
1377 2827 1473 2910 operis,
1554 2819 1555 2878 l

343 2951 404 2997 non
436 2933 574 3000 honoris,
608 2932 765 2999 Graecum
799 2941 849 2998 est
882 2935 966 2999 enim
999 2934 1102 3016 adque
1134 2935 1207 3000 inde
1240 2935 1371 3000 ductum
1398 2949 1473 2996 uoca-

342 3037 465 3116 bulum,
495 3041 578 3120 quod
606 3041 660 3104 ille
684 3041 739 3122 qui
762 3041 945 3122 praeficitur
967 3041 1012 3106 eis
1043 3042 1159 3125 quibus
1182 3041 1364 3124 praeficitur
1385 3055 1472 3120 super·

342 3142 489 3225 intendit,
514 3163 621 3209 curam
645 3146 769 3210 scilicet
792 3165 902 3211 eorum
927 3166 1052 3230 geruum
1082 3147 1196 3218 σκοπὸς
1219 3148 1338 3232 quippe
1360 3143 1471 3211 intortio
1486 3162 1506 3202 a

344 3253 409 3324 est3
439 3269 512 3334 ergo
542 3249 718 3333 ἐπισκοπεῖν,
744 3250 770 3316 si
795 3253 944 3330 uelimus,
969 3253 1078 3318 Latine
1103 3253 1359 3334 superintendere
1381 3269 1470 3336 possu-

344 3373 416 3418 mus
449 3356 563 3435 dicare,
596 3361 634 3421 ut
665 3357 834 3441 intellegat
861 3377 920 3424 non
950 3379 983 3424 se
1009 3379 1080 3424 esse
1105 3359 1301 3443 episcopum,
1330 3360 1383 3442 qui
1404 3373 1469 3440 prae·

436 3531 469 3584 19
488 3547 509 3585 c.
530 3531 547 3583 6
601 3531 636 3585 20
657 3532 679 3585 1.
699 3529 768 3587 Tim.
786 3532 812 3596 3,
834 3534 847 3585 l

379 3654 553 3760 8colibetup
624 3655 742 3726 duceres,
761 3660 774 3708 t
792 3673 910 3726 cros.,p
972 3659 1005 3714 10
1025 3658 1138 3728 quicque
1158 3657 1240 3712 debet
1258 3673 1351 3712 essee
1409 3655 1471 3710 rou
1553 3665 1554 3672 ¹

344 3786 433 3839 accep
486 3771 570 3832 natio
582 3787 614 3840 95
632 3772 741 3826 necatio
760 3771 785 3826 e¹
825 3775 856 3825 15
876 3789 909 3825 ne
929 3773 1008 3826 elteri
1029 3791 1046 3826 a
1057 3775 1072 3827 t
1081 3791 1151 3844 ppo
1168 3773 1282 3841 Ποτνιὰς
1300 3789 1349 3828 nco
1367 3771 1435 3826 alteri
1444 3785 1470 3836 p:

342 3861 438 3912 teneat
457 3862 486 3913 et
504 3860 584 3912 alteri
602 3877 656 3913 non
671 3877 699 3926 c,·
719 3863 814 3914 teneat
832 3860 983 3915 inuidcute
1020 3863 1133 3931 reposo
1150 3879 1248 3916 nomeu
1268 3867 1312 3916 est
1328 3857 1470 3929 ornrffinulic

342 3947 436 4016 clocca
453 3948 495 4001 De
514 3947 635 4017 episcopi
653 3949 771 4002 nomine.
791 3949 857 4018 quid
876 3952 914 4002 sit
933 3956 1023 4004 certat
1042 3951 1108 4020 inp
1179 3951 1215 4004 24
1234 3951 1273 4004 eis
1292 3951 1364 4020 quib.
1380 3946 1467 4019 praede

345 4049 396 4088 om.
417 4051 431 4088 e
520 4036 555 4088 25
575 4051 666 4090 eorum
686 4036 826 4090 sciliceta
898 4045 963 4106 poet
982 4055 1078 4108 gerens
1096 4039 1196 4092 irruitis
1215 4039 1279 4092 lito.
1298 4055 1357 4094 enee.
1373 4055 1388 4092 c
1403 4033 1467 4088 tollet

345 4119 386 4173 ἐπὶ
404 4122 504 4192 quippo
523 4140 612 4193 super.
695 4125 790 4186 σκοπὸς
811 4127 942 4195 (scopos)]
961 4126 1009 4196 epi
1024 4127 1040 4180 t
1114 4127 1225 4198 quippo]
1246 4127 1326 4198 quide
1344 4127 1372 4193 b;
1388 4135 1465 4178 nerot

345 4209 379 4262 26
398 4209 536 4280 episcopia
555 4228 636 4280 πω
655 4218 715 4282 epm
735 4217 780 4277 (r-
800 4213 967 4284 episccpum)
984 4233 1005 4284 p
1064 4215 1364 4286 superintendentemp
1401 4213 1427 4266 r?
1443 4223 1463 4260 st

345 4313 431 4366 mu
503 4315 645 4367 mmm
