3192 4959
312 421 377 485 448
658 421 684 475 S.
713 422 869 478 Aurelii
899 425 1116 494 Augustini

313 614 494 696 ereptisque
527 616 613 680 uasis
643 616 712 680 eius
739 618 833 700 longe
861 619 989 700 lateque
1016 619 1047 682 in
1077 620 1225 684 omnibus
1255 621 1404 702 gentibus
1427 640 1458 684 er

313 718 412 784 firmis
437 726 470 784 et
490 721 623 786 infirmis
647 723 693 787 ita
711 725 980 807 multiplicaretur
999 726 1144 804 ecclesia,
1163 730 1200 790 ut
1219 745 1253 790 er
1273 727 1344 809 ipsa
1362 747 1457 792 rernm

314 825 468 891 diuinitus
495 829 727 910 praedictarum
756 834 789 895 et
816 831 1007 914 inpleturum
1032 832 1256 898 robustissima
1283 833 1346 898 fide
1371 833 1457 898 etiarn

312 935 418 998 soluto
442 955 521 1000 nasa
544 941 653 1018 posset
672 939 805 1002 auferre.
826 939 917 1004 Sicut
936 938 1019 1004 eninr
1038 939 1201 1004 fatendum
1221 943 1270 1004 est
1288 940 1456 1004 multorum

311 1041 516 1124 refrigescere
550 1043 724 1122 caritatem,
758 1063 832 1108 eum
866 1045 1005 1109 abundat
1036 1045 1200 1126 iniquitas,
1238 1049 1271 1110 et
1301 1046 1455 1110 inusitatis
1482 1071 1493 1110 s

312 1147 520 1229 maximisque
543 1150 819 1230 persecutionibus
851 1151 953 1233 adque
977 1151 1112 1216 fallaciis
1138 1151 1254 1217 diaboli
1279 1152 1342 1216 iam
1366 1153 1455 1216 soluti

310 1271 377 1331 eos,
401 1255 455 1334 qui
478 1255 510 1318 in
533 1255 613 1321 libro
637 1257 724 1321 uitae
748 1259 859 1340 scripti
878 1277 938 1322 non
959 1262 1043 1332 sunt,
1068 1259 1187 1324 multos
1208 1277 1278 1322 esse
1298 1277 1453 1324 cessuros:

311 1359 358 1424 ito
381 1361 586 1444 cogitandum
610 1367 660 1426 est
682 1383 742 1428 non
764 1367 869 1428 solum
889 1385 968 1446 quos
988 1366 1087 1429 bonos
1106 1365 1216 1430 fideles
1235 1365 1317 1429 illud
1336 1369 1454 1447 tempus

309 1465 460 1564 inueniet,
481 1470 536 1534 sed
560 1470 728 1535 nonnullos
748 1471 855 1548 etiam,
876 1472 930 1553 qni
949 1471 1025 1536 ioris
1047 1472 1150 1536 adhue
1170 1475 1272 1546 erunt,
1293 1471 1453 1535 adiuuante

311 1572 370 1636 Dei
394 1575 496 1656 gratia
518 1595 575 1657 per
596 1576 879 1642 considerationem
901 1577 1138 1658 scripturarum.
1163 1578 1194 1641 in
1215 1577 1331 1659 quibus
1351 1581 1382 1642 et
1399 1579 1451 1642 alia
1469 1603 1487 1636 o

311 1682 344 1743 et
366 1679 438 1744 finis
461 1681 530 1762 ipse
554 1684 795 1764 praenuntiatus
820 1689 879 1758 est,
910 1704 1002 1765 quem
1028 1684 1136 1748 uenire
1159 1685 1221 1748 iarn
1247 1685 1395 1760 sentiunt,
1417 1685 1450 1748 ad

311 1786 501 1851 credendum
534 1788 618 1870 quod
646 1807 708 1853 non
736 1790 906 1854 credebant
932 1789 1057 1855 tuturos
1087 1809 1157 1854 esse
1185 1789 1338 1854 firmiores
1366 1791 1449 1855 etad

309 1891 501 1958 uincendum
533 1896 629 1959 etiam
662 1916 723 1961 non
754 1896 892 1980 ligatum
924 1897 1083 1961 diabolum
1117 1897 1274 1960 fortiores
1309 1894 1396 1974 Quod
1424 1896 1448 1960 si
1557 1901 1558 1980 g

309 1999 355 2062 ita
383 1999 452 2064 erit.
479 2006 646 2083 propterea
673 2004 885 2086 praecessisse
914 2002 1047 2068 dicenda
1070 2007 1119 2068 eet
1143 2004 1212 2068 eius
1237 2002 1395 2086 alligatio,
1417 2011 1448 2066 ut
1557 2033 1558 2078 1

309 2109 343 2170 et
369 2105 461 2190 ligati
491 2112 523 2173 et
551 2108 649 2172 soluti
673 2110 859 2192 exspoliatio
885 2115 1085 2191 sequacium
1112 2110 1258 2191 quoniam
1283 2110 1321 2174 de
1344 2109 1399 2172 hac
1419 2128 1446 2172 re
1463 2126 1482 2166 o
1557 2089 1558 2116 ³

332 2216 367 2276 tu
399 2232 431 2276 m
460 2217 525 2278 est:
556 2215 655 2294 Quis
684 2215 861 2280 intrabit
888 2217 926 2279 in
955 2215 1111 2280 domum
1135 2217 1270 2292 sortis,
1295 2219 1339 2280 ut
1360 2234 1445 2279 uasa

307 2318 399 2383 eius
424 2320 587 2403 eripiat.
612 2323 692 2386 nisi
715 2322 830 2405 prius
856 2322 1110 2406 adligauerit
1133 2323 1301 2386 fortem?

750 2514 887 2580 CAPUT
912 2515 1014 2579 VIlIl.

307 2654 421 2734 Quod
446 2655 503 2721 sit
525 2675 690 2739 regnum
710 2659 943 2720 sanctornm
965 2675 1050 2720 curn
1073 2655 1235 2722 Christo
1255 2675 1325 2740 per
1343 2654 1443 2719 mille

366 2783 503 2840 annos,
529 2764 627 2826 etin
653 2781 728 2846 quo
753 2763 1015 2827 discernatur
1039 2782 1055 2826 a
1080 2782 1201 2847 regno
1226 2767 1398 2828 aeterno.
1458 2791 1477 2828 a

351 2905 477 2969 Interea
500 2904 575 2968 dum
598 2905 685 2968 mille
710 2905 797 2968 anuis
817 2905 937 2988 ligatus
962 2907 1011 2968 est
1030 2903 1186 2971 diabolus.
1206 2904 1309 2968 sancti
1327 2903 1444 2986 regnant

305 3032 379 3076 curn
414 3011 540 3076 Christo
574 3012 668 3075 etiarn
702 3011 781 3093 ipsis
815 3010 902 3074 mille
931 3011 1030 3086 annis,
1060 3009 1178 3074 eisdem
1208 3011 1276 3074 sine
1306 3009 1396 3073 dnbio
1417 3014 1442 3070 et

307 3118 418 3184 eodem
451 3118 544 3183 modo
577 3117 810 3202 intellegentis,
843 3116 875 3180 id
908 3121 957 3180 est
988 3115 1050 3181 isto
1078 3115 1141 3179 iarn
1170 3121 1313 3199 ternpore
1344 3113 1442 3198 prioris
1558 3127 1559 3200 ᾗ

305 3225 376 3289 eius
409 3226 575 3289 aduentus.
611 3225 748 3308 Excepto
787 3224 903 3307 quippe
935 3223 990 3287 illo
1023 3241 1130 3306 regno,
1165 3222 1203 3286 de
1237 3243 1300 3304 quo
1332 3224 1362 3286 in
1392 3219 1441 3282 fine
1558 3207 1559 3218 ’

306 3333 450 3398 dicturus
471 3336 536 3397 est:
561 3332 716 3403 Venite,
741 3331 950 3396 benedicti
974 3329 1106 3412 patris
1131 3329 1218 3404 mei,
1243 3327 1473 3412 possidetee

305 3444 491 3522 paratum
528 3439 647 3504 uobis
680 3458 856 3522 regnum,
895 3439 957 3502 nisi
991 3435 1052 3501 alio
1086 3436 1191 3518 aliquo
1225 3435 1331 3512 mode,
1360 3436 1440 3516 longe

304 3546 433 3629 quidem
470 3546 581 3628 inpari,
618 3545 680 3610 iam
719 3565 800 3610 nunc
838 3548 1004 3629 regnarent
1036 3562 1109 3607 oum
1141 3542 1197 3606 illo
1237 3542 1337 3606 suncti
1371 3540 1439 3602 eius.

305 3653 423 3736 quibus
456 3653 516 3720 ait:
550 3655 652 3717 Ecce
687 3673 757 3737 ego
791 3652 1004 3718 uobiscum
1038 3669 1122 3714 sum
1152 3667 1280 3730 usqne
1309 3648 1343 3711 in
1368 3662 1438 3709 oon·

396 3917 412 3968 5
430 3914 479 3967 Mt.
499 3915 542 3974 24.
564 3914 596 3967 12
651 3915 685 3967 25
706 3913 741 3965 ib.
760 3914 804 3973 25,
824 3913 859 3966 34
914 3911 947 3964 28
967 3909 1003 3964 ib.
1024 3911 1067 3972 28,
1088 3910 1122 3965 20

342 4038 642 4110 luassisp;uisise¹
702 4038 827 4106 erleio
871 4036 1084 4107 4possetepp
1132 4033 1162 4086 ll
1184 4031 1299 4102 quanio
1351 4027 1433 4094 iarnsp'„

303 4145 358 4182 non
377 4146 456 4195 eras,
473 4145 491 4198 p
548 4129 579 4180 12
600 4143 658 4180 esse
677 4127 789 4231 ‘maio
821 4127 854 4180 16
874 4125 958 4178 uaslr
1017 4124 1051 4178 22
1071 4122 1138 4193 ipsis
1157 4121 1236 4176 codd.
1253 4123 1432 4190 praetorum

304 4245 358 4313 ipsi
378 4263 392 4313 ρ
409 4244 509 4299 Domo.
568 4244 603 4296 23
622 4243 688 4310 isto]
709 4258 834 4308 rotulae
892 4243 925 4294 27
945 4241 1032 4310 impar
1050 4239 1154 4308 iiamp
1214 4237 1249 4290 28
1268 4249 1355 4304 usque,
1371 4227 1430 4282 nol

301 4334 488 4401 ereperscripto
507 4330 550 4395 ad,
569 4349 582 4384 r
