<?xml version="1.0" encoding="UTF-8"?>
<!DOCTYPE html PUBLIC "-//W3C//DTD XHTML 1.0 Transitional//EN"
    "http://www.w3.org/TR/xhtml1/DTD/xhtml1-transitional.dtd">
<html xmlns="http://www.w3.org/1999/xhtml" xml:lang="en" lang="en">
 <head>
  <title>
</title>
<meta http-equiv="Content-Type" content="text/html;charset=utf-8" />
  <meta name='ocr-system' content='tesseract 3.04.00' />
  <meta name='ocr-capabilities' content='ocr_page ocr_carea ocr_par ocr_line ocrx_word'/>
</head>
<body>
  <div class='ocr_page' id='page_1' title='image "./corpusscriptoru07wiengoog/corpusscriptoru07wiengoog_0444.png"; bbox 0 0 3192 4959; ppageno 0'>
   <div class='ocr_carea' id='block_1_1' title="bbox 220 349 1075 439">
    <p class='ocr_par' dir='ltr' id='par_1_1' title="bbox 220 349 1075 439">
     <span class='ocr_line' id='line_1_1' title="bbox 220 349 1075 439; baseline -0.015 -3"><span class='ocrx_word' id='word_1_1' title='bbox 220 349 224 356; x_wconf 22' lang='grc' dir='ltr'>ι</span> <span class='ocrx_word' id='word_1_2' title='bbox 276 372 341 436; x_wconf 81' lang='grc'><strong>424</strong></span> <span class='ocrx_word' id='word_1_3' title='bbox 617 371 644 424; x_wconf 79' lang='lat' dir='ltr'><strong>S.</strong></span> <span class='ocrx_word' id='word_1_4' title='bbox 672 369 829 424; x_wconf 75' lang='lat' dir='ltr'><strong>Aurelii</strong></span> <span class='ocrx_word' id='word_1_5' title='bbox 856 369 1075 439; x_wconf 80' lang='lat' dir='ltr'><strong>Augustini</strong></span> 
     </span>
    </p>
   </div>
   <div class='ocr_carea' id='block_1_2' title="bbox 275 566 1467 1397">
    <p class='ocr_par' dir='ltr' id='par_1_2' title="bbox 275 566 1467 1397">
     <span class='ocr_line' id='line_1_2' title="bbox 275 566 1427 651; baseline 0.001 -20"><span class='ocrx_word' id='word_1_6' title='bbox 275 567 337 632; x_wconf 88' lang='lat' dir='ltr'><strong>Hie</strong></span> <span class='ocrx_word' id='word_1_7' title='bbox 370 567 453 632; x_wconf 92' lang='lat' dir='ltr'><strong>enim</strong></span> <span class='ocrx_word' id='word_1_8' title='bbox 486 566 611 648; x_wconf 88' lang='lat' dir='ltr'><strong>quando</strong></span> <span class='ocrx_word' id='word_1_9' title='bbox 638 568 797 651; x_wconf 87' lang='lat' dir='ltr'><strong>contingit</strong></span> <span class='ocrx_word' id='word_1_10' title='bbox 822 569 886 634; x_wconf 88' lang='lat' dir='ltr'><strong>iste</strong></span> <span class='ocrx_word' id='word_1_11' title='bbox 914 569 1092 648; x_wconf 78' lang='lat' dir='ltr'><strong>conflictus,</strong></span> <span class='ocrx_word' id='word_1_12' title='bbox 1122 569 1297 636; x_wconf 82' lang='lat' dir='ltr'><strong>subdolos</strong></span> <span class='ocrx_word' id='word_1_13' title='bbox 1327 569 1427 634; x_wconf 84' lang='lat' dir='ltr'><strong>uincit</strong></span> 
     </span>
     <span class='ocr_line' id='line_1_3' title="bbox 277 673 1427 751; baseline 0.003 -14"><span class='ocrx_word' id='word_1_14' title='bbox 277 677 310 738; x_wconf 87' lang='lat' dir='ltr'><strong>et</strong></span> <span class='ocrx_word' id='word_1_15' title='bbox 332 691 462 738; x_wconf 85' lang='lat' dir='ltr'><strong>sensnm</strong></span> <span class='ocrx_word' id='word_1_16' title='bbox 490 692 575 739; x_wconf 86' lang='lat' dir='ltr'><strong>mors</strong></span> <span class='ocrx_word' id='word_1_17' title='bbox 599 673 722 751; x_wconf 82' lang='lat' dir='ltr'>adimit,</span> <span class='ocrx_word' id='word_1_18' title='bbox 745 678 803 739; x_wconf 86' lang='lat' dir='ltr'><strong>aut</strong></span> <span class='ocrx_word' id='word_1_19' title='bbox 829 679 942 741; x_wconf 87' lang='lat' dir='ltr'><strong>natura</strong></span> <span class='ocrx_word' id='word_1_20' title='bbox 963 676 1066 742; x_wconf 88' lang='lat' dir='ltr'><strong>uincit</strong></span> <span class='ocrx_word' id='word_1_21' title='bbox 1089 679 1121 742; x_wconf 90' lang='lat' dir='ltr'><strong>et</strong></span> <span class='ocrx_word' id='word_1_22' title='bbox 1144 676 1284 742; x_wconf 90' lang='lat' dir='ltr'><strong>dolorem</strong></span> <span class='ocrx_word' id='word_1_23' title='bbox 1309 677 1427 741; x_wconf 76' lang='lat' dir='ltr'><strong>sanitas</strong></span> 
     </span>
     <span class='ocr_line' id='line_1_4' title="bbox 275 779 1429 868; baseline 0.003 -24"><span class='ocrx_word' id='word_1_24' title='bbox 275 779 373 845; x_wconf 84' lang='lat' dir='ltr'><strong>tollit</strong></span> <span class='ocrx_word' id='word_1_25' title='bbox 404 780 454 843; x_wconf 92' lang='lat' dir='ltr'><strong>lbi</strong></span> <span class='ocrx_word' id='word_1_26' title='bbox 485 783 593 845; x_wconf 90' lang='lat' dir='ltr'><strong>autem</strong></span> <span class='ocrx_word' id='word_1_27' title='bbox 629 784 663 846; x_wconf 91' lang='lat' dir='ltr'><strong>et</strong></span> <span class='ocrx_word' id='word_1_28' title='bbox 694 780 784 847; x_wconf 90' lang='lat' dir='ltr'><strong>dolor</strong></span> <span class='ocrx_word' id='word_1_29' title='bbox 818 786 980 864; x_wconf 88' lang='lat' dir='ltr'><strong>permanet</strong></span> <span class='ocrx_word' id='word_1_30' title='bbox 1012 787 1049 848; x_wconf 92' lang='lat' dir='ltr'><strong>ut</strong></span> <span class='ocrx_word' id='word_1_31' title='bbox 1080 783 1220 868; x_wconf 79' lang='lat' dir='ltr'><strong>adligat.</strong></span> <span class='ocrx_word' id='word_1_32' title='bbox 1253 786 1286 849; x_wconf 87' lang='lat' dir='ltr'><strong>et</strong></span> <span class='ocrx_word' id='word_1_33' title='bbox 1318 787 1429 848; x_wconf 88' lang='lat' dir='ltr'><strong>natura</strong></span> 
     </span>
     <span class='ocr_line' id='line_1_5' title="bbox 277 887 1429 974; baseline 0.003 -23"><span class='ocrx_word' id='word_1_34' title='bbox 277 887 429 971; x_wconf 80' lang='lat' dir='ltr'>perdurat</span> <span class='ocrx_word' id='word_1_35' title='bbox 451 890 490 951; x_wconf 92' lang='lat' dir='ltr'><strong>ut</strong></span> <span class='ocrx_word' id='word_1_36' title='bbox 512 888 646 966; x_wconf 77' lang='lat' dir='ltr'><strong>sentiat3</strong></span> <span class='ocrx_word' id='word_1_37' title='bbox 671 889 746 970; x_wconf 91' lang='lat' dir='ltr'><strong>quia</strong></span> <span class='ocrx_word' id='word_1_38' title='bbox 768 891 941 971; x_wconf 87' lang='lat' dir='ltr'><strong>utrumque</strong></span> <span class='ocrx_word' id='word_1_39' title='bbox 960 890 1031 954; x_wconf 88' lang='lat' dir='ltr'><strong>ideo</strong></span> <span class='ocrx_word' id='word_1_40' title='bbox 1050 909 1111 955; x_wconf 92' lang='lat' dir='ltr'><strong>non</strong></span> <span class='ocrx_word' id='word_1_41' title='bbox 1132 890 1247 965; x_wconf 87' lang='lat' dir='ltr'><strong>deficit,</strong></span> <span class='ocrx_word' id='word_1_42' title='bbox 1271 910 1310 954; x_wconf 88' lang='lat' dir='ltr'><strong>ne</strong></span> <span class='ocrx_word' id='word_1_43' title='bbox 1329 909 1429 974; x_wconf 85' lang='lat' dir='ltr'><strong>poena</strong></span> 
     </span>
     <span class='ocr_line' id='line_1_6' title="bbox 279 992 1467 1081; baseline 0.005 -24"><span class='ocrx_word' id='word_1_44' title='bbox 279 992 415 1058; x_wconf 85' lang='lat' dir='ltr'><strong>deficiat.</strong></span> <span class='ocrx_word' id='word_1_45' title='bbox 438 993 489 1058; x_wconf 82' lang='lat' dir='ltr'><strong>Ad</strong></span> <span class='ocrx_word' id='word_1_46' title='bbox 511 994 571 1059; x_wconf 88' lang='lat' dir='ltr'><strong>bos</strong></span> <span class='ocrx_word' id='word_1_47' title='bbox 594 996 702 1059; x_wconf 87' lang='lat' dir='ltr'><strong>autem</strong></span> <span class='ocrx_word' id='word_1_48' title='bbox 725 995 804 1060; x_wconf 84' lang='lat' dir='ltr'><strong>fines</strong></span> <span class='ocrx_word' id='word_1_49' title='bbox 828 995 980 1061; x_wconf 91' lang='lat' dir='ltr'><strong>bonomm</strong></span> <span class='ocrx_word' id='word_1_50' title='bbox 1006 999 1038 1061; x_wconf 87' lang='lat' dir='ltr'><strong>et</strong></span> <span class='ocrx_word' id='word_1_51' title='bbox 1055 998 1223 1076; x_wconf 81' lang='lat' dir='ltr'><strong>malomm</strong></span> <span class='ocrx_word' id='word_1_52' title='bbox 1246 999 1320 1065; x_wconf 89' lang='lat' dir='ltr'><strong>illos</strong></span> <span class='ocrx_word' id='word_1_53' title='bbox 1340 1017 1429 1081; x_wconf 74' lang='lat' dir='ltr'><strong>expe·</strong></span> <span class='ocrx_word' id='word_1_54' title='bbox 1455 1015 1467 1056; x_wconf 81' lang='lat'>⁵</span> 
     </span>
     <span class='ocr_line' id='line_1_7' title="bbox 277 1099 1429 1185; baseline 0.003 -21"><span class='ocrx_word' id='word_1_55' title='bbox 277 1099 402 1178; x_wconf 76' lang='lat' dir='ltr'><strong>tendor,</strong></span> <span class='ocrx_word' id='word_1_56' title='bbox 430 1100 510 1165; x_wconf 85' lang='lat' dir='ltr'><strong>istos</strong></span> <span class='ocrx_word' id='word_1_57' title='bbox 538 1101 707 1179; x_wconf 87' lang='lat' dir='ltr'><strong>canendos,</strong></span> <span class='ocrx_word' id='word_1_58' title='bbox 736 1103 886 1184; x_wconf 90' lang='lat' dir='ltr'><strong>quoniam</strong></span> <span class='ocrx_word' id='word_1_59' title='bbox 913 1122 970 1185; x_wconf 85' lang='lat' dir='ltr'><strong>per·</strong></span> <span class='ocrx_word' id='word_1_60' title='bbox 997 1103 1152 1169; x_wconf 89' lang='lat' dir='ltr'><strong>iudicium</strong></span> <span class='ocrx_word' id='word_1_61' title='bbox 1180 1106 1360 1172; x_wconf 87' lang='lat' dir='ltr'><strong>transibunt</strong></span> <span class='ocrx_word' id='word_1_62' title='bbox 1389 1104 1429 1170; x_wconf 86' lang='lat' dir='ltr'><strong>ad</strong></span> 
     </span>
     <span class='ocr_line' id='line_1_8' title="bbox 277 1205 1430 1292; baseline 0.007 -22"><span class='ocrx_word' id='word_1_63' title='bbox 277 1205 351 1270; x_wconf 91' lang='lat' dir='ltr'><strong>illos</strong></span> <span class='ocrx_word' id='word_1_64' title='bbox 370 1206 456 1287; x_wconf 83' lang='lat' dir='ltr'><strong>boni,</strong></span> <span class='ocrx_word' id='word_1_65' title='bbox 479 1207 518 1272; x_wconf 87' lang='lat' dir='ltr'><strong>ad</strong></span> <span class='ocrx_word' id='word_1_66' title='bbox 542 1207 622 1273; x_wconf 90' lang='lat' dir='ltr'><strong>istos</strong></span> <span class='ocrx_word' id='word_1_67' title='bbox 646 1208 740 1272; x_wconf 88' lang='lat' dir='ltr'><strong>mali:</strong></span> <span class='ocrx_word' id='word_1_68' title='bbox 764 1207 803 1272; x_wconf 89' lang='lat' dir='ltr'><strong>de</strong></span> <span class='ocrx_word' id='word_1_69' title='bbox 822 1208 883 1273; x_wconf 91' lang='lat' dir='ltr'><strong>hoo</strong></span> <span class='ocrx_word' id='word_1_70' title='bbox 900 1209 1030 1287; x_wconf 83' lang='lat' dir='ltr'><strong>iudicio,</strong></span> <span class='ocrx_word' id='word_1_71' title='bbox 1055 1216 1210 1292; x_wconf 85' lang='lat' dir='ltr'><strong>quantum</strong></span> <span class='ocrx_word' id='word_1_72' title='bbox 1229 1212 1317 1278; x_wconf 86' lang='lat' dir='ltr'><strong>Deus</strong></span> <span class='ocrx_word' id='word_1_73' title='bbox 1336 1211 1430 1278; x_wconf 87' lang='lat' dir='ltr'><strong>dona·</strong></span> 
     </span>
     <span class='ocr_line' id='line_1_9' title="bbox 278 1313 1053 1397; baseline 0.004 -20"><span class='ocrx_word' id='word_1_74' title='bbox 278 1313 371 1392; x_wconf 80' lang='lat' dir='ltr'><strong>nent,</strong></span> <span class='ocrx_word' id='word_1_75' title='bbox 396 1313 429 1378; x_wconf 94' lang='lat' dir='ltr'><strong>in</strong></span> <span class='ocrx_word' id='word_1_76' title='bbox 453 1313 659 1395; x_wconf 85' lang='lat' dir='ltr'><strong>consequenti</strong></span> <span class='ocrx_word' id='word_1_77' title='bbox 682 1314 846 1380; x_wconf 86' lang='lat' dir='ltr'><strong>uolumine</strong></span> <span class='ocrx_word' id='word_1_78' title='bbox 870 1315 1053 1397; x_wconf 75' lang='lat' dir='ltr'><strong>disputabo.</strong></span> 
     </span>
    </p>
   </div>
   <div class='ocr_carea' id='block_1_3' title="bbox 751 1509 960 1518">
    <p class='ocr_par' dir='ltr' id='par_1_3' title="bbox 751 1509 960 1518">
     <span class='ocr_line' id='line_1_10' title="bbox 751 1509 960 1518; baseline 0.005 -1"><span class='ocrx_word' id='word_1_79' title='bbox 751 1509 960 1518; x_wconf 75' lang='lat'><strong>—-———-—..-</strong></span> 
     </span>
    </p>
   </div>
   <div class='ocr_carea' id='block_1_4' title="bbox 728 1684 981 1752">
    <p class='ocr_par' dir='ltr' id='par_1_4' title="bbox 728 1684 981 1752">
     <span class='ocr_line' id='line_1_11' title="bbox 728 1684 981 1752; baseline 0.012 -4"><span class='ocrx_word' id='word_1_80' title='bbox 728 1684 891 1749; x_wconf 80' lang='lat' dir='ltr'>LIBER</span> <span class='ocrx_word' id='word_1_81' title='bbox 913 1685 981 1752; x_wconf 90' lang='lat' dir='ltr'><strong>XX.</strong></span> 
     </span>
    </p>
   </div>
   <div class='ocr_carea' id='block_1_5' title="bbox 803 1829 910 1838">
    <p class='ocr_par' dir='ltr' id='par_1_5' title="bbox 803 1829 910 1838">
     <span class='ocr_line' id='line_1_12' title="bbox 803 1829 910 1838; baseline -0.019 0"><span class='ocrx_word' id='word_1_82' title='bbox 803 1829 910 1838; x_wconf 74' lang='grc' dir='ltr'>ιιι-..-</span> 
     </span>
    </p>
   </div>
   <div class='ocr_carea' id='block_1_6' title="bbox 763 1949 949 2016">
    <p class='ocr_par' dir='ltr' id='par_1_6' title="bbox 763 1949 949 2016">
     <span class='ocr_line' id='line_1_13' title="bbox 763 1949 949 2016; baseline 0 -2"><span class='ocrx_word' id='word_1_83' title='bbox 763 1949 901 2016; x_wconf 80' lang='lat' dir='ltr'><strong>CAPUT</strong></span> <span class='ocrx_word' id='word_1_84' title='bbox 923 1951 949 2014; x_wconf 90' lang='lat' dir='ltr'><strong>I.</strong></span> 
     </span>
    </p>
   </div>
   <div class='ocr_carea' id='block_1_7' title="bbox 282 2087 1470 2388">
    <p class='ocr_par' dir='ltr' id='par_1_7' title="bbox 282 2087 1470 2388">
     <span class='ocr_line' id='line_1_14' title="bbox 284 2087 1431 2173; baseline 0.002 -21"><span class='ocrx_word' id='word_1_85' title='bbox 284 2087 405 2167; x_wconf 80' lang='lat' dir='ltr'><strong>Quod,</strong></span> <span class='ocrx_word' id='word_1_86' title='bbox 430 2089 617 2173; x_wconf 89' lang='lat' dir='ltr'><strong>quamuis</strong></span> <span class='ocrx_word' id='word_1_87' title='bbox 641 2089 746 2155; x_wconf 90' lang='lat' dir='ltr'><strong>omni</strong></span> <span class='ocrx_word' id='word_1_88' title='bbox 770 2094 954 2172; x_wconf 84' lang='lat' dir='ltr'><strong>tempora</strong></span> <span class='ocrx_word' id='word_1_89' title='bbox 979 2091 1085 2156; x_wconf 89' lang='lat' dir='ltr'><strong>Deus</strong></span> <span class='ocrx_word' id='word_1_90' title='bbox 1105 2091 1275 2170; x_wconf 88' lang='lat' dir='ltr'><strong>indicet,</strong></span> <span class='ocrx_word' id='word_1_91' title='bbox 1298 2091 1335 2155; x_wconf 93' lang='lat' dir='ltr'><strong>in</strong></span> <span class='ocrx_word' id='word_1_92' title='bbox 1360 2092 1431 2155; x_wconf 88' lang='lat' dir='ltr'><strong>hoe</strong></span> 
     </span>
     <span class='ocr_line' id='line_1_15' title="bbox 282 2196 1431 2281; baseline 0.003 -22"><span class='ocrx_word' id='word_1_93' title='bbox 282 2198 414 2260; x_wconf 88' lang='lat' dir='ltr'><strong>tamen</strong></span> <span class='ocrx_word' id='word_1_94' title='bbox 438 2196 545 2260; x_wconf 92' lang='lat' dir='ltr'><strong>libro</strong></span> <span class='ocrx_word' id='word_1_95' title='bbox 569 2196 614 2260; x_wconf 92' lang='lat' dir='ltr'><strong>de</strong></span> <span class='ocrx_word' id='word_1_96' title='bbox 638 2196 867 2263; x_wconf 88' lang='lat' dir='ltr'><strong>nouissimo</strong></span> <span class='ocrx_word' id='word_1_97' title='bbox 892 2197 981 2262; x_wconf 86' lang='lat' dir='ltr'><strong>eius</strong></span> <span class='ocrx_word' id='word_1_98' title='bbox 1004 2198 1162 2262; x_wconf 89' lang='lat' dir='ltr'><strong>iudicio</strong></span> <span class='ocrx_word' id='word_1_99' title='bbox 1188 2198 1245 2262; x_wconf 89' lang='lat' dir='ltr'><strong>sit</strong></span> <span class='ocrx_word' id='word_1_100' title='bbox 1268 2197 1431 2281; x_wconf 85' lang='lat' dir='ltr'><strong>proprie</strong></span> 
     </span>
     <span class='ocr_line' id='line_1_16' title="bbox 708 2302 1470 2388; baseline 0.003 -21"><span class='ocrx_word' id='word_1_101' title='bbox 708 2302 1011 2388; x_wconf 89' lang='lat' dir='ltr'><strong>disputandum.</strong></span> <span class='ocrx_word' id='word_1_102' title='bbox 1449 2347 1470 2386; x_wconf 82' lang='lat' dir='ltr'><strong>n</strong></span> 
     </span>
    </p>
   </div>
   <div class='ocr_carea' id='block_1_8' title="bbox 282 2443 1472 3702">
    <p class='ocr_par' dir='ltr' id='par_1_8' title="bbox 282 2443 1472 3702">
     <span class='ocr_line' id='line_1_17' title="bbox 327 2443 1435 2531; baseline 0.001 -23"><span class='ocrx_word' id='word_1_103' title='bbox 327 2445 375 2509; x_wconf 91' lang='lat' dir='ltr'><strong>De</strong></span> <span class='ocrx_word' id='word_1_104' title='bbox 414 2445 464 2509; x_wconf 91' lang='lat' dir='ltr'><strong>die</strong></span> <span class='ocrx_word' id='word_1_105' title='bbox 501 2445 608 2510; x_wconf 88' lang='lat' dir='ltr'><strong>ultimi</strong></span> <span class='ocrx_word' id='word_1_106' title='bbox 643 2445 755 2510; x_wconf 88' lang='lat' dir='ltr'><strong>iudicii</strong></span> <span class='ocrx_word' id='word_1_107' title='bbox 787 2445 848 2510; x_wconf 88' lang='lat' dir='ltr'><strong>Dei</strong></span> <span class='ocrx_word' id='word_1_108' title='bbox 881 2445 966 2528; x_wconf 89' lang='lat' dir='ltr'><strong>quod</strong></span> <span class='ocrx_word' id='word_1_109' title='bbox 998 2445 1067 2531; x_wconf 88' lang='lat' dir='ltr'><strong>ipse</strong></span> <span class='ocrx_word' id='word_1_110' title='bbox 1100 2445 1265 2511; x_wconf 86' lang='lat' dir='ltr'><strong>donauerit</strong></span> <span class='ocrx_word' id='word_1_111' title='bbox 1296 2443 1435 2510; x_wconf 85' lang='lat' dir='ltr'><strong>locuturi</strong></span> 
     </span>
     <span class='ocr_line' id='line_1_18' title="bbox 283 2551 1433 2635; baseline 0 -20"><span class='ocrx_word' id='word_1_112' title='bbox 283 2571 419 2635; x_wconf 87' lang='lat' dir='ltr'><strong>eumque</strong></span> <span class='ocrx_word' id='word_1_113' title='bbox 447 2552 604 2616; x_wconf 87' lang='lat' dir='ltr'><strong>adserturi</strong></span> <span class='ocrx_word' id='word_1_114' title='bbox 633 2553 787 2618; x_wconf 87' lang='lat' dir='ltr'><strong>aduersus</strong></span> <span class='ocrx_word' id='word_1_115' title='bbox 811 2553 917 2635; x_wconf 82' lang='lat' dir='ltr'><strong>inpios</strong></span> <span class='ocrx_word' id='word_1_116' title='bbox 945 2555 977 2616; x_wconf 90' lang='lat' dir='ltr'><strong>et</strong></span> <span class='ocrx_word' id='word_1_117' title='bbox 1003 2551 1183 2616; x_wconf 85' lang='lat' dir='ltr'><strong>incredulos</strong></span> <span class='ocrx_word' id='word_1_118' title='bbox 1211 2555 1376 2634; x_wconf 80' lang='lat' dir='ltr'><strong>tamquam</strong></span> <span class='ocrx_word' id='word_1_119' title='bbox 1403 2552 1433 2614; x_wconf 94' lang='lat' dir='ltr'><strong>in</strong></span> 
     </span>
     <span class='ocr_line' id='line_1_19' title="bbox 284 2658 1432 2744; baseline 0.002 -22"><span class='ocrx_word' id='word_1_120' title='bbox 284 2659 419 2723; x_wconf 89' lang='lat' dir='ltr'><strong>aedificii</strong></span> <span class='ocrx_word' id='word_1_121' title='bbox 442 2659 647 2724; x_wconf 83' lang='lat' dir='ltr'><strong>fundamento</strong></span> <span class='ocrx_word' id='word_1_122' title='bbox 671 2659 759 2744; x_wconf 88' lang='lat' dir='ltr'><strong>prius</strong></span> <span class='ocrx_word' id='word_1_123' title='bbox 783 2677 900 2742; x_wconf 90' lang='lat' dir='ltr'><strong>ponere</strong></span> <span class='ocrx_word' id='word_1_124' title='bbox 927 2658 1111 2723; x_wconf 87' lang='lat' dir='ltr'><strong>testimonia</strong></span> <span class='ocrx_word' id='word_1_125' title='bbox 1134 2658 1242 2722; x_wconf 88' lang='lat' dir='ltr'><strong>diuina</strong></span> <span class='ocrx_word' id='word_1_126' title='bbox 1264 2659 1432 2724; x_wconf 86' lang='lat' dir='ltr'><strong>debemus:</strong></span> 
     </span>
     <span class='ocr_line' id='line_1_20' title="bbox 284 2764 1433 2848; baseline -0.003 -18"><span class='ocrx_word' id='word_1_127' title='bbox 284 2766 400 2846; x_wconf 87' lang='lat' dir='ltr'><strong>quibus</strong></span> <span class='ocrx_word' id='word_1_128' title='bbox 429 2767 484 2848; x_wconf 88' lang='lat' dir='ltr'><strong>qul</strong></span> <span class='ocrx_word' id='word_1_129' title='bbox 511 2767 625 2830; x_wconf 84' lang='lat' dir='ltr'><strong>nolunt</strong></span> <span class='ocrx_word' id='word_1_130' title='bbox 652 2764 789 2842; x_wconf 89' lang='lat' dir='ltr'><strong>credere,</strong></span> <span class='ocrx_word' id='word_1_131' title='bbox 817 2765 965 2830; x_wconf 89' lang='lat' dir='ltr'><strong>humanis</strong></span> <span class='ocrx_word' id='word_1_132' title='bbox 993 2764 1182 2829; x_wconf 78' lang='lat' dir='ltr'><strong>ratiunculis</strong></span> <span class='ocrx_word' id='word_1_133' title='bbox 1211 2765 1303 2830; x_wconf 88' lang='lat' dir='ltr'><strong>falsis</strong></span> <span class='ocrx_word' id='word_1_134' title='bbox 1333 2765 1433 2847; x_wconf 88' lang='lat' dir='ltr'><strong>adque</strong></span> 
     </span>
     <span class='ocr_line' id='line_1_21' title="bbox 282 2871 1472 2956; baseline -0.002 -18"><span class='ocrx_word' id='word_1_135' title='bbox 282 2873 450 2938; x_wconf 86' lang='lat' dir='ltr'><strong>fallacibus</strong></span> <span class='ocrx_word' id='word_1_136' title='bbox 479 2873 696 2938; x_wconf 81' lang='lat' dir='ltr'><strong>contrarienire</strong></span> <span class='ocrx_word' id='word_1_137' title='bbox 724 2874 887 2948; x_wconf 87' lang='lat' dir='ltr'><strong>conantur,</strong></span> <span class='ocrx_word' id='word_1_138' title='bbox 916 2871 1042 2936; x_wconf 89' lang='lat' dir='ltr'><strong>adhoc</strong></span> <span class='ocrx_word' id='word_1_139' title='bbox 1068 2874 1107 2936; x_wconf 91' lang='lat' dir='ltr'><strong>nt</strong></span> <span class='ocrx_word' id='word_1_140' title='bbox 1133 2875 1189 2936; x_wconf 90' lang='lat' dir='ltr'><strong>aut</strong></span> <span class='ocrx_word' id='word_1_141' title='bbox 1217 2871 1304 2936; x_wconf 87' lang='lat' dir='ltr'><strong>aliud</strong></span> <span class='ocrx_word' id='word_1_142' title='bbox 1339 2871 1433 2956; x_wconf 84' lang='lat' dir='ltr'><strong>signi·</strong></span> <span class='ocrx_word' id='word_1_143' title='bbox 1450 2896 1472 2936; x_wconf 82' lang='lat' dir='ltr'><strong>a</strong></span> 
     </span>
     <span class='ocr_line' id='line_1_22' title="bbox 282 2976 1433 3062; baseline -0.005 -15"><span class='ocrx_word' id='word_1_144' title='bbox 282 2982 378 3047; x_wconf 88' lang='lat' dir='ltr'><strong>ficare</strong></span> <span class='ocrx_word' id='word_1_145' title='bbox 396 2979 586 3045; x_wconf 81' lang='lat' dir='ltr'><strong>contendant</strong></span> <span class='ocrx_word' id='word_1_146' title='bbox 605 2981 690 3062; x_wconf 90' lang='lat' dir='ltr'><strong>quod</strong></span> <span class='ocrx_word' id='word_1_147' title='bbox 708 2979 877 3044; x_wconf 81' lang='lat' dir='ltr'><strong>adhibetur</strong></span> <span class='ocrx_word' id='word_1_148' title='bbox 894 2979 1116 3044; x_wconf 87' lang='lat' dir='ltr'><strong>testimoninm</strong></span> <span class='ocrx_word' id='word_1_149' title='bbox 1135 2978 1173 3043; x_wconf 90' lang='lat' dir='ltr'><strong>de</strong></span> <span class='ocrx_word' id='word_1_150' title='bbox 1191 2977 1309 3043; x_wconf 81' lang='lat' dir='ltr'><strong>litteris</strong></span> <span class='ocrx_word' id='word_1_151' title='bbox 1325 2976 1433 3049; x_wconf 82' lang='lat' dir='ltr'><strong>saona,</strong></span> 
     </span>
     <span class='ocr_line' id='line_1_23' title="bbox 285 3082 1434 3170; baseline -0.003 -18"><span class='ocrx_word' id='word_1_152' title='bbox 285 3091 341 3153; x_wconf 89' lang='lat' dir='ltr'><strong>aut</strong></span> <span class='ocrx_word' id='word_1_153' title='bbox 370 3088 496 3152; x_wconf 92' lang='lat' dir='ltr'><strong>omnino</strong></span> <span class='ocrx_word' id='word_1_154' title='bbox 525 3086 680 3151; x_wconf 87' lang='lat' dir='ltr'><strong>diuinitus</strong></span> <span class='ocrx_word' id='word_1_155' title='bbox 710 3105 780 3151; x_wconf 87' lang='lat' dir='ltr'><strong>esse</strong></span> <span class='ocrx_word' id='word_1_156' title='bbox 809 3085 931 3150; x_wconf 90' lang='lat' dir='ltr'><strong>dictum</strong></span> <span class='ocrx_word' id='word_1_157' title='bbox 959 3089 1085 3170; x_wconf 86' lang='lat' dir='ltr'><strong>negent.</strong></span> <span class='ocrx_word' id='word_1_158' title='bbox 1114 3083 1194 3149; x_wconf 91' lang='lat' dir='ltr'><strong>Nam</strong></span> <span class='ocrx_word' id='word_1_159' title='bbox 1224 3085 1350 3149; x_wconf 91' lang='lat' dir='ltr'><strong>nullum</strong></span> <span class='ocrx_word' id='word_1_160' title='bbox 1375 3082 1434 3148; x_wconf 85' lang='lat' dir='ltr'><strong>cxi-</strong></span> 
     </span>
     <span class='ocr_line' id='line_1_24' title="bbox 285 3190 1434 3276; baseline -0.004 -18"><span class='ocrx_word' id='word_1_161' title='bbox 285 3193 381 3259; x_wconf 87' lang='lat' dir='ltr'><strong>stimo</strong></span> <span class='ocrx_word' id='word_1_162' title='bbox 410 3214 481 3258; x_wconf 84' lang='lat' dir='ltr'><strong>esse</strong></span> <span class='ocrx_word' id='word_1_163' title='bbox 508 3194 702 3272; x_wconf 87' lang='lat' dir='ltr'><strong>mortalium,</strong></span> <span class='ocrx_word' id='word_1_164' title='bbox 731 3193 786 3276; x_wconf 90' lang='lat' dir='ltr'><strong>qui</strong></span> <span class='ocrx_word' id='word_1_165' title='bbox 814 3211 887 3257; x_wconf 89' lang='lat' dir='ltr'><strong>cum</strong></span> <span class='ocrx_word' id='word_1_166' title='bbox 912 3210 958 3271; x_wconf 88' lang='lat' dir='ltr'><strong>ea,</strong></span> <span class='ocrx_word' id='word_1_167' title='bbox 987 3194 1073 3258; x_wconf 88' lang='lat' dir='ltr'><strong>siout</strong></span> <span class='ocrx_word' id='word_1_168' title='bbox 1096 3192 1182 3257; x_wconf 89' lang='lat' dir='ltr'><strong>diota</strong></span> <span class='ocrx_word' id='word_1_169' title='bbox 1205 3194 1291 3270; x_wconf 87' lang='lat' dir='ltr'><strong>sunt,</strong></span> <span class='ocrx_word' id='word_1_170' title='bbox 1313 3190 1434 3254; x_wconf 86' lang='lat' dir='ltr'><strong>intelle-</strong></span> 
     </span>
     <span class='ocr_line' id='line_1_25' title="bbox 285 3297 1434 3384; baseline -0.005 -19"><span class='ocrx_word' id='word_1_171' title='bbox 285 3299 364 3365; x_wconf 87' lang='lat' dir='ltr'><strong>xerit</strong></span> <span class='ocrx_word' id='word_1_172' title='bbox 387 3304 420 3363; x_wconf 88' lang='lat' dir='ltr'><strong>et</strong></span> <span class='ocrx_word' id='word_1_173' title='bbox 443 3320 462 3364; x_wconf 87' lang='lat' dir='ltr'><strong>a</strong></span> <span class='ocrx_word' id='word_1_174' title='bbox 484 3319 610 3366; x_wconf 92' lang='lat' dir='ltr'><strong>summo</strong></span> <span class='ocrx_word' id='word_1_175' title='bbox 634 3319 671 3365; x_wconf 88' lang='lat' dir='ltr'><strong>ac</strong></span> <span class='ocrx_word' id='word_1_176' title='bbox 693 3320 770 3366; x_wconf 85' lang='lat' dir='ltr'><strong>uero</strong></span> <span class='ocrx_word' id='word_1_177' title='bbox 794 3301 861 3365; x_wconf 88' lang='lat' dir='ltr'><strong>Deo</strong></span> <span class='ocrx_word' id='word_1_178' title='bbox 885 3319 941 3384; x_wconf 90' lang='lat' dir='ltr'><strong>per</strong></span> <span class='ocrx_word' id='word_1_179' title='bbox 964 3299 1085 3363; x_wconf 88' lang='lat' dir='ltr'><strong>animas</strong></span> <span class='ocrx_word' id='word_1_180' title='bbox 1109 3300 1236 3363; x_wconf 87' lang='lat' dir='ltr'><strong>sanctas</strong></span> <span class='ocrx_word' id='word_1_181' title='bbox 1260 3297 1347 3361; x_wconf 87' lang='lat' dir='ltr'><strong>dicta</strong></span> <span class='ocrx_word' id='word_1_182' title='bbox 1366 3313 1434 3361; x_wconf 86' lang='lat' dir='ltr'><strong>esse</strong></span> 
     </span>
     <span class='ocr_line' id='line_1_26' title="bbox 286 3403 1471 3490; baseline -0.003 -19"><span class='ocrx_word' id='word_1_183' title='bbox 286 3406 463 3483; x_wconf 79' lang='lat' dir='ltr'><strong>crediderit,</strong></span> <span class='ocrx_word' id='word_1_184' title='bbox 491 3427 551 3473; x_wconf 94' lang='lat' dir='ltr'><strong>non</strong></span> <span class='ocrx_word' id='word_1_185' title='bbox 581 3407 626 3473; x_wconf 88' lang='lat' dir='ltr'><strong>eis</strong></span> <span class='ocrx_word' id='word_1_186' title='bbox 650 3407 743 3472; x_wconf 84' lang='lat' dir='ltr'><strong>cedat</strong></span> <span class='ocrx_word' id='word_1_187' title='bbox 770 3408 872 3490; x_wconf 86' lang='lat' dir='ltr'><strong>adque</strong></span> <span class='ocrx_word' id='word_1_188' title='bbox 896 3407 1084 3482; x_wconf 84' lang='lat' dir='ltr'><strong>consentiat,</strong></span> <span class='ocrx_word' id='word_1_189' title='bbox 1114 3403 1183 3469; x_wconf 86' lang='lat' dir='ltr'><strong>sine</strong></span> <span class='ocrx_word' id='word_1_190' title='bbox 1206 3403 1240 3469; x_wconf 94' lang='lat' dir='ltr'><strong>id</strong></span> <span class='ocrx_word' id='word_1_191' title='bbox 1264 3404 1361 3468; x_wconf 87' lang='lat' dir='ltr'><strong>etiam</strong></span> <span class='ocrx_word' id='word_1_192' title='bbox 1384 3420 1433 3466; x_wconf 90' lang='lat' dir='ltr'><strong>ore</strong></span> <span class='ocrx_word' id='word_1_193' title='bbox 1449 3427 1471 3468; x_wconf 83' lang='lat' dir='ltr'><strong>s</strong></span> 
     </span>
     <span class='ocr_line' id='line_1_27' title="bbox 285 3507 1433 3595; baseline -0.006 -17"><span class='ocrx_word' id='word_1_194' title='bbox 285 3515 425 3578; x_wconf 86' lang='lat' dir='ltr'><strong>fateatur</strong></span> <span class='ocrx_word' id='word_1_195' title='bbox 456 3513 526 3578; x_wconf 84' lang='lat' dir='ltr'><strong>siue</strong></span> <span class='ocrx_word' id='word_1_196' title='bbox 558 3513 663 3595; x_wconf 87' lang='lat' dir='ltr'><strong>aliquo</strong></span> <span class='ocrx_word' id='word_1_197' title='bbox 696 3513 777 3578; x_wconf 87' lang='lat' dir='ltr'><strong>uitio</strong></span> <span class='ocrx_word' id='word_1_198' title='bbox 810 3513 902 3577; x_wconf 84' lang='lat' dir='ltr'><strong>fateri</strong></span> <span class='ocrx_word' id='word_1_199' title='bbox 935 3512 1102 3576; x_wconf 86' lang='lat' dir='ltr'><strong>erubescat</strong></span> <span class='ocrx_word' id='word_1_200' title='bbox 1134 3512 1191 3574; x_wconf 90' lang='lat' dir='ltr'><strong>aut</strong></span> <span class='ocrx_word' id='word_1_201' title='bbox 1217 3513 1351 3586; x_wconf 84' lang='lat' dir='ltr'><strong>metuat,</strong></span> <span class='ocrx_word' id='word_1_202' title='bbox 1384 3507 1433 3572; x_wconf 89' lang='lat' dir='ltr'><strong>uel</strong></span> 
     </span>
     <span class='ocr_line' id='line_1_28' title="bbox 286 3615 1433 3702; baseline -0.005 -19"><span class='ocrx_word' id='word_1_203' title='bbox 286 3619 382 3684; x_wconf 86' lang='lat' dir='ltr'><strong>etiam</strong></span> <span class='ocrx_word' id='word_1_204' title='bbox 405 3620 584 3702; x_wconf 85' lang='lat' dir='ltr'><strong>peruicacia</strong></span> <span class='ocrx_word' id='word_1_205' title='bbox 606 3619 772 3685; x_wconf 85' lang='lat' dir='ltr'><strong>simillima</strong></span> <span class='ocrx_word' id='word_1_206' title='bbox 790 3620 931 3684; x_wconf 87' lang='lat' dir='ltr'><strong>insaniae</strong></span> <span class='ocrx_word' id='word_1_207' title='bbox 949 3618 992 3696; x_wconf 82' lang='lat' dir='ltr'><strong>id,</strong></span> <span class='ocrx_word' id='word_1_208' title='bbox 1013 3616 1236 3701; x_wconf 87' lang='lat' dir='ltr'><strong>quodfalsum</strong></span> <span class='ocrx_word' id='word_1_209' title='bbox 1255 3635 1326 3682; x_wconf 84' lang='lat' dir='ltr'><strong>esse</strong></span> <span class='ocrx_word' id='word_1_210' title='bbox 1344 3615 1433 3680; x_wconf 86' lang='lat' dir='ltr'><strong>nouit</strong></span> 
     </span>
    </p>
   </div>
   <div class='ocr_carea' id='block_1_9' title="bbox 287 3911 1433 4341">
    <p class='ocr_par' dir='ltr' id='par_1_9' title="bbox 287 3911 1433 4341">
     <span class='ocr_line' id='line_1_29' title="bbox 321 3911 1433 3986; baseline -0.008 -16"><span class='ocrx_word' id='word_1_211' title='bbox 321 3919 339 3970; x_wconf 80' lang='lat'>4</span> <span class='ocrx_word' id='word_1_212' title='bbox 358 3915 494 3984; x_wconf 79' lang='lat' dir='ltr'><strong>defecitp</strong></span> <span class='ocrx_word' id='word_1_213' title='bbox 572 3916 589 3966; x_wconf 82' lang='lat'>5</span> <span class='ocrx_word' id='word_1_214' title='bbox 609 3913 791 3986; x_wconf 85' lang='lat' dir='ltr'><strong>expectandos</strong></span> <span class='ocrx_word' id='word_1_215' title='bbox 809 3913 836 3984; x_wconf 83' lang='lat' dir='ltr'><strong>p¹</strong></span> <span class='ocrx_word' id='word_1_216' title='bbox 915 3917 931 3969; x_wconf 90' lang='lat'><strong>6</strong></span> <span class='ocrx_word' id='word_1_217' title='bbox 952 3913 1086 3968; x_wconf 82' lang='lat' dir='ltr'><strong>canendos</strong></span> <span class='ocrx_word' id='word_1_218' title='bbox 1103 3929 1190 3981; x_wconf 78' lang='lat' dir='ltr'><strong>usque</strong></span> <span class='ocrx_word' id='word_1_219' title='bbox 1209 3911 1249 3965; x_wconf 83' lang='lat' dir='ltr'><strong>ad</strong></span> <span class='ocrx_word' id='word_1_220' title='bbox 1265 3913 1333 3965; x_wconf 84' lang='lat' dir='ltr'><strong>istos</strong></span> <span class='ocrx_word' id='word_1_221' title='bbox 1352 3925 1433 3964; x_wconf 73' lang='lat' dir='ltr'><strong>ones</strong></span> 
     </span>
     <span class='ocr_line' id='line_1_30' title="bbox 287 3998 1432 4060; baseline -0.008 -1"><span class='ocrx_word' id='word_1_222' title='bbox 287 4005 455 4060; x_wconf 75' lang='lat' dir='ltr'>EXPLICIT</span> <span class='ocrx_word' id='word_1_223' title='bbox 474 4005 584 4059; x_wconf 80' lang='lat' dir='ltr'><strong>LIBER</strong></span> <span class='ocrx_word' id='word_1_224' title='bbox 601 4003 726 4059; x_wconf 82' lang='lat' dir='ltr'>NONUS</span> <span class='ocrx_word' id='word_1_225' title='bbox 746 4001 918 4058; x_wconf 83' lang='lat' dir='ltr'>DECIMUS.</span> <span class='ocrx_word' id='word_1_226' title='bbox 933 4001 1073 4058; x_wconf 85' lang='lat' dir='ltr'>INCIPIT</span> <span class='ocrx_word' id='word_1_227' title='bbox 1087 4001 1198 4055; x_wconf 81' lang='lat' dir='ltr'>LIBER</span> <span class='ocrx_word' id='word_1_228' title='bbox 1211 3998 1432 4054; x_wconf 68' lang='lat' dir='ltr'><strong>ultusultus</strong></span> 
     </span>
     <span class='ocr_line' id='line_1_31' title="bbox 288 4081 1431 4160; baseline -0.008 -12"><span class='ocrx_word' id='word_1_229' title='bbox 288 4083 649 4150; x_wconf 60' lang='lat' dir='ltr'><strong>mnemonidarum.</strong></span> <span class='ocrx_word' id='word_1_230' title='bbox 668 4081 778 4148; x_wconf 67' lang='lat' dir='ltr'><strong>mcii.</strong></span> <span class='ocrx_word' id='word_1_231' title='bbox 797 4091 867 4146; x_wconf 80' lang='lat' dir='ltr'><strong>ma.</strong></span> <span class='ocrx_word' id='word_1_232' title='bbox 886 4091 979 4160; x_wconf 65' lang='lat' dir='ltr'><strong>xmp</strong></span> <span class='ocrx_word' id='word_1_233' title='bbox 1060 4091 1093 4144; x_wconf 84' lang='lat'><strong>16</strong></span> <span class='ocrx_word' id='word_1_234' title='bbox 1113 4090 1209 4145; x_wconf 66' lang='lat' dir='ltr'><strong>trumo</strong></span> <span class='ocrx_word' id='word_1_235' title='bbox 1229 4089 1253 4143; x_wconf 67' lang='lat'><strong>0¹</strong></span> <span class='ocrx_word' id='word_1_236' title='bbox 1333 4088 1369 4142; x_wconf 84' lang='lat' dir='ltr'><strong>ao</strong></span> <span class='ocrx_word' id='word_1_237' title='bbox 1387 4091 1431 4139; x_wconf 73' lang='lat' dir='ltr'><strong>aar</strong></span> 
     </span>
     <span class='ocr_line' id='line_1_32' title="bbox 288 4177 1429 4253; baseline -0.007 -17"><span class='ocrx_word' id='word_1_238' title='bbox 288 4185 419 4253; x_wconf 58' lang='lat' dir='ltr'><strong>(mum</strong></span> <span class='ocrx_word' id='word_1_239' title='bbox 437 4185 505 4250; x_wconf 82' lang='lat' dir='ltr'><strong>rus.)</strong></span> <span class='ocrx_word' id='word_1_240' title='bbox 524 4183 577 4237; x_wconf 84' lang='lat' dir='ltr'><strong>boc</strong></span> <span class='ocrx_word' id='word_1_241' title='bbox 595 4187 643 4237; x_wconf 89' lang='lat' dir='ltr'><strong>ant</strong></span> <span class='ocrx_word' id='word_1_242' title='bbox 662 4181 766 4235; x_wconf 88' lang='lat' dir='ltr'><strong>alinde</strong></span> <span class='ocrx_word' id='word_1_243' title='bbox 803 4183 837 4235; x_wconf 83' lang='lat'><strong>22</strong></span> <span class='ocrx_word' id='word_1_244' title='bbox 857 4181 974 4243; x_wconf 90' lang='lat' dir='ltr'><strong>omnino,</strong></span> <span class='ocrx_word' id='word_1_245' title='bbox 993 4183 1281 4247; x_wconf 77' lang='lat' dir='ltr'><strong>nom.2e·raeou.p</strong></span> <span class='ocrx_word' id='word_1_246' title='bbox 1315 4177 1429 4232; x_wconf 82' lang='lat' dir='ltr'><strong>23mer-</strong></span> 
     </span>
     <span class='ocr_line' id='line_1_33' title="bbox 288 4267 1186 4341; baseline -0.004 -17"><span class='ocrx_word' id='word_1_247' title='bbox 288 4273 372 4326; x_wconf 87' lang='lat' dir='ltr'><strong>talem</strong></span> <span class='ocrx_word' id='word_1_248' title='bbox 389 4272 418 4341; x_wconf 79' lang='lat'><strong>9¹</strong></span> <span class='ocrx_word' id='word_1_249' title='bbox 473 4273 507 4326; x_wconf 78' lang='lat'><strong>25</strong></span> <span class='ocrx_word' id='word_1_250' title='bbox 527 4271 627 4336; x_wconf 86' lang='lat' dir='ltr'><strong>credat,</strong></span> <span class='ocrx_word' id='word_1_251' title='bbox 647 4287 690 4324; x_wconf 87' lang='lat' dir='ltr'><strong>cre</strong></span> <span class='ocrx_word' id='word_1_252' title='bbox 708 4288 743 4324; x_wconf 84' lang='lat' dir='ltr'><strong>or.</strong></span> <span class='ocrx_word' id='word_1_253' title='bbox 763 4274 783 4324; x_wconf 83' lang='lat'><strong><em>2</em></strong></span> <span class='ocrx_word' id='word_1_254' title='bbox 800 4271 832 4322; x_wconf 81' lang='lat' dir='ltr'><strong>in</strong></span> <span class='ocrx_word' id='word_1_255' title='bbox 850 4287 917 4332; x_wconf 73' lang='lat' dir='ltr'><strong>ron,</strong></span> <span class='ocrx_word' id='word_1_256' title='bbox 936 4286 949 4322; x_wconf 83' lang='lat' dir='ltr'><strong>c</strong></span> <span class='ocrx_word' id='word_1_257' title='bbox 1022 4267 1153 4322; x_wconf 85' lang='lat' dir='ltr'><strong>etiamid</strong></span> <span class='ocrx_word' id='word_1_258' title='bbox 1172 4284 1186 4320; x_wconf 86' lang='lat' dir='ltr'><strong>e</strong></span> 
     </span>
    </p>
   </div>
   <div class='ocr_carea' id='block_1_10' title="bbox 0 0 1605 4948">
    <p class='ocr_par' dir='ltr' id='par_1_10' title="bbox 0 0 1605 4948">
     <span class='ocr_line' id='line_1_34' title="bbox 0 0 1605 4948; baseline 0 0"><span class='ocrx_word' id='word_1_259' title='bbox 0 0 1605 4948; x_wconf 95' lang='lat' dir='ltr'><strong> </strong></span> 
     </span>
    </p>
   </div>
  </div>
 </body>
</html>
