3192 4959
311 430 376 493 346
652 427 678 480 S.
707 425 866 480 Aurelii
893 424 1112 495 Augustini

310 620 456 686 notitiam
479 621 570 686 uenit
592 626 647 686 aut
669 622 803 699 uenerit,
828 621 867 685 ad
887 621 1052 687 cumulum
1072 638 1089 683 a
1108 618 1200 684 nobis
1219 618 1453 683 commemorari

311 731 431 810 potest;
459 746 521 792 uon
550 747 611 811 quo
641 727 839 793 necessarius
868 727 922 805 sit,
946 726 1072 791 etiamsi
1101 725 1194 802 desit,
1219 724 1276 791 sed
1300 724 1453 807 quianon

310 834 482 918 incongrue
505 834 644 898 creditur
667 834 767 899 fuisse
792 837 825 898 et
847 834 877 898 in
903 834 974 898 aliis
998 833 1146 917 gentibus
1166 833 1321 909 homines,
1342 830 1452 915 quibus

309 942 370 1005 hoc
397 940 790 1023 mysteriumreuelatum
818 944 876 1017 est,
906 944 937 1005 et
965 940 1019 1023 qui
1047 940 1125 1005 haec
1154 939 1251 1005 etiam
1280 938 1452 1022 praedicere

310 1047 430 1129 inpulsi
466 1050 551 1119 sunt,
591 1046 660 1110 siue
695 1046 866 1129 participes
905 1045 1048 1111 eiusdem
1086 1045 1206 1129 gratiae
1237 1045 1354 1109 fuerint
1390 1044 1453 1109 siue
1480 1068 1490 1108 s

311 1155 464 1235 expertes,
488 1150 545 1216 sed
567 1170 623 1234 per
645 1153 747 1216 malos
771 1152 902 1234 angelos
928 1151 1014 1217 docti
1038 1155 1123 1219 sunt.
1149 1170 1229 1234 quos
1254 1151 1352 1215 etiam
1375 1154 1471 1234 prae'

311 1264 433 1324 sentem
476 1256 648 1332 Christum,
692 1276 785 1339 quem
822 1258 932 1323 Iudaei
973 1279 1034 1323 nou
1072 1258 1297 1342 agnoscebant,
1341 1258 1454 1322 scimus

311 1365 412 1431 fuisse
439 1364 611 1429 confessos.
640 1364 708 1429 Nec
734 1364 821 1445 ipsos
845 1363 980 1429 Iudaeos
1013 1364 1159 1429 existimo
1192 1364 1307 1429 audere
1337 1368 1455 1430 couten-

311 1473 384 1537 dere
407 1472 566 1538 neminem
589 1472 779 1554 pertinuisse
803 1470 843 1536 ad
865 1472 970 1537 Deum
998 1476 1122 1555 praeter
1143 1471 1316 1549 Israelitas,
1341 1490 1376 1536 ex
1399 1490 1454 1553 quo

311 1598 451 1664 propago
489 1579 588 1644 lsrael
625 1598 696 1643 esse
733 1578 847 1661 coepit,
886 1579 1052 1661 reprobato
1094 1580 1163 1643 eius
1200 1580 1296 1644 fratre
1333 1580 1454 1644 maiore.
1471 1604 1491 1641 n

310 1687 456 1769 Populus
489 1686 574 1750 enim
607 1704 639 1749 re
672 1704 757 1762 uera,
791 1685 846 1767 qui
877 1685 1003 1768 proprie
1036 1685 1096 1749 Dei
1128 1686 1266 1769 populus
1295 1684 1454 1750 diceretur.

311 1793 419 1857 nullus
447 1792 530 1857 alius
558 1792 632 1869 fuit3
661 1791 806 1856 homiues
836 1796 942 1856 autem
973 1792 1128 1873 quosdam
1156 1810 1217 1857 nou
1248 1794 1380 1869 terrena,
1403 1790 1454 1857 sed

312 1898 444 1963 caelesti
471 1898 624 1964 societate
657 1898 696 1963 ad
728 1917 822 1963 ueros
851 1898 1011 1963 israelitas
1045 1918 1198 1982 supernae
1227 1900 1315 1963 ciues
1343 1898 1453 1981 patriae

311 2005 505 2087 pertinentes
530 2006 624 2069 etiam
648 2004 680 2068 iu
705 2004 776 2069 aliis
802 2005 951 2089 gentibus
975 2006 1076 2069 luisse
1100 2024 1213 2089 negare
1232 2024 1293 2070 uon
1311 2008 1452 2089 possunt:

312 2111 387 2193 quia
414 2114 442 2177 si
469 2117 594 2197 negant,
623 2111 774 2176 facillime
804 2112 1035 2177 conuincuutur
1062 2112 1100 2177 de
1128 2116 1237 2177 sancto
1267 2118 1298 2177 et
1327 2110 1452 2175 mirabili
1468 2134 1488 2171 n

312 2219 381 2284 uiro
413 2220 481 2295 Iob,
515 2220 569 2301 qui
601 2238 659 2283 nec
691 2217 838 2303 indigena
871 2238 928 2283 uec
965 2220 1156 2303 proselytus,
1189 2219 1223 2285 id
1256 2224 1305 2285 est
1342 2219 1451 2283 aduena
1558 2238 1559 2249 ¹

313 2326 424 2409 populi
457 2326 556 2391 Israel
583 2326 654 2404 fuit,
688 2326 743 2390 sed
772 2346 808 2390 ex
837 2330 930 2409 geute
956 2326 1109 2391 Idumaea
1137 2346 1237 2411 genus
1267 2327 1393 2403 ducens,
1414 2326 1453 2388 ibi

315 2434 415 2510 ortus,
443 2432 561 2497 ibidem
590 2436 734 2499 mortuus
764 2437 826 2508 est3
857 2433 912 2515 qui
940 2432 1048 2498 diuino
1077 2434 1123 2499 sic
1151 2433 1301 2499 laudatur
1328 2433 1452 2515 eloquio,

315 2542 362 2619 ut,
395 2540 479 2624 quod
512 2542 552 2605 ad
582 2541 740 2606 iustitiam
773 2541 988 2623 pietatemque
1016 2541 1146 2620 adtinet,
1175 2542 1283 2606 nullus
1312 2542 1339 2606 ei
1368 2540 1451 2603 homo

316 2666 446 2712 suorum
478 2650 657 2730 temporum
690 2651 894 2729 coaequetur.
928 2644 1016 2725 Quae
1048 2651 1190 2730 tempora
1218 2648 1288 2712 eius
1317 2644 1452 2729 quamuis
1467 2664 1488 2703 a

316 2773 376 2818 non
400 2754 601 2818 inueniamus
624 2754 655 2817 in
681 2752 855 2827 Chrouiois,
885 2754 1069 2837 colligimus
1092 2757 1197 2818 tamen
1222 2774 1256 2819 er
1279 2754 1359 2819 libro
1382 2753 1453 2818 eius.

317 2877 410 2943 quern
443 2879 499 2942 pro
533 2860 584 2924 sni
615 2860 728 2925 merito
761 2860 925 2925 Israelitae
961 2860 994 2924 in
1027 2859 1250 2925 auctoritatem
1283 2859 1454 2925 canonicam
1556 2888 1557 2923 r

316 2968 511 3048 receperunt,
539 2966 631 3029 tertia
655 2966 857 3050 generatione
885 2966 1091 3049 posteriorem
1115 2967 1216 3030 fuisse
1239 2985 1334 3049 quarn
1357 2963 1455 3030 Israel.

316 3072 481 3136 Diuiuitus
507 3075 615 3135 autem
642 3072 809 3154 prouisum
837 3072 938 3135 fuisse
962 3091 1023 3137 non
1048 3072 1169 3151 dubito,
1198 3076 1236 3137 ut
1259 3090 1294 3137 ax
1318 3071 1377 3136 hoc
1399 3088 1455 3134 nuo

317 3178 471 3243 sciremus
499 3178 595 3243 etiam
619 3178 776 3262 paraliae
802 3185 912 3262 gentes
937 3197 1007 3243 esse
1031 3178 1186 3259 potuisse,
1211 3179 1265 3261 qui
1290 3177 1487 3244 secunduma

316 3284 420 3349 Deum
453 3284 600 3348 uirerunt
631 3276 722 3366 ¹eiquo
754 3286 951 3368 placuerunt,
987 3285 1180 3367 pertinentes
1217 3284 1257 3349 ad
1289 3284 1453 3367 spiritalem

316 3390 526 3455 Hierusalem.
560 3390 651 3471 Quod
684 3391 801 3456 nemini
835 3409 1021 3456 concessum
1054 3390 1153 3455 fuisse
1185 3391 1375 3457 credendum
1401 3393 1452 3455 est.

317 3496 377 3561 uisi
397 3497 448 3561 cui
468 3496 621 3561 diuinitus
640 3497 802 3561 reuelatus
823 3500 872 3561 ast
889 3516 972 3561 unus
992 3496 1146 3562 mediator
1162 3498 1219 3563 Dei
1239 3500 1273 3563 et
1290 3496 1450 3563 homiuum.

317 3602 411 3668 homo
437 3602 584 3669 Christus
607 3604 710 3679 Iesus,
735 3603 789 3685 qni
814 3607 967 3667 uenturus
986 3604 1016 3667 iu
1038 3622 1129 3668 came
1149 3604 1195 3668 sic
1214 3604 1352 3689 antiquis
1374 3618 1449 3667 sauc-
1554 3638 1555 3671 r

409 3812 442 3866 16
460 3810 518 3867 Iob.
540 3813 552 3866 l

357 3935 560 4005 lcomulumq
632 3934 775 4004 2quode
847 3935 1005 3989 3homines
1024 3953 1109 3991 orne
1180 3936 1301 3991 thoco
1378 3932 1445 3988 edum
1553 4010 1554 4015 η

318 4024 405 4093 hecp
494 4026 654 4094 terpartes
670 4041 689 4094 p
782 4028 848 4078 sunt
867 4025 996 4095 begam
1015 4026 1071 4079 sint
1091 4042 1160 4095 opp
1179 4024 1278 4083 Donat.
1366 4025 1381 4077 9
1397 4034 1445 4111 per·

320 4148 475 4219 tenuissep
512 4150 543 4203 ll
566 4150 870 4217 enim]e1(=eius)e
907 4150 940 4204 13
960 4150 1068 4219 uirosq
1105 4151 1138 4204 14
1150 4126 1184 4203 ¹in
1204 4149 1274 4213 eliis,
1294 4151 1325 4203 in
1337 4119 1444 4215 scorpio

320 4236 425 4297 sitias
481 4237 513 4293 15
532 4237 690 4291 mirabilee
744 4238 777 4292 16
797 4236 972 4306 prosilitusq
1025 4238 1058 4292 21
1079 4236 1273 4309 colligemusq
1326 4238 1359 4291 24
1375 4234 1444 4289 fuisso

320 4342 453 4394 promae
