3192 4959
312 460 363 513 De
387 460 562 514 ciuitate
586 459 647 513 dei
670 459 735 513 lib.
759 458 859 513 XVIII.
884 476 959 529 esp.
988 460 1102 513 25—27.
1217 460 1281 525 303

137 676 206 741 rege
239 656 408 721 Persarum
441 655 571 738 inpletis
609 654 813 738 septuaginta
850 654 950 733 aunis,
989 672 1069 736 quos
1106 653 1282 719 Hieremias

136 762 291 845 propheta
321 762 525 845 praedixerat,
558 761 682 826 reddita
714 764 763 826 est
794 760 921 825 Iudaeis
954 761 1059 827 solute
1096 760 1284 842 captiuitate

137 870 276 945 libertas,
305 872 454 953 regnante
481 868 694 932 Romanorum
727 868 863 949 septimo
892 886 967 952 rege
995 867 1176 950 Tarquinio.
1214 864 1283 945 Quo

138 976 267 1057 expulso
297 975 392 1039 etiam
420 974 483 1057 ipsi
510 993 529 1037 a
555 993 667 1057 regum
696 993 825 1039 suorum
855 974 1069 1038 dominatione
1099 974 1190 1038 liberi
1214 992 1284 1037 esse

113 1088 318 1165 aooeperuut.
356 1082 466 1164 Usque
495 1081 534 1145 ad
562 1081 622 1145 hoe
650 1085 777 1164 tempus
805 1082 975 1164 prophetas
1003 1081 1115 1146 habuit
1146 1080 1283 1164 populus

137 1189 250 1263 lsraeh
284 1188 339 1270 qni
367 1207 439 1252 oum
467 1188 563 1251 multi
590 1186 717 1264 fuerint,
741 1206 915 1270 paucorum
940 1190 972 1252 et
995 1190 1072 1270 aput
1093 1186 1229 1251 Iudaeos
1254 1188 1286 1249 et

138 1298 213 1378 aput
244 1315 303 1359 uos
331 1294 481 1359 oauooioa
508 1294 627 1376 scripta
653 1294 838 1358 retinentur.
877 1294 923 1357 De
953 1294 1069 1377 quibus
1096 1311 1148 1357 me
1178 1292 1285 1374 aliqua

137 1400 316 1482 positurum
344 1418 415 1464 esse
443 1399 576 1483 promisi
602 1399 634 1463 iu
664 1399 725 1463 hoe
752 1399 845 1477 libro,
875 1418 947 1464 eum
981 1398 1160 1463 clauderem
1193 1416 1285 1480 supe-

137 1506 263 1585 riorem,
287 1506 372 1588 quod
396 1505 460 1570 iam
484 1506 577 1570 uideo
602 1524 673 1569 esse
696 1505 888 1572 faciendum.

101 1734 123 1773 10
566 1696 702 1762 CAPUT
726 1696 856 1762 XXVII.

140 1839 191 1903 De
218 1840 477 1921 temporibus
505 1840 807 1923 prophetarum,
837 1858 1003 1921 quorum
1033 1839 1198 1905 oraoula
1226 1840 1285 1903 lra-

138 1945 286 2010 hentur
316 1947 355 2010 iu
389 1946 512 2010 libris
546 1946 696 2028 quique
729 1951 826 2011 tuno
864 1947 908 2011 de
944 1948 1163 2011 notatione
1200 1966 1286 2031 gen-

140 2053 231 2117 tium
255 2052 385 2115 multa
408 2052 657 2127 cecinerunt,
679 2052 834 2133 quando
854 2052 1117 2117 Romanorum
1136 2072 1285 2136 regnum

367 2158 505 2241 eoepit
526 2158 872 2240 Assyriorumquo
896 2158 1062 2223 defecit.

99 2318 123 2358 1⁵
184 2300 340 2382 Tempora
366 2300 466 2383 igitur
494 2318 603 2363 eorum
631 2303 668 2364 ut
694 2300 856 2381 possimus
881 2300 1053 2374 aduertere,
1077 2301 1108 2363 in
1132 2300 1288 2364 anteriora

141 2408 307 2486 paululum
339 2425 547 2470 recurramus.
583 2406 619 2469 In
657 2407 759 2487 capite
796 2406 870 2470 libri
904 2404 984 2470 Osee
1016 2406 1199 2490 prophetae,
1233 2406 1287 2488 qui

139 2514 261 2594 primus
285 2513 316 2577 in
341 2513 509 2578 dnodeeim
531 2514 669 2595 ponitur,
689 2514 736 2578 ita
755 2514 910 2596 scriptum
935 2517 997 2578 est:
1021 2514 1194 2578 Verbum
1219 2514 1287 2578 Do-

141 2620 249 2696 mini,
274 2620 378 2702 quod
406 2620 560 2684 factum
590 2624 654 2684 est
676 2620 720 2684 ad
747 2620 847 2685 Osee
870 2621 909 2685 in
934 2621 1078 2685 diebus
1104 2618 1224 2684 Ouiae
1249 2624 1287 2685 et

141 2726 323 2791 loatham
353 2729 392 2789 et
418 2724 550 2790 hohan
579 2730 618 2791 et
644 2727 845 2791 Eaeehiae
878 2746 1012 2812 regum
1042 2726 1150 2791 Iuda.
1188 2726 1286 2791 Amos

99 2851 126 2889 11
143 2852 266 2913 qnoque
290 2831 403 2896 diebus
426 2832 511 2916 regis
531 2831 625 2896 (iriae
648 2833 855 2915 prophetasse
880 2852 913 2896 se
938 2832 1060 2905 soribit3
1086 2831 1173 2896 addit
1192 2832 1285 2896 etiam

140 2939 334 3002 Hieroboam
357 2957 463 3021 negem
487 2938 595 3010 Israel,
621 2939 675 3021 qui
698 2959 754 3021 per
778 2939 905 3003 eosdem
930 2938 997 3003 dies
1022 2939 1092 3003 fuit.
1129 2938 1196 3003 Neo
1226 2958 1287 3001 uon

140 3044 262 3121 Esaias,
295 3044 382 3108 lilius
414 3045 525 3121 Amos,
561 3045 630 3108 siue
668 3044 843 3126 supradicti
879 3045 1050 3126 prophetae
1088 3045 1166 3120 siue,
1204 3045 1289 3128 quod

140 3151 244 3234 magis
275 3150 470 3233 perhibetur,
495 3150 625 3214 alterius
659 3151 714 3231 qui
744 3169 806 3214 non
839 3152 992 3232 propheto
1025 3150 1134 3215 eodem
1163 3152 1288 3217 nomine

141 3258 327 3333 uocabatur,
347 3256 474 3320 eosdem
499 3275 589 3339 reges
614 3260 773 3338 quattuor,
793 3275 873 3339 quos
894 3258 1002 3337 posuit
1022 3255 1112 3336 Osee,
1132 3258 1164 3322 iu
1185 3258 1287 3339 eapite

99 3363 217 3427 selibri
247 3363 298 3427 sui
329 3362 429 3444 ponit,
459 3381 591 3445 quorum
620 3362 732 3427 diebus
762 3381 795 3425 se
822 3363 1029 3445 prophetasse
1061 3365 1288 3448 praeloquitur.

141 3470 303 3534 Michaeas
333 3469 429 3533 etiam
454 3468 564 3532 eadem
588 3488 664 3532 suae
687 3468 873 3552 prophetias
898 3476 1125 3535 commemorat
1147 3475 1290 3555 tempora

141 3581 218 3660 post
236 3577 302 3641 dies
323 3575 427 3640 Ouiae.
452 3575 533 3640 Nam
557 3578 621 3640 tres
646 3576 700 3657 qui
723 3579 901 3658 sequuntur
923 3596 1014 3660 reges
1038 3578 1189 3655 nominat,
1209 3598 1288 3660 quos

142 3689 176 3747 et
200 3682 280 3747 Osee
307 3681 494 3758 nominauit,
520 3682 663 3746 loatham
691 3686 724 3747 et
746 3683 850 3747 Aolraz
880 3687 912 3747 et
935 3683 1099 3749 Ezechiam
1136 3684 1178 3747 Hi
1203 3689 1288 3761 sunt,

142 3809 224 3873 quos
256 3789 364 3855 eodem
402 3794 545 3872 tempore
583 3789 679 3853 simul
716 3790 924 3872 prophetasse
963 3810 998 3855 ea
1035 3809 1143 3855 eorum
1172 3790 1288 3855 litteris

237 4000 267 4051 17
288 3998 357 4053 Osee
379 4000 402 4060 1,
424 3999 437 4053 1

181 4176 358 4231 5e.xxvl1.
380 4177 501 4247 Usquep
537 4178 707 4247 ‘leeriptnra
726 4178 769 4246 bp
807 4135 1005 4242 ildaeiendum,
1025 4179 1056 4231 r'n
1073 4137 1291 4247 marps'factum

145 4265 178 4318 ll
201 4267 306 4320 oraculo
322 4267 368 4336 pf
433 4268 513 4321 15111
533 4268 630 4335 auten]
650 4268 813 4320 interiores
869 4269 1066 4321 laesione
1129 4267 1290 4321 1928111-

142 4352 221 4406 tham
236 4371 265 4423 93
282 4355 387 4409 iotham
407 4372 434 4422 e‚·
451 4355 564 4409 ioathan
584 4372 602 4407 a
613 4354 681 4423 bpv
732 4356 766 4409 28
786 4356 911 4409 ezechian
927 4372 941 4409 e
947 4374 978 4426 p,-
996 4355 1139 4409 Ezechiam
1156 4373 1173 4411 o
1190 4356 1291 4410 Domb.
