3192 4959
315 481 380 543 324
661 478 687 532 S.
717 476 874 531 Aurelii
901 478 1116 549 Augustini

314 674 459 757 angelum
488 673 683 750 testamenii,
712 691 831 737 nouum
859 672 1088 756 proculdubio
1117 676 1345 739 testamentum
1370 673 1442 737 debr·

313 799 385 844 mus
409 780 560 861 accipere,
584 779 640 844 ubi
664 780 866 860 sempiterna,
891 799 951 844 nou
975 783 1081 857 uetus,
1106 779 1161 844 ubi
1180 780 1367 861 temporalia
1384 784 1445 845 suni

313 888 486 971 promissam
516 905 595 969 quae
622 906 677 969 pro
704 906 821 970 magno
854 886 1005 950 habentes
1032 886 1162 970 plurimi
1188 886 1305 951 infirmi
1334 891 1365 951 et
1390 887 1443 951 Deo

313 1013 388 1058 uero
425 993 538 1058 talium
575 1013 679 1057 rerum
716 993 860 1058 mercede
894 993 1078 1069 seruientes‚
1117 993 1240 1075 quaudo
1274 994 1381 1057 uident
1408 994 1444 1056 eis

312 1102 417 1185 inpios
446 1100 615 1179 abundare,
643 1101 819 1165 turbantur.
848 1100 982 1183 Propter
1009 1100 1092 1183 quod
1120 1100 1206 1164 idem
1234 1102 1393 1184 prophete,
1417 1102 1478 1163 uta

313 1208 389 1273 noui
412 1208 596 1272 testamenti
620 1209 778 1271 aeternnm
803 1207 1043 1287 beatitudiuem,
1068 1226 1147 1289 quae
1170 1228 1231 1273 non
1251 1208 1376 1272 dabitur
1396 1206 1445 1271 risi

313 1316 416 1392 boum,
440 1314 651 1398 distingueret
673 1335 691 1377 a
714 1314 831 1378 ueteris
851 1316 974 1379 tenena
991 1315 1155 1392 felicitate,
1175 1334 1255 1396 quas
1274 1316 1446 1397 plerumque

312 1423 408 1486 'datur
441 1427 473 1485 et
500 1421 609 1485 malis:
641 1420 912 1505 Ingrauastis‚
949 1421 1063 1503 inquit,
1097 1440 1217 1503 super
1250 1441 1306 1486 me
1337 1420 1447 1485 uerba

313 1532 461 1608 uestra,
495 1527 599 1592 dicit
630 1528 836 1610 Dominus,
870 1529 909 1591 et
941 1528 1130 1593 dixistis:
1158 1530 1198 1591 In
1229 1548 1304 1610 quo
1334 1528 1448 1592 detra-

314 1638 444 1700 ximus
469 1635 514 1699 de
539 1638 599 1699 te?
623 1633 819 1698 Dixistis:
846 1634 979 1699 Vanus
1004 1639 1066 1699 est
1086 1635 1222 1711 omnis,
1244 1637 1310 1718 qui
1330 1634 1448 1699 seruit
1463 1651 1481 1689 u

315 1744 406 1821 Deo,
427 1746 465 1807 et
485 1740 696 1825 quidplus,
717 1741 1130 1823 quiacustodiuimus
1147 1742 1448 1807 obseruationes
1558 1720 1561 1825 i

315 1851 414 1926 eius,
449 1853 487 1914 et
519 1849 611 1931 quia
642 1847 941 1912 ambulauirnus
973 1849 1260 1932 supplicantes
1290 1853 1378 1913 ante
1403 1848 1449 1911 fa·
1560 1830 1561 1835 ἵ

315 1958 415 2022 ciem
448 1955 607 2020 Domini
641 1955 961 2037 omnipotentis?
993 1956 1041 2020 Di
1068 1975 1170 2020 nunc
1199 1974 1270 2020 uos
1299 1954 1450 2020 beatifi-

316 2082 451 2128 camus
471 2062 639 2139 alienos,
660 2060 1200 2136 etreaedificanturomnes,
1217 2063 1283 2146 qui
1300 2063 1450 2127 faciunt

314 2170 473 2253 iniquam
500 2174 538 2233 et
562 2168 774 2233 aduersati
804 2172 896 2232 sunt
920 2168 1011 2245 Deo,
1037 2172 1074 2233 et
1097 2171 1206 2233 salui
1230 2170 1331 2235 facti
1356 2170 1450 2233 sunt.
1468 2184 1486 2222 u

314 2280 419 2342 Haec
444 2276 631 2342 oblocuti
656 2280 760 2353 sunt,
785 2277 854 2359 qui
877 2276 1079 2341 timebant
1102 2277 1325 2354 Dominum,
1345 2292 1451 2340 nnus·

315 2385 489 2467 quisque
517 2384 562 2448 ad
591 2383 814 2465 proximum
843 2402 974 2459 suum;
1005 2388 1042 2447 et
1070 2384 1367 2448 animaduertit
1389 2382 1450 2445 Do·

314 2494 446 2557 minus
475 2496 513 2555 et
537 2490 715 2566 audiuii;
744 2493 783 2554 et
807 2490 980 2573 scripsit
1006 2490 1153 2554 librum
1182 2493 1395 2555 memoriae
1418 2486 1452 2549 in

316 2601 540 2680 conspectu
570 2615 640 2662 suo
671 2598 740 2673 eis,
766 2596 833 2678 qui
860 2596 1008 2660 timent
1041 2597 1251 2661 Dominum
1285 2602 1323 2661 et
1353 2613 1453 2661 reue·

314 2708 455 2770 rentur
482 2722 621 2768 nomeu
651 2703 749 2767 eius.
778 2703 845 2768 Isto
876 2702 957 2767 libro
983 2703 1196 2787 significatum
1222 2709 1272 2769 ast
1293 2709 1490 2770 testamen-a

314 2817 384 2877 ium
416 2830 546 2876 nouum.
581 2810 723 2892 Denique
757 2808 841 2891 qnod
874 2810 1020 2891 sequitur
1051 2810 1231 2875 audiamus:
1266 2812 1313 2876 Et
1344 2810 1455 2875 erunt

315 2920 423 2996 milri,
462 2917 567 2981 dicit
612 2917 807 2981 Dominus
856 2916 1118 2999 omnipotens,
1166 2918 1204 2981 in
1244 2918 1345 2982 diem
1384 2932 1455 2997 qua

317 3044 388 3109 ego
420 3024 527 3089 facio
560 3025 597 3087 in
631 3022 963 3105 adquisitionem,
999 3026 1039 3088 et
1071 3025 1219 3108 eligam
1254 3044 1319 3089 eos
1350 3022 1455 3088 siout

316 3132 441 3216 eligit
469 3131 582 3196 homo
612 3130 748 3195 filium
778 3148 892 3193 suum
923 3131 1170 3196 seruientem
1196 3132 1289 3204 sibi:
1314 3133 1351 3195 et
1374 3148 1455 3193 con-

316 3238 540 3315 ueriimini‚
570 3242 608 3301 et
635 3235 841 3302 uidebitis
872 3238 981 3301 inter
1008 3237 1161 3301 iustum
1191 3241 1229 3302 et
1252 3239 1494 3310 iniustumu

317 3348 355 3409 et
384 3345 493 3410 inter
525 3345 773 3408 seruientem
803 3344 882 3407 Deo
912 3347 952 3407 et
978 3364 1051 3409 non
1078 3345 1334 3409 seruientem.
1361 3342 1457 3422 Quo·

316 3453 418 3516 niam
457 3472 547 3517 ecce
586 3452 673 3517 dies
710 3452 827 3516 uenit
864 3452 1006 3517 ardens
1052 3452 1159 3517 sicut
1199 3452 1382 3518 clibanus
1421 3450 1459 3511 et

317 3560 596 3624 concremabit
629 3578 707 3637 eoo,
746 3562 784 3623 et
817 3562 932 3623 erunt
965 3578 1100 3623 omnes
1132 3559 1388 3643 alienigenae
1422 3556 1458 3618 at

405 3820 504 3873 aulai.
523 3820 548 3886 3,
569 3820 602 3873 13
622 3835 680 3888 sqq.
688 3840 694 3884 ;
714 3822 740 3887 4,
762 3821 774 3873 1
796 3836 855 3888 sqq.

352 3946 369 3997 4
388 3943 483 3996 uident
502 3944 552 4012 eis]
573 3942 697 3997 uidentes
716 3960 730 3996 e
806 3945 823 3997 6
842 3942 975 3998 beatitud.
995 3950 1165 3997 aetemumc
1243 3944 1275 3997 12
1295 3943 1349 3997 eius
1366 3956 1402 3993 er
1422 3939 1459 3991 eis

317 4048 418 4085 corne
456 4033 488 4085 15
509 4037 537 4085 et
556 4038 621 4085 arete
640 4030 747 4085 aduers.
767 4048 818 4088 om.
836 4050 855 4101 p
891 4033 925 4086 20
945 4033 973 4085 iu
990 4032 1045 4086 isto
1062 4048 1080 4101 p
1120 4032 1154 4085 22
1174 4032 1201 4085 in
1221 4031 1293 4085 diem
1312 4031 1461 4097 tpporfu·

316 4120 344 4174 in
364 4119 408 4173 die
428 4120 519 4188 ae²p;
535 4119 600 4173 inde
620 4120 644 4173 e¹
718 4137 772 4189 qua
791 4138 913 4191 oeppn
923 4126 983 4187 fa·
1003 4137 1081 4191 quarn
1101 4122 1141 4190 ὁρ
1160 4122 1259 4177 Domb.
1327 4120 1358 4171 ‘24
1377 4115 1461 4183 eligit

317 4209 370 4277 bp;
391 4209 476 4276 elegit
495 4208 650 4277 c-cppaf
755 4210 836 4261 homo
856 4208 936 4279 eligit
953 4226 969 4263 o
1077 4209 1265 4263 conuertimini
1285 4206 1374 4277 bqp¹,·
1395 4220 1459 4257 rou·

317 4298 460 4349 uertemini
480 4296 584 4365 cep²a
651 4298 684 4350 27
705 4299 782 4351 uenit
802 4297 858 4351 dies
879 4314 892 4351 e
965 4298 998 4352 28
1018 4297 1200 4352 concremarit
1216 4316 1246 4366 95
1265 4302 1280 4351 ri
1300 4292 1429 4350 cremabit
1448 4307 1461 4343 e

317 4386 517 4454 alienigiuuep
