3192 4959
338 466 402 530 338
682 464 708 516 S.
736 463 893 516 Aurelii
921 462 1138 532 Augustini

336 679 397 724 nou
427 659 657 734 abhorrentem,
686 657 755 721 siue
784 658 846 723 alio
874 658 968 723 modo
1002 659 1135 723 cundem
1169 677 1298 724 sensum
1333 660 1473 743 explicare

335 767 560 843 monstrentur,
575 764 636 828 nisi
651 765 794 846 utrisque
813 764 977 829 codicibus
997 764 1148 847 inspectis
1167 770 1330 848 nequeunt
1347 767 1474 848 reperiri.

338 874 372 939 Si
397 891 483 956 ergo,
508 874 545 935 ut
568 872 703 954 oportet,
726 870 806 934 nihil
834 870 923 934 aliud
950 872 1131 935 intueamur
1156 872 1189 936 in
1218 872 1384 954 scripturis
1408 873 1473 937 illis.

337 980 399 1045 nisi
423 979 497 1061 quid
531 997 587 1061 ρετ
618 978 761 1042 homines
796 976 907 1042 dixerit
936 978 993 1041 Dei
1024 977 1172 1059 Spiritus
1202 978 1357 1061 quidquid
1381 982 1473 1043 estin

336 1086 492 1151 Hebraeis
521 1084 685 1149 codicibus
713 1085 746 1148 et
772 1102 833 1147 non
864 1087 913 1148 est
942 1088 1019 1167 aput
1050 1085 1238 1167 interpretes
1271 1088 1506 1169 septuagintos

337 1192 441 1258 noluit
459 1210 496 1255 ea
514 1210 571 1272 per
587 1190 679 1266 istos
699 1189 755 1254 sed
773 1208 831 1271 per
849 1190 922 1255 illos
942 1190 1111 1273 prophetas
1135 1191 1196 1255 Dei
1215 1190 1353 1274 Spiritus
1373 1192 1475 1256 dicere.

337 1298 499 1382 Quidquid
522 1317 598 1363 uero
623 1300 673 1361 est
695 1301 773 1379 aput
796 1296 1016 1380 Septuaginta,
1041 1298 1072 1361 in
1092 1298 1246 1362 Hebraeis
1271 1303 1378 1363 autem
1402 1298 1475 1363 cedi-

336 1407 427 1473 cibus
446 1424 507 1470 non
525 1408 584 1480 est,
604 1422 658 1486 per
676 1404 757 1468 istos
777 1422 814 1467 ea
833 1404 948 1467 maluit
967 1423 1060 1485 quam
1080 1423 1136 1485 per
1154 1404 1228 1469 illos
1247 1405 1332 1469 idem
1348 1404 1475 1487 Spiritus

337 1514 450 1589 dicere,
465 1512 513 1575 sic
532 1509 701 1574 ostendeus
719 1514 872 1591 utrosque
887 1510 987 1575 fuisse
1007 1511 1185 1593 prophetas.
1203 1512 1271 1575 Isto
1292 1513 1373 1577 enim
1392 1510 1475 1575 modo

338 1621 400 1685 alia
423 1638 479 1702 per
500 1618 638 1693 Esaiam,
662 1616 724 1681 alia
746 1635 802 1698 per
819 1616 1024 1695 Hieremiam,
1049 1618 1110 1681 alia
1131 1636 1188 1700 per
1206 1617 1304 1683 alium
1324 1618 1475 1699 aliumque
1490 1642 1506 1680 n

337 1725 524 1809 prophetam
554 1723 605 1787 uel
633 1722 726 1785 aliter
753 1721 862 1785 eadem
891 1742 946 1805 per
973 1722 1056 1787 hunc
1081 1740 1116 1786 ac
1143 1742 1200 1806 per
1220 1723 1313 1787 illum
1338 1723 1423 1789 dixit.
1446 1728 1476 1787 nt

338 1832 453 1897 uoluit.
478 1828 639 1912 Quidquid
663 1848 754 1911 porro
779 1832 857 1911 aput
879 1832 1032 1911 utrosque
1059 1830 1230 1907 inuenitur,
1254 1849 1310 1911 per
1332 1836 1476 1911 utrosque

340 1939 442 2003 dicere
466 1937 571 2002 uoluit
593 1955 677 2001 unus
702 1936 804 2016 adque
828 1934 913 1999 idem
938 1934 1090 2019 Spiritns;
1119 1936 1175 2000 sed
1198 1936 1243 2001 ita
1268 1942 1304 2000 ut
1327 1937 1374 2001 illi
1396 1956 1475 2018 prac-

340 2045 486 2110 cederent
512 2040 740 2125 prophetando,
763 2042 820 2105 isti
848 2046 1054 2123 sequerentur
1082 2042 1264 2125 prophetice
1291 2042 1364 2109 ilios
1391 2043 1477 2107 inter-

338 2150 506 2233 pretaud0;
536 2148 611 2231 quia
638 2148 725 2213 sicut
751 2148 781 2211 in
810 2147 876 2211 illis
905 2166 980 2212 uera
1007 2154 1039 2211 et
1062 2149 1284 2214 concordantia
1307 2149 1477 2214 dicentibus
1493 2175 1508 2211 o

340 2278 422 2323 unus
445 2257 534 2339 pacis
558 2254 696 2337 Spiritus
724 2254 797 2327 fuit,
822 2252 868 2317 sic
896 2259 928 2317 et
955 2255 986 2317 in
1014 2253 1086 2319 istis
1109 2275 1171 2320 nen
1196 2274 1305 2321 secum
1329 2255 1477 2320 conteren-

339 2365 426 2428 tibus
450 2371 483 2427 et
505 2368 610 2427 tamen
634 2365 797 2442 tamquam
817 2379 868 2424 ore
887 2380 949 2425 uno
970 2364 1083 2425 cuncta
1101 2361 1380 2445 interpretantibus
1399 2362 1477 2426 idern

343 2471 480 2553 Spiritus
503 2488 586 2533 unus
609 2467 763 2550 apparuit.

734 2660 872 2725 CAPUT
900 2660 1094 2725 XXXXIIII.

342 2803 446 2884 Quid
477 2801 805 2885 intellegendum
839 2802 896 2865 sit
928 2802 972 2865 de
996 2800 1284 2865 Nineuitarum
1314 2800 1475 2865 excidio.
1492 2821 1511 2857 s

343 2912 459 2976 ouius
484 2909 744 2974 denuntiatio
768 2908 807 2971 in
827 2909 1009 2973 Hebraeo
1035 2906 1310 2991 qnadraginta
1333 2908 1479 2972 dierum

342 3018 477 3100 spatio
506 3014 702 3093 tenditur,
726 3014 766 3078 in
789 3014 1065 3097 Septuaginta
1092 3016 1223 3077 autem
1256 3013 1384 3079 tridui
1407 3014 1479 3077 bre-

698 3121 830 3185 uitate
855 3120 1128 3185 concluditur.

386 3262 449 3329 Sed
482 3263 526 3327 ait
557 3260 687 3343 aliquis:
721 3258 802 3339 ‘Quo
835 3262 928 3325 modo
963 3260 1062 3325 sciam
1096 3260 1171 3342 qnid
1202 3261 1295 3325 Ionas
1333 3261 1480 3345 propbeta

342 3369 454 3435 dixerit
471 3367 643 3445 NineuitiS,
664 3370 785 3432 utrum:
806 3367 1008 3445 Triduum,
1030 3370 1069 3431 et
1087 3367 1240 3431 Nineue
1261 3372 1479 3432 euertetur.
1495 3386 1513 3425 a

429 3564 465 3617 25
485 3562 542 3615 Ion.
564 3561 588 3617 3.
607 3562 624 3614 4

378 3686 557 3739 iaborcente
576 3686 600 3738 e¹
657 3684 833 3752 auctiusque
847 3682 935 3753 p¹pc
989 3682 1144 3751 3igituru
1199 3684 1268 3736 bea
1287 3698 1371 3737 cnm
1426 3682 1482 3733 iles

341 3773 436 3844 proph.
456 3790 544 3841 emp
652 3773 720 3827 Sea
738 3788 773 3826 m.
792 3776 812 3825 2
829 3770 861 3825 in
878 3787 981 3824 rnercrc
1000 3772 1079 3825 nocis
1097 3770 1225 3840 etiump
1346 3770 1451 3824 molluit
1468 3785 1482 3833 c

344 3864 377 3918 10
401 3864 483 3917 alium
507 3864 643 3930 aliumque
666 3862 761 3931 proph.
780 3860 825 3915 uel
849 3860 930 3915 aliter
953 3860 1046 3914 eadem
1064 3876 1112 3929 per
1129 3877 1164 3913 m.
1183 3864 1199 3912 1
1216 3861 1248 3912 in
1265 3858 1347 3926 infer.
1366 3874 1483 3926 scarpo

342 3988 491 4058 aliumque]
512 3990 594 4056 atque
613 3987 695 4039 alium
714 4002 730 4040 o
822 3986 855 4039 12
875 3962 974 4047 autem,
993 3985 1024 4038 in
1042 4000 1128 4053 rnurp.
1147 3961 1198 4054 por
1215 3984 1308 4053 (aide
1417 3978 1483 4052 apud

342 4108 452 4171 utrosp
525 4118 573 4173 per
590 4068 720 4171 utrosq'p
789 4102 823 4154 16
841 4118 895 4153 non
914 4116 999 4153 onae
1055 4101 1086 4153 17
1105 4104 1197 4152 tamen
1217 4114 1305 4167 οπερ
1379 4114 1451 4151 more
1465 4116 1482 4164 p

341 4209 394 4245 uno
414 4208 494 4247 orco
566 4192 600 4245 22
620 4189 730 4259 tendit]
750 4188 902 4257 traditurp
985 4192 1075 4241 autom
1094 4204 1182 4257 ceap
1255 4188 1289 4242 25
1309 4188 1438 4241 ninenitis
1451 4204 1483 4255 p:

341 4280 471 4334 nininetis
490 4297 522 4347 a;
541 4280 671 4333 neniuitis
688 4296 719 4349 p;
737 4279 861 4331 niniuitis
882 4279 945 4331 bcc
999 4278 1097 4331 nincue
1112 4294 1151 4345 p;
1167 4277 1266 4331 neniue
1282 4294 1314 4347 9,·
1332 4276 1442 4329 niniucn
1461 4293 1483 4325 r:

341 4368 433 4422 ninine
453 4369 523 4422 ubo
