3192 4959
335 470 386 525 De
413 472 585 525 ciuitate
614 472 674 524 dei
701 471 766 527 lib.
792 470 878 523 XVII.
907 486 982 541 cap.
1011 474 1036 527 5.
1066 470 1089 523 6.
1221 475 1285 537 227

137 668 173 731 ab
202 686 239 733 eo
269 668 441 731 chrismate
470 666 609 730 cbristus
634 670 683 730 est
706 666 822 743 dictus,
851 666 987 749 mystice
1011 666 1229 747 accipiendum
1255 671 1288 733 et

134 794 287 858 magnum
312 779 546 838 sacramentum
569 773 818 857 intellegendum
844 778 907 849 cst;
938 773 1021 855 quod
1045 773 1076 837 in
1102 794 1137 837 eo
1161 778 1287 837 tantum

133 885 305 944 ueneratus
344 882 394 943 est
431 880 500 961 ipse
537 880 653 957 Dauid,
696 885 733 943 ut
767 898 918 962 percusso
957 880 1050 944 corde
1083 880 1284 962 pauilauerit,

134 987 257 1068 quando
282 986 316 1049 in
340 985 507 1050 tenebroso
532 986 713 1050 occultatus
738 989 837 1061 antro,
859 1004 920 1067 quo
941 986 1036 1050 etiam
1057 984 1134 1051 Saul
1153 992 1285 1071 urgente

105 1094 309 1156 aintrauerat
333 1092 523 1157 necessitate
548 1095 688 1165 naturae,
713 1092 860 1175 exiguam
884 1092 1073 1174 particulam
1094 1094 1194 1157 uestis
1215 1094 1283 1157 eius

133 1204 304 1263 retrorsum
332 1200 467 1262 latenter
495 1198 640 1273 abscidit,
668 1201 707 1262 ut
733 1198 864 1261 haberet
893 1198 975 1263 unde
998 1203 1197 1277 monstraret,
1222 1219 1283 1281 quo

134 1306 226 1369 modo
260 1306 288 1368 ei
322 1306 508 1389 pepercerit,
543 1324 615 1369 cum
646 1309 757 1387 posset
789 1304 943 1383 occidere,
977 1305 1079 1388 adque
1113 1306 1157 1369 ita
1180 1307 1283 1388 suspi-

134 1413 256 1476 cionem
286 1412 324 1476 de
353 1412 455 1476 animo
481 1412 560 1488 eius,
590 1430 652 1493 qua
676 1414 821 1475 sanctum
846 1412 952 1475 Dauid
979 1416 1095 1493 putans
1118 1411 1283 1476 inimicum

133 1538 226 1583 snum
264 1519 470 1583 uehementer
505 1518 763 1601 persequebatur,
804 1519 950 1582 auferret.
989 1518 1037 1583 Ne
1070 1518 1177 1599 itaque
1210 1538 1282 1583 reus

95 1631 217 1690 cesset
238 1626 321 1689 tanti
346 1627 535 1689 sacramenti
559 1626 591 1689 in
616 1623 711 1689 Saule
734 1624 858 1701 uiolati,
888 1625 962 1707 quia
984 1626 1037 1689 uel
1060 1625 1281 1690 indumentum

135 1734 199 1797 eius
233 1732 280 1796 sic
314 1731 515 1807 adtrectanit,
554 1731 711 1795 extimuit.
750 1729 800 1793 lta
833 1732 916 1795 enim
950 1732 1103 1813 scriptum
1138 1738 1201 1795 est:
1234 1732 1283 1795 Dt

135 1839 343 1921 percussit
384 1858 451 1904 cor
492 1838 626 1903 Dauid
668 1856 789 1920 super
831 1856 927 1914 eum,
969 1838 1063 1919 quia
1100 1838 1281 1903 abstulit

135 1946 340 2027 pinnulam
372 1944 599 2026 chlamydis
633 1944 731 2008 eius.
766 1943 850 2008 Viris
885 1944 1093 2027 autem,‘qui
1123 1964 1195 2009 cum
1223 1946 1279 2011 illo

137 2058 220 2116 amnt
254 2056 297 2131 et,
334 2054 373 2115 ut
404 2052 532 2115 Saulem
567 2051 599 2114 in
632 2068 744 2131 manus
778 2068 852 2115 suas
889 2051 1041 2115 traditum
1074 2052 1279 2127 interimeret,

98 2160 322 2223 resuadebant:
350 2158 433 2223 Non
462 2156 571 2228 milri.
600 2157 714 2238 inquit,
744 2156 964 2240 contingat
992 2176 1008 2219 a
1037 2157 1216 2233 Domino,
1246 2160 1280 2223 si

134 2266 265 2330 fecero
297 2266 371 2329 hoc
403 2264 568 2328 uerbum
602 2263 764 2328 domino
797 2282 880 2327 meo
916 2263 1072 2327 christo
1107 2263 1277 2339 Domini,

135 2373 282 2437 inferre
319 2391 473 2436 manum
506 2389 630 2434 meam
665 2356 786 2453 super
824 2388 926 2445 eum;
967 2369 1059 2450 quia
1092 2371 1277 2434 christus

136 2478 289 2543 Domini
327 2483 390 2542 est
422 2478 497 2541 hic.
535 2477 620 2541 Huic
654 2495 728 2561 ergo
761 2478 892 2541 umbrae
925 2477 1025 2540 futuri
1058 2494 1118 2541 non
1151 2480 1279 2558 propter

135 2586 243 2667 ipsam,
271 2585 328 2650 sed
354 2588 482 2667 propter
509 2584 599 2659 illud,
631 2584 714 2665 quod
737 2582 981 2666 praefigurabat,
1005 2586 1093 2647 tanta
1117 2582 1276 2646 ueneratio

95 2712 121 2752 ao
137 2692 343 2756 exhibebatur.
368 2691 459 2757 Unde
479 2694 511 2755 et
529 2690 619 2767 illud,
640 2690 723 2772 quod
742 2691 787 2753 ait
807 2688 896 2754 Sauli
916 2688 1058 2754 Samuel:
1080 2686 1275 2767 Quoniam

136 2817 205 2861 non
244 2798 426 2863 serrrasti
468 2797 697 2861 mandatum
738 2816 876 2873 meum,
919 2796 1027 2879 quod
1063 2794 1275 2859 mandauit

136 2905 209 2968 tibi
244 2906 450 2980 Dominus,
489 2924 602 2985 quem
641 2903 687 2967 ad
723 2903 880 2967 modum
917 2922 1019 2968 nunc
1057 2904 1276 2985 parauerat

137 3011 323 3077 Dominus
355 3031 521 3095 regnum
554 3014 664 3075 tunm
693 3030 823 3093 usque
851 3011 890 3074 in
918 3015 1124 3075 aeternum
1155 3030 1275 3093 super

136 3117 275 3183 lsrael:
308 3122 347 3183 et
380 3138 482 3183 nunc
515 3137 680 3203 regnum
713 3121 825 3183 tuum
858 3136 930 3182 nou
962 3118 1091 3181 stabit
1121 3116 1207 3192 tibi,
1237 3122 1276 3181 et

93 3228 297 3303 acquaeret
336 3225 532 3289 Dominus
574 3225 655 3290 sibi
701 3225 900 3289 hominem
944 3223 1164 3289 secundum
1207 3242 1274 3287 cor

139 3348 252 3405 suum,
281 3336 320 3396 et
346 3331 556 3395 mandabit
585 3332 620 3395 ei
644 3330 843 3395 Dominus
873 3350 962 3395 csse
985 3330 1023 3394 in
1047 3328 1272 3411 principem

138 3455 249 3518 anper
278 3438 474 3521 populum
507 3457 637 3513 suum;
671 3438 766 3519 quia
797 3456 872 3502 non
907 3435 1136 3501 custodisti
1173 3454 1271 3516 qnae

138 3544 335 3608 mandauit
365 3544 444 3607 tibi
477 3543 682 3621 Dominus,
715 3563 776 3607 non
811 3544 856 3607 sic
890 3542 1109 3624 accipiendum
1144 3545 1202 3616 est,
1235 3560 1271 3604 ac

138 3648 165 3710 si
183 3648 282 3731 ipsum
306 3650 433 3716 Saulem
458 3651 544 3715 Deus
567 3650 598 3715 in
619 3654 781 3715 aeternum
801 3651 1035 3733 praeparauerit
1054 3652 1270 3732 regnaturum,

93 3770 120 3808 aa
139 3757 169 3816 et
195 3755 250 3821 hoc
280 3761 391 3840 postea
423 3757 561 3820 noluerit
598 3776 724 3821 seruare
756 3756 900 3838 peccanti
932 3756 1046 3841 (neque
1081 3755 1163 3818 enim
1197 3772 1270 3817 cum

220 4016 251 4068 ιι
268 4016 332 4085 aeg.
351 4016 373 4079 ι,
392 4017 436 4078 aa,
456 4018 472 4070 c
491 4032 531 4084 sq.
585 4016 621 4069 ao
640 4017 677 4072 u.
699 4016 740 4080 ra,
761 4017 794 4071 ra
813 4032 853 4087 aq.

173 4189 360 4258 spectauerit
377 4209 412 4247 ea
428 4193 568 4261 putauerit
586 4208 665 4259 corr,
682 4193 714 4245 in
731 4208 818 4260 nrarp.
837 4192 1023 4261 palpitauerit,
1042 4208 1056 4245 e
1151 4193 1166 4243 5
1186 4192 1225 4243 eis
1244 4190 1267 4243 e¹

139 4276 173 4327 13
188 4279 314 4346 pianelam
331 4298 349 4351 p
405 4282 438 4335 15
457 4281 619 4352 contingfat,
639 4298 656 4333 u
676 4280 712 4347 (9)
733 4296 813 4345 eran,
829 4298 847 4349 p
911 4283 943 4334 19
962 4280 1050 4349 ipsum
1067 4296 1085 4349 p
1139 4279 1174 4331 26
1192 4295 1268 4331 man-

139 4362 210 4419 dauit
222 4385 239 4437 p
288 4371 322 4425 30
341 4370 412 4424 enim
430 4386 516 4425 om.e

1183 4472 1230 4526 15*
