3192 4959
382 491 433 544 De
462 490 636 544 ciuitate
665 489 726 544 dci
753 491 819 545 lib.
848 491 905 544 XX.
934 508 1009 561 cap.
1039 491 1081 547 21.
1242 497 1308 560 483

157 685 306 764 duorum,
343 689 375 750 et
405 685 437 750 in
470 685 592 750 cantico
631 685 825 750 canticorum
860 686 990 750 caritate
1023 707 1057 751 so
1090 686 1168 752 dicit
1200 695 1309 755 sancta

156 792 294 857 ecclesia
321 793 530 870 uulneratum,
557 794 649 857 uelut
671 793 789 858 amoris
811 793 921 874 inpetu
946 793 1139 876 sagittatam.
1168 793 1232 860 Sed
1255 797 1307 862 lrio

157 919 230 964 oum
255 899 393 983 legimus
417 900 470 964 uel
493 899 641 964 audimus
669 901 805 964 ultorem
830 899 1002 964 Dominum
1032 905 1306 981 coementorum,

156 1025 252 1088 quem
277 1006 316 1070 acl
340 1004 470 1071 modum
493 1007 570 1071 haec
593 1005 806 1088 intellegenda
829 1006 903 1081 sint,
928 1007 1048 1071 clarum
1072 1011 1131 1072 est.

122 1137 135 1170 s
199 1112 322 1177 Deinde
353 1113 493 1178 breuiter
524 1113 779 1177 commemoratis
807 1113 864 1187 sis,
897 1113 951 1195 qui
980 1133 1035 1196 per
1062 1115 1121 1178 hoc
1152 1113 1305 1180 iudicium

155 1222 391 1297 consumentur,
419 1219 479 1284 sub
502 1219 604 1302 figura
627 1219 769 1282 ciborum
791 1219 824 1283 in
848 1219 920 1303 legs
943 1221 1050 1284 uetere
1073 1219 1257 1296 uetitorum,
1288 1243 1306 1286 a

154 1325 272 1408 quibus
301 1345 335 1390 se
362 1345 422 1392 non
452 1327 683 1402 abstinuerunt,
715 1329 898 1408 peccatores
926 1325 1094 1409 inpiosque
1122 1327 1304 1410 significans

154 1433 346 1515 recapitulat
372 1433 411 1497 ab
439 1432 530 1497 initio
560 1433 693 1516 gratiam
723 1432 799 1497 noui
822 1433 1006 1496 testamenti
1029 1452 1048 1496 a
1070 1433 1172 1517 primo
1196 1433 1304 1500 Salus-

153 1539 233 1602 toris
271 1539 409 1603 aduentu
445 1558 548 1621 usque
585 1539 624 1602 ad
660 1539 813 1603 ultimum
850 1539 1016 1615 iudicium,
1054 1540 1092 1604 de
1126 1560 1187 1624 quo
1221 1561 1304 1607 nunc

111 1665 133 1702 1⁰
154 1647 292 1730 agimus,
315 1647 489 1730 perducens
507 1647 684 1727 finiensque
707 1665 893 1711 sermonem.
912 1645 1026 1710 Narrat
1044 1665 1178 1729 namque
1197 1647 1304 1712 Domi·

153 1771 229 1816 uum
264 1752 367 1818 dicere
400 1772 433 1817 se
466 1754 584 1829 uenire,
618 1758 656 1816 ut
687 1755 861 1836 congreget
893 1770 1002 1816 omnes
1031 1754 1153 1835 gentes,
1187 1773 1303 1836 easque

152 1863 305 1923 uenturas
333 1862 366 1923 et
391 1859 517 1924 uisuros
544 1859 612 1924 eius
640 1858 781 1942 gloriam.
816 1857 948 1922 Omnes
982 1859 1088 1936 enim,
1114 1861 1198 1926 sicut
1226 1861 1303 1926 dicit

152 1966 329 2048 apostolus,
357 1969 614 2048 peccauerunt
641 1971 678 2029 et
707 1971 817 2049 egent
844 1966 967 2048 gloria
995 1967 1073 2030 Dei.
1102 1967 1142 2031 Et
1173 1967 1301 2033 relictu-

151 2091 221 2136 rum
252 2092 287 2137 se
317 2072 395 2136 dicit
424 2091 519 2154 super
546 2091 600 2136 eos
629 2073 729 2156 signa,
758 2091 838 2153 quae
863 2071 972 2153 utique
1001 2071 1151 2137 mirantes
1175 2074 1303 2140 credant

109 2196 135 2236 ιε
153 2180 185 2244 in
219 2199 307 2244 eum:
341 2182 374 2243 et
405 2179 597 2243 emissurum
631 2198 665 2242 er
693 2179 759 2242 illis
788 2178 930 2242 saluatos
958 2179 990 2242 in
1019 2185 1129 2262 gentes
1158 2179 1300 2245 diuersas

151 2291 184 2352 et
221 2287 252 2349 in
288 2286 477 2369 longinquas
514 2285 646 2358 insulas,
684 2303 764 2368 quae
796 2305 857 2350 non
888 2285 1055 2349 audierunt
1086 2305 1198 2350 nomen
1232 2287 1300 2351 eius

151 2412 253 2475 neque
282 2393 430 2456 uiderunt
457 2393 525 2456 eius
553 2392 701 2476 gloriam3
735 2395 767 2456 et
798 2393 1040 2457 adnuntiaturus
1069 2393 1199 2476 gloriam
1231 2393 1299 2458 eius

149 2501 182 2564 in
206 2500 356 2583 gentibus
381 2503 412 2565 et
435 2499 628 2563 adducturos
651 2499 763 2563 fratres
786 2501 933 2574 istorum,
962 2499 1078 2580 quibus
1102 2499 1299 2581 loquebatur,

149 2607 184 2670 id
213 2610 263 2672 est
290 2607 321 2669 in
349 2605 411 2669 fide
438 2605 498 2671 sub
523 2605 589 2669 Deo
614 2605 707 2670 Patre
735 2605 846 2670 fratres
870 2605 1086 2670 Israelitarum
1110 2606 1298 2677 electorum:

103 2713 343 2778 roadducturos
380 2716 487 2776 autam
519 2732 555 2777 ex
588 2713 734 2777 omnibus
769 2711 918 2796 gentibus
949 2731 1066 2776 munus
1098 2711 1234 2777 Domino
1267 2713 1298 2778 in

148 2821 301 2884 iumentis
331 2822 363 2883 et
389 2818 547 2884 uehiculis
575 2818 671 2901 (quae
700 2818 843 2882 iumenta
871 2822 902 2883 ot
929 2817 1079 2882 uehicula
1106 2817 1184 2882 bene
1207 2819 1298 2884 intel-

146 2927 302 3012 leguntur
325 2927 482 2990 adiutoria
505 2945 574 2990 esse
599 2926 707 2990 diuina
729 2946 784 3009 per
804 2927 959 3008 cuiusque
980 2926 1104 3010 generis
1123 2926 1299 2991 ministeria

146 3033 219 3109 Dei,
253 3033 307 3096 uel
335 3031 478 3116 angelica
506 3031 559 3095 uel
586 3031 737 3112 humana)
764 3032 796 3095 in
827 3035 967 3096 sanctam
997 3031 1159 3096 ciuitatem
1183 3032 1295 3096 Hieru-

146 3141 259 3215 salem,
288 3159 369 3222 quae
395 3157 479 3203 nunc
507 3138 538 3202 in
567 3139 686 3202 sanctis
713 3138 862 3202 fidelibus
891 3143 941 3203 est
970 3138 1085 3203 diffusa
1107 3157 1163 3220 per
1185 3141 1296 3202 terras.

100 3263 129 3304 ²⁵
146 3247 212 3312 Ubi
240 3247 325 3310 enim
353 3245 507 3309 diuinitus
534 3245 734 3322 adiuuantur,
761 3245 806 3309 ibi
836 3245 977 3322 credunt,
1009 3248 1041 3308 et
1067 3245 1123 3309 ubi
1153 3245 1296 3320 credunt,

143 3353 192 3418 ibi
224 3353 367 3417 ueniunt.
400 3351 591 3435 conparauit
623 3356 729 3416 autem
761 3352 834 3416 illos
862 3351 1019 3416 Dominus
1048 3353 1208 3432 tamquam
1241 3371 1297 3433 per

144 3459 390 3526 similitudinem
421 3457 497 3522 filiis
529 3457 629 3522 Israel
661 3457 865 3523 offerentibus
898 3457 928 3523 ei
961 3477 1035 3523 suas
1067 3459 1188 3523 hostias
1222 3477 1295 3522 cum

239 3649 252 3703 l
274 3647 352 3703 Cant.
371 3649 397 3714 2,
416 3650 433 3702 5
489 3648 522 3702 10
540 3648 613 3702 Essi.
633 3649 677 3712 66,
698 3648 731 3702 18
788 3649 821 3702 12
840 3647 917 3702 Rom.
937 3649 962 3716 3,
982 3649 1015 3702 23

181 3773 323 3828 leantico
341 3788 429 3842 om.9
499 3771 665 3826 2mortisb
733 3771 956 3825 3audiuimnsb
1024 3771 1088 3825 oin
1107 3771 1168 3840 lege
1188 3771 1290 3839 uetere]

141 3861 344 3932 intellegeret
428 3861 516 3914 ueteri
532 3878 551 3930 p
617 3861 680 3928 Sal
701 3861 763 3914 ctb
832 3859 902 3915 ede
922 3861 986 3931 quo]
1007 3859 1113 3930 quodb
1180 3861 1212 3913 10
1231 3875 1292 3912 nar·

139 3955 242 4020 rantp
335 3949 367 4002 12
386 3954 415 4002 et
433 3949 539 4002 uisuros
558 3950 645 4002 ooob
727 3949 842 4018 glorium
863 3950 953 4003 eiuso
1032 3947 1131 4002 Omnes
1150 3964 1235 4015 usque
1255 3947 1294 4000 ud

140 4041 196 4096 Dei
214 4040 303 4094 anab
370 4040 402 4093 13
420 4042 603 4107 peccauerunt
620 4053 671 4092 om.
689 4037 718 4107 9¹
784 4041 816 4092 15
836 4039 994 4092 emissurum
1013 4037 1108 4105 utique
1124 4053 1143 4107 9
1212 4037 1244 4090 16
1263 4037 1290 4090 in

139 4129 309 4198 longinquas
329 4127 604 4196 abepporinom.
625 4125 798 4196 p¹uDomla
873 4127 905 4180 l'l
925 4125 1039 4195 gloriam
1059 4125 1150 4180 eiusv
1222 4123 1290 4192 glor.

138 4215 431 4272 eius...aoduoturoe
450 4216 537 4270 oro.b
648 4216 680 4269 18
699 4214 902 4284 adducturusp
1008 4213 1293 4267 melioratos

137 4309 177 4360 22
196 4307 284 4370 cuius,
302 4305 402 4359 omiaao
426 4321 487 4374 que,
506 4305 522 4358 b
612 4305 647 4358 23
666 4304 805 4357 ciuitatem
829 4307 950 4357 sanctam
969 4319 985 4356 o
1075 4303 1110 4356 24
1129 4305 1157 4357 in
1176 4317 1227 4356 om.
1247 4303 1290 4370 tp

137 4397 176 4450 26
195 4395 234 4448 ibi
253 4393 435 4462 inueniuntp
490 4394 523 4446 21
544 4391 738 4446 similitudines
757 4391 773 4444 b
847 4392 872 4444 ei
891 4393 964 4460 suas]
984 4406 1031 4444 uas
1051 4391 1067 4444 b

1204 4495 1253 4549 31*
