3192 4959
303 416 368 478 360
649 414 675 467 S.
703 413 861 467 Aurelii
889 412 1106 481 Augustini

303 605 533 692 amortuis):
562 607 679 671 melius
702 607 735 671 in
759 608 818 671 hac
843 607 1028 689 quaestione
1052 607 1205 673 soluenda
1228 609 1302 673 inde
1325 609 1446 675 initium

304 714 476 790 sumimus;
500 714 687 797 praesertim
710 714 785 796 quia
808 716 884 778 tunc
908 713 1002 779 datus
1022 716 1072 778 cst
1090 715 1187 779 etiam
1207 714 1346 798 Spiritus
1366 735 1449 781 sanc-

302 825 367 899 tus,
401 820 486 885 sicut
518 840 591 885 eum
627 820 694 885 dari
726 823 800 903 post
831 822 1094 885 resurrectionem
1132 821 1251 887 Christi
1289 824 1449 906 oportebat

302 928 335 992 in
369 946 406 991 ea
436 927 579 1005 ciuitate,
613 947 649 991 ex
678 946 741 1009 qua
768 928 880 993 debuit
906 928 1043 1011 incipere
1070 927 1120 991 lex
1144 930 1292 1007 secunda,
1321 930 1381 995 hoc
1404 934 1449 995 est

303 1037 531 1099 testamentum
565 1054 694 1099 nouum.
727 1034 835 1098 Prima
867 1035 950 1099 enim
989 1034 1052 1099 fuit
1084 1054 1120 1099 cx
1152 1040 1260 1101 monte
1294 1035 1369 1101 Sina
1399 1056 1485 1119 pers

304 1142 449 1224 Moysen,
483 1141 567 1224 quod
599 1144 828 1205 testamentum
860 1144 994 1206 uocatur
1026 1144 1132 1209 uetus.
1165 1142 1213 1206 De
1247 1144 1305 1207 hac
1338 1146 1447 1209 autem.

307 1267 388 1332 quae
411 1267 468 1331 per
491 1246 654 1313 Christum
678 1247 780 1311 danda
804 1251 879 1326 erat,
903 1248 1101 1332 praedictum
1126 1252 1188 1313 est:
1213 1250 1262 1312 lix
1288 1249 1375 1314 Sion
1397 1250 1448 1313 lex

305 1354 459 1438 prodiet
491 1359 528 1420 et
559 1355 716 1419 uerbum
750 1354 899 1421 Domini
932 1373 972 1419 er
1005 1356 1256 1421 Hierusalem.
1297 1356 1387 1421 Unde
1421 1360 1449 1418 et

305 1463 375 1545 ipse
402 1482 458 1545 per
491 1482 599 1528 omnes
632 1466 743 1545 gentes
776 1460 855 1525 dixit
886 1461 1060 1543 praedicari
1093 1466 1238 1545 oportere
1271 1464 1303 1526 in
1333 1463 1449 1527 nomine

307 1588 364 1634 suo
389 1568 626 1651 paenitentiam,
650 1569 707 1633 sed
730 1572 836 1633 tamen
860 1568 1087 1650 incipientibus
1113 1568 1151 1633 ab
1170 1570 1383 1633 Hierusalem.
1405 1568 1447 1632 lbi
1465 1592 1484 1629 n

307 1695 380 1760 ergo
406 1694 534 1740 exorsus
554 1679 604 1740 est
623 1676 719 1741 huius
742 1676 879 1740 nominis
904 1676 1020 1752 cultus,
1046 1679 1083 1739 ut
1105 1674 1263 1739 inlesum
1284 1674 1447 1749 Christum,

308 1783 363 1866 qui
387 1782 555 1847 crucifixus
579 1782 682 1846 fuerat
706 1786 738 1847 et
759 1785 981 1862 resurrexerat,
1006 1782 1196 1847 crederetur.
1215 1782 1265 1846 Ibi
1284 1782 1362 1847 haec
1378 1780 1447 1844 fides

307 1893 372 1954 tam
396 1889 576 1973 insignibus
599 1889 701 1954 initiis
725 1890 898 1968 incanduit,
923 1893 960 1954 ut
984 1891 1107 1972 aliquot
1129 1890 1296 1955 hominum
1319 1888 1445 1953 milicia

308 1996 429 2063 Christi
450 2015 564 2061 nomen
587 1997 725 2061 mirabili
749 1996 911 2062 alacritate
936 2016 1090 2062 conuersa
1108 1996 1247 2061 uenditis
1268 1996 1333 2060 suis
1351 1995 1444 2073 rebus,

308 2107 346 2167 ut
378 2104 488 2187 egenis
521 2104 797 2181 distribuerentur,
830 2106 994 2187 proposito
1028 2107 1137 2168 sancto
1172 2107 1204 2167 et
1237 2102 1445 2167 ardentissima
1466 2122 1484 2163 c

309 2210 441 2274 caritate
469 2210 509 2275 ad
535 2215 754 2293 paupertatem
782 2211 995 2275 uoluntariam
1025 2212 1228 2294 peruenirent
1255 2211 1355 2293 adque
1375 2210 1446 2272 inter

308 2318 480 2381 frementes
504 2322 536 2381 et
559 2317 746 2400 sanguinem
771 2317 917 2381 sitientes
941 2315 1076 2382 Iudaeos
1096 2335 1130 2380 se
1149 2317 1307 2399 usquead
1325 2320 1445 2380 mortem

309 2442 366 2507 pro
404 2425 538 2489 ueritate
576 2428 694 2489 certare
732 2444 793 2489 non
831 2428 951 2489 armata
992 2425 1143 2507 potentia,
1187 2424 1243 2489 sod
1284 2421 1445 2507 potentiore

310 2531 464 2614 patientia
489 2534 721 2613 praepararent.
749 2532 820 2595 Hoc
848 2532 876 2595 si
903 2532 1000 2595 nullis
1028 2531 1161 2614 magicis
1190 2529 1313 2595 artibus
1341 2530 1446 2593 factum

310 2640 370 2715 est,
399 2656 481 2719 quur
508 2636 635 2701 credere
663 2637 810 2701 dubitant
838 2636 948 2701 eadem
975 2636 1096 2701 uirtute
1129 2636 1238 2699 diuina
1270 2655 1326 2719 por
1355 2638 1445 2698 totum
1460 2658 1481 2695 a

310 2742 467 2807 mundum
494 2743 528 2805 id
551 2743 620 2807 lieri
642 2743 799 2825 potuisse,
828 2762 890 2825 qua
913 2742 972 2807 hoc
995 2744 1116 2807 factum
1142 2746 1211 2806 est?
1236 2742 1271 2808 Si
1296 2745 1447 2807 autemut

310 2850 543 2931 Hierosolymis
581 2850 627 2914 sic
664 2849 703 2913 ad
745 2850 868 2914 cultum
910 2849 1046 2914 nominis
1085 2848 1204 2914 Christi
1242 2848 1448 2913 accenderetur

312 2960 401 3021 tanta
434 2956 597 3020 hominum
630 2956 816 3033 multitudo,
850 2975 929 3038 quae
961 2956 1054 3021 illum
1085 2956 1118 3019 in
1152 2974 1245 3019 cruce
1276 2956 1329 3020 uel
1354 2952 1448 3017 fixerat

311 3082 463 3145 prensum
499 3063 553 3127 uel
587 3062 700 3127 riserat
735 3062 843 3139 fixum,
885 3062 949 3126 iam
990 3060 1182 3127 maleficium
1223 3060 1305 3125 illud
1345 3060 1448 3125 fecerat

312 3170 439 3246 Petrus,
467 3188 504 3233 er
530 3170 600 3253 ipso
632 3190 712 3234 anno
742 3169 956 3251 quaerendum
984 3172 1043 3247 est,
1073 3168 1195 3251 quando
1220 3168 1354 3232 trecenti
1375 3182 1479 3229 sera-ss

313 3276 402 3361 ginta
425 3276 563 3357 quinque
587 3276 727 3359 conpleti
750 3277 824 3341 siut.
844 3276 992 3340 Mortuus
1012 3277 1061 3339 est
1078 3294 1152 3359 ergo
1173 3272 1320 3339 Christus
1339 3272 1447 3337 duobus

315 3382 458 3447 Geminis
506 3384 690 3448 consulibus
738 3387 853 3449 octauo
899 3382 1061 3446 Kalendas
1101 3380 1231 3463 Aprilis.
1282 3377 1448 3445 Resurrerit

313 3489 407 3553 tertio
441 3488 502 3567 die,
536 3490 619 3555 sicut
651 3490 789 3574 apostoli
826 3490 894 3553 suis
928 3489 1023 3553 etiam
1061 3489 1206 3553 sensibus
1239 3487 1447 3571 probauerunt

405 3716 421 3769 7
440 3715 513 3769 Esai.
532 3717 559 3784 2,
577 3717 594 3770 3
649 3719 665 3771 9
685 3716 730 3769 Lc.
752 3718 794 3780 24,
815 3718 847 3769 27

352 3840 502 3909 idatap¹
559 3840 669 3911 prodiet
687 3842 763 3895 lero
806 3842 839 3895 10
860 3841 913 3895 ‘hio
933 3842 1033 3895 &sinit
1052 3840 1110 3895 cod.
1133 3839 1171 3905 Γ
1190 3840 1291 3893 Doruh.
1335 3834 1448 3893 110111-

317 3933 388 3983 stum
406 3928 531 3983 Iesnmv
635 3931 668 3984 13
687 3931 800 3999 aliquod
819 3947 857 3999 ep
959 3932 991 3983 li
1011 3947 1039 3983 so
1060 3948 1110 3981 cru
1128 3948 1160 3998 p,·
1178 3945 1206 3981 se
1227 3930 1322 3997 utique
1342 3938 1447 3995 usqucu

318 4018 350 4073 18
370 4035 445 4072 arma
462 4018 518 4082 sed,
538 4019 569 4073 in
586 4037 672 4090 maru.
692 4022 791 4074 armati
809 4021 942 4091 potentia,
957 4038 979 4089 p
1044 4022 1076 4073 21
1097 4036 1186 4089 posse,
1205 4036 1241 4071 uu.
1261 4022 1281 4071 2
1300 4016 1449 4084 rmcupt..9

318 4109 381 4177 quia
395 4125 417 4177 p
476 4109 511 4162 22
530 4109 570 4162 sic
588 4126 639 4163 om.
659 4125 698 4179 ep
755 4110 791 4162 24
810 4110 1006 4179 apprehensum
1021 4126 1043 4178 p
1103 4108 1137 4162 26
1158 4110 1259 4175 suntp
1313 4106 1346 4159 27
1364 4108 1447 4157 octauo

317 4240 371 4293 e9,·
388 4190 472 4277 ·vf11·
493 4225 537 4277 ab
543 4242 580 4293 125
598 4228 724 4279 octauum
744 4245 758 4296 p
777 4225 876 4279 Domb.
932 4224 1024 4294 aprilis
1044 4241 1061 4276 n
1073 4241 1098 4290 c;
1118 4222 1217 4293 apriles
1234 4220 1302 4293 9p²;
1320 4220 1398 4292 sprll'.
1412 4217 1447 4283 hp

317 4314 353 4367 28
370 4314 453 4367 tertio
473 4314 517 4367 ab
528 4331 566 4383 ep
577 4332 590 4383 p
601 4332 632 4381 α,·
650 4316 733 4369 tertia
746 4332 794 4383 pu
867 4314 998 4384 apostolis
1018 4330 1031 4367 e
