3192 4959
323 440 387 502 588
669 437 695 488 S.
724 435 884 489 Aurelii
913 435 1130 504 Augustini

322 632 397 713 quie
424 633 481 696 illa
509 631 668 706 caelestia,
697 631 759 694 iste
788 631 960 700 terrestria.
990 633 1093 694 temen
1124 649 1257 712 corpore
1285 635 1317 692 et
1345 649 1458 714 corporo

322 738 479 820 copulare.

798 929 936 996 CAPUT
960 930 998 994 V.

367 1073 421 1137 De
450 1073 762 1136 resurrectione
787 1073 934 1150 cernis,
959 1092 1071 1155 quarn
1098 1072 1259 1154 quidum
1284 1071 1422 1136 mundo

651 1179 843 1244 credente
869 1198 943 1242 non
968 1179 1148 1246 credunt.

367 1319 428 1385 Sed
461 1321 522 1384 boc
555 1319 740 1384 incredibile
773 1320 871 1384 fuerit
903 1320 1088 1402 aliquando:
1128 1339 1200 1386 ecce
1237 1321 1301 1384 ianr
1340 1319 1458 1384 credidit

320 1427 459 1490 mundus
484 1427 647 1490 sublatum
671 1429 831 1490 terrenum
858 1426 977 1492 Christi
1002 1445 1116 1510 corpus
1146 1428 1176 1490 in
1202 1428 1340 1502 oaelnm;
1371 1446 1458 1490 resur·

321 1532 493 1597 rectionem
523 1533 625 1596 carnis
656 1536 687 1596 et
718 1531 958 1596 adscensionem
988 1533 1018 1596 in
1045 1551 1197 1615 supernas
1222 1532 1326 1610 sedes,
1349 1533 1458 1615 paucis-

320 1639 410 1703 simis
434 1639 673 1703 remanentibus
698 1639 800 1720 edque
826 1639 1027 1721 stupentibus
1051 1641 1104 1703 uel
1128 1639 1232 1703 doctis
1252 1640 1306 1702 uel
1325 1638 1459 1705 indoctis.

319 1746 383 1808 iam
409 1745 609 1808 crediderunt
632 1749 665 1808 ct
689 1745 774 1809 docti
798 1747 831 1808 et
854 1744 983 1810 indocti.
1019 1745 1051 1809 Si
1075 1764 1142 1809 rem
1166 1745 1351 1810 credibilem
1375 1743 1459 1808 credi·
1475 1771 1492 1806 n

321 1851 443 1929 derunt,
468 1852 599 1916 uideant
622 1871 715 1933 quem
740 1851 805 1915 sint
829 1851 948 1928 stolidi,
974 1853 1027 1933 qui
1053 1871 1111 1916 non
1139 1852 1286 1929 credunt;
1315 1853 1342 1916 si
1365 1853 1459 1914 nutem

319 1975 370 2020 res
398 1956 592 2020 incredibilis
622 1955 740 2020 credita
769 1960 829 2032 est,
854 1955 949 2020 etiem
982 1957 1041 2020 boc
1066 1958 1178 2039 utiquc
1201 1957 1387 2022 incredibile
1410 1960 1459 2018 est.

207 2109 216 2128 .
321 2062 367 2126 sio
392 2062 546 2126 creditum
572 2081 651 2136 esso,
672 2061 756 2143 qnod
777 2061 961 2126 incredibile
982 2067 1040 2128 est.
1064 2063 1152 2126 Haeo
1173 2063 1274 2146 igitur
1293 2063 1355 2127 duo
1374 2064 1458 2126 incre·

320 2169 440 2245 (libitia,
464 2169 727 2234 resurrectionem
753 2169 1167 2252 scilicetnostrioor·p01is
1192 2171 1223 2234 in
1249 2175 1407 2234 aeternum
1433 2171 1459 2229 et

320 2295 386 2339 rem
413 2281 480 2340 tam
507 2275 724 2340 incredibilem
753 2275 906 2339 mundum
937 2295 1006 2340 esse
1037 2275 1240 2353 crediturum,
1264 2275 1348 2340 idem
1372 2275 1457 2349 Deus,
1473 2291 1489 2328 e

321 2386 489 2466 antequam
512 2383 563 2445 uel
590 2400 689 2445 unum
714 2381 827 2447 borum
852 2381 952 2460 lieret,
973 2382 1065 2446 ambo
1089 2383 1197 2446 future
1216 2401 1287 2446 esse
1307 2380 1457 2463 praedixit.

321 2489 426 2553 Unum
454 2489 587 2552 duorum
616 2487 850 2554 incredibilium
882 2489 943 2552 ium
973 2490 1094 2552 foetum
1122 2489 1282 2562 uidemus,
1313 2495 1357 2564 ut,
1386 2485 1458 2570 quod

320 2598 387 2659 eret
409 2596 603 2673 incredibile,
625 2595 767 2659 crederet
790 2595 942 2659 mundus:
969 2615 1051 2678 quur
1075 2596 1106 2660 id
1130 2596 1214 2678 quod
1237 2595 1395 2678 reliquum
1417 2598 1458 2656 est

320 2702 515 2787 desperatur,
548 2706 585 2765 ut
617 2702 713 2764 etiem
745 2702 805 2766 boo
843 2701 961 2778 ueniet,
996 2703 1080 2784 quod
1115 2703 1300 2768 incredibile
1338 2699 1457 2767 credidit

320 2809 468 2884 mundus,
498 2809 583 2873 siout
609 2807 673 2872 iam
701 2809 800 2884 uenit,
833 2809 917 2890 quod
947 2808 1094 2873 similiter
1121 2810 1306 2874 incredibile
1334 2809 1400 2884 fuit,
1427 2814 1479 2868 nte

318 2935 386 2979 rem
413 2919 479 2979 tam
506 2915 724 2979 incredibilem
753 2915 893 2979 crederet
921 2916 1070 2995 mundus
1096 2917 1220 2998 quando
1251 2915 1375 3000 quidem
1405 2913 1453 2976 bor

319 3026 490 3104 utrumque
518 3021 711 3097 incredibile,
737 3041 872 3102 quorum
902 3022 1049 3086 uidemus
1078 3043 1188 3098 uuum,
1213 3026 1348 3088 alterum
1371 3019 1451 3084 eredi-

319 3147 403 3204 mus,
423 3129 454 3191 in
475 3128 595 3191 eisdem
620 3128 735 3192 litteris
760 3127 958 3209 praedictum
985 3129 1036 3206 sit,
1058 3149 1113 3212 per
1132 3149 1211 3212 quas
1232 3130 1362 3194 credidit
1378 3145 1451 3190 mun-

320 3235 401 3298 dus?
440 3235 482 3297 Et
508 3233 576 3316 ipse
605 3234 730 3310 modus,
756 3253 818 3316 quo
847 3236 985 3299 mundus
1015 3236 1158 3313 credidit,
1188 3237 1215 3300 si
1244 3235 1450 3301 consideretur.

318 3339 533 3405 incredibilior
570 3341 740 3406 inuenitur.
783 3341 962 3404 lneruditos
1000 3341 1186 3406 liberalibus
1224 3340 1395 3424 disciplinis
1426 3348 1483 3398 eru

320 3448 456 3521 omnino,
482 3451 635 3530 quantum
660 3447 700 3511 ad
723 3448 859 3512 istorum
884 3448 1044 3512 doctrinas
1069 3447 1199 3526 adtinet,
1225 3449 1382 3532 inpolitos,
1399 3461 1447 3507 nou

317 3554 437 3635 peritos
461 3554 677 3637 grammatica,
702 3573 761 3617 non
787 3558 925 3619 armatos
951 3554 1126 3628 dialectica,
1152 3575 1211 3620 non
1240 3553 1390 3620 rhetorica
1413 3549 1436 3613 iu

320 3660 422 3739 datos,
450 3662 624 3743 piscatores
654 3659 800 3726 Christus
831 3681 902 3725 cum
931 3663 1052 3726 retibus
1084 3661 1157 3725 lidei
1187 3661 1226 3726 ad
1254 3681 1339 3726 mure
1370 3657 1446 3722 brrius

409 3850 441 3904 16
460 3850 509 3903 Mt.
531 3851 574 3910 26,
597 3850 629 3902 13

354 3977 371 4028 9
390 3973 434 4026 uel
449 3974 569 4027 indoctis
583 3990 633 4027 om.
651 3975 666 4027 b
706 3975 738 4028 10
754 3977 782 4026 et
797 3973 871 4028 docti
886 3991 937 4028 om,
951 3975 974 4028 c¹
1015 3976 1044 4027 ll
1067 3973 1221 4047 crediderut
1236 3973 1285 4028 dut
1300 3977 1444 4038 (correctore

316 4065 399 4116 iuxta
414 4064 556 4130 peritam
626 4063 656 4115 11
676 4080 715 4130 sq.
735 4062 851 4116 credunt
870 4079 928 4116 esso
948 4063 1020 4132 quod
1039 4062 1199 4116 incredibile
1219 4069 1269 4116 est.
1290 4063 1361 4116 Haec
1377 4060 1446 4130 igitur

318 4152 413 4207 cettb
505 4153 538 4205 13
558 4152 580 4203 si
600 4151 767 4220 creditump
860 4153 996 4205 renosci
1016 4167 1099 4208 once
1193 4154 1225 4205 15
1244 4152 1326 4221 idern]
1345 4146 1445 4204 ideo«

321 4240 352 4292 16
371 4241 466 4294 borum
486 4240 873 4308 abeppo;eorumDornb.
929 4239 1111 4311 predidiritp
1149 4241 1180 4293 11
1202 4243 1244 4309 ut}
1266 4247 1318 4294 ete
1353 4236 1446 4292 culon.

317 4329 422 4383 scilicet
443 4335 508 4397 utp
545 4330 578 4382 23
598 4331 645 4398 sit}
665 4334 755 4398 estp;
774 4346 824 4384 orer.
840 4347 887 4398 pp
924 4331 958 4382 24
978 4330 1025 4383 sed
1044 4332 1102 4398 ipsc
1119 4347 1137 4399 p
1174 4329 1208 4383 28
1223 4329 1272 4384 sed
1286 4331 1422 4400 piscatores
1431 4342 1447 4392 p
