<?xml version="1.0" encoding="UTF-8"?>
<!DOCTYPE html PUBLIC "-//W3C//DTD XHTML 1.0 Transitional//EN"
    "http://www.w3.org/TR/xhtml1/DTD/xhtml1-transitional.dtd">
<html xmlns="http://www.w3.org/1999/xhtml" xml:lang="en" lang="en">
 <head>
  <title>
</title>
<meta http-equiv="Content-Type" content="text/html;charset=utf-8" />
  <meta name='ocr-system' content='tesseract 3.04.00' />
  <meta name='ocr-capabilities' content='ocr_page ocr_carea ocr_par ocr_line ocrx_word'/>
</head>
<body>
  <div class='ocr_page' id='page_1' title='image "./corpusscriptoru07wiengoog/corpusscriptoru07wiengoog_0048.png"; bbox 0 0 3192 4959; ppageno 0'>
   <div class='ocr_carea' id='block_1_1' title="bbox 263 456 1070 527">
    <p class='ocr_par' dir='ltr' id='par_1_1' title="bbox 263 456 1070 527">
     <span class='ocr_line' id='line_1_1' title="bbox 263 456 1070 527; baseline -0.01 -8"><span class='ocrx_word' id='word_1_1' title='bbox 263 464 305 527; x_wconf 85' lang='lat'>32</span> <span class='ocrx_word' id='word_1_2' title='bbox 481 464 484 471; x_wconf 85' lang='grc'><strong>“</strong></span> <span class='ocrx_word' id='word_1_3' title='bbox 611 458 637 511; x_wconf 86' lang='lat' dir='ltr'>S.</span> <span class='ocrx_word' id='word_1_4' title='bbox 667 457 829 512; x_wconf 78' lang='lat' dir='ltr'>Aurelii</span> <span class='ocrx_word' id='word_1_5' title='bbox 853 456 1070 527; x_wconf 74' lang='lat' dir='ltr'><strong>Augustini</strong></span> 
     </span>
    </p>
   </div>
   <div class='ocr_carea' id='block_1_2' title="bbox 264 650 1484 3723">
    <p class='ocr_par' dir='ltr' id='par_1_2' title="bbox 264 650 1484 3723">
     <span class='ocr_line' id='line_1_2' title="bbox 264 650 1415 739; baseline -0.004 -19"><span class='ocrx_word' id='word_1_6' title='bbox 264 676 300 721; x_wconf 88' lang='lat' dir='ltr'>eo</span> <span class='ocrx_word' id='word_1_7' title='bbox 331 656 416 739; x_wconf 89' lang='lat' dir='ltr'>quod</span> <span class='ocrx_word' id='word_1_8' title='bbox 445 659 495 719; x_wconf 88' lang='lat' dir='ltr'>est</span> <span class='ocrx_word' id='word_1_9' title='bbox 523 655 658 732; x_wconf 77' lang='lat' dir='ltr'>deficiat,</span> <span class='ocrx_word' id='word_1_10' title='bbox 684 675 719 719; x_wconf 91' lang='lat' dir='ltr'>ex</span> <span class='ocrx_word' id='word_1_11' title='bbox 747 655 808 719; x_wconf 88' lang='lat' dir='ltr'>hoe</span> <span class='ocrx_word' id='word_1_12' title='bbox 837 654 920 737; x_wconf 90' lang='lat' dir='ltr'>quod</span> <span class='ocrx_word' id='word_1_13' title='bbox 949 655 987 719; x_wconf 88' lang='lat' dir='ltr'>de</span> <span class='ocrx_word' id='word_1_14' title='bbox 1016 654 1115 719; x_wconf 85' lang='lat' dir='ltr'>nihilo</span> <span class='ocrx_word' id='word_1_15' title='bbox 1144 654 1229 717; x_wconf 85' lang='lat' dir='ltr'>laete</span> <span class='ocrx_word' id='word_1_16' title='bbox 1254 657 1311 717; x_wconf 87' lang='lat' dir='ltr'>est.</span> <span class='ocrx_word' id='word_1_17' title='bbox 1348 650 1415 715; x_wconf 88' lang='lat' dir='ltr'>Nee</span> 
     </span>
     <span class='ocr_line' id='line_1_3' title="bbox 266 758 1416 839; baseline -0.005 -12"><span class='ocrx_word' id='word_1_18' title='bbox 266 762 312 827; x_wconf 88' lang='lat' dir='ltr'>sie</span> <span class='ocrx_word' id='word_1_19' title='bbox 337 762 452 827; x_wconf 77' lang='lat' dir='ltr'><strong>defecit</strong></span> <span class='ocrx_word' id='word_1_20' title='bbox 476 763 582 839; x_wconf 83' lang='lat' dir='ltr'>homo,</span> <span class='ocrx_word' id='word_1_21' title='bbox 606 765 643 825; x_wconf 91' lang='lat' dir='ltr'>ut</span> <span class='ocrx_word' id='word_1_22' title='bbox 667 762 793 825; x_wconf 92' lang='lat' dir='ltr'>omnino</span> <span class='ocrx_word' id='word_1_23' title='bbox 818 761 896 825; x_wconf 91' lang='lat' dir='ltr'>nihil</span> <span class='ocrx_word' id='word_1_24' title='bbox 921 764 1016 839; x_wconf 83' lang='lat' dir='ltr'>esset,</span> <span class='ocrx_word' id='word_1_25' title='bbox 1041 760 1098 825; x_wconf 86' lang='lat' dir='ltr'>sed</span> <span class='ocrx_word' id='word_1_26' title='bbox 1121 764 1159 825; x_wconf 89' lang='lat' dir='ltr'>ut</span> <span class='ocrx_word' id='word_1_27' title='bbox 1180 760 1352 824; x_wconf 86' lang='lat' dir='ltr'>inelinetus</span> <span class='ocrx_word' id='word_1_28' title='bbox 1376 758 1416 822; x_wconf 86' lang='lat' dir='ltr'>ad</span> 
     </span>
     <span class='ocr_line' id='line_1_4' title="bbox 266 864 1417 951; baseline -0.004 -19"><span class='ocrx_word' id='word_1_29' title='bbox 266 888 299 932; x_wconf 92' lang='lat' dir='ltr'>se</span> <span class='ocrx_word' id='word_1_30' title='bbox 333 868 438 951; x_wconf 88' lang='lat' dir='ltr'>ipsum</span> <span class='ocrx_word' id='word_1_31' title='bbox 471 867 577 931; x_wconf 88' lang='lat' dir='ltr'>minus</span> <span class='ocrx_word' id='word_1_32' title='bbox 606 870 701 943; x_wconf 85' lang='lat' dir='ltr'>esset,</span> <span class='ocrx_word' id='word_1_33' title='bbox 732 886 827 949; x_wconf 87' lang='lat' dir='ltr'>quam</span> <span class='ocrx_word' id='word_1_34' title='bbox 856 869 933 942; x_wconf 81' lang='lat' dir='ltr'>erat,</span> <span class='ocrx_word' id='word_1_35' title='bbox 963 885 1035 932; x_wconf 86' lang='lat' dir='ltr'>euru</span> <span class='ocrx_word' id='word_1_36' title='bbox 1064 864 1093 928; x_wconf 90' lang='lat' dir='ltr'>ei</span> <span class='ocrx_word' id='word_1_37' title='bbox 1121 866 1174 948; x_wconf 91' lang='lat' dir='ltr'>qui</span> <span class='ocrx_word' id='word_1_38' title='bbox 1208 882 1332 929; x_wconf 88' lang='lat' dir='ltr'>summe</span> <span class='ocrx_word' id='word_1_39' title='bbox 1366 868 1417 928; x_wconf 84' lang='lat' dir='ltr'>est</span> 
     </span>
     <span class='ocr_line' id='line_1_5' title="bbox 265 970 1417 1054; baseline -0.003 -17"><span class='ocrx_word' id='word_1_40' title='bbox 265 974 458 1040; x_wconf 79' lang='lat' dir='ltr'>inhaerebat.</span> <span class='ocrx_word' id='word_1_41' title='bbox 496 974 620 1038; x_wconf 85' lang='lat' dir='ltr'>Relicto</span> <span class='ocrx_word' id='word_1_42' title='bbox 650 974 759 1054; x_wconf 88' lang='lat' dir='ltr'>itaque</span> <span class='ocrx_word' id='word_1_43' title='bbox 788 973 855 1037; x_wconf 87' lang='lat' dir='ltr'>Deo</span> <span class='ocrx_word' id='word_1_44' title='bbox 884 991 953 1037; x_wconf 85' lang='lat' dir='ltr'>esse</span> <span class='ocrx_word' id='word_1_45' title='bbox 984 973 1014 1036; x_wconf 95' lang='lat' dir='ltr'>in</span> <span class='ocrx_word' id='word_1_46' title='bbox 1044 975 1147 1037; x_wconf 88' lang='lat' dir='ltr'>semet</span> <span class='ocrx_word' id='word_1_47' title='bbox 1172 973 1253 1054; x_wconf 82' lang='lat' dir='ltr'>ipso,</span> <span class='ocrx_word' id='word_1_48' title='bbox 1277 970 1338 1035; x_wconf 87' lang='lat' dir='ltr'>hoe</span> <span class='ocrx_word' id='word_1_49' title='bbox 1367 974 1417 1033; x_wconf 87' lang='lat' dir='ltr'>est</span> 
     </span>
     <span class='ocr_line' id='line_1_6' title="bbox 267 1077 1467 1163; baseline -0.003 -20"><span class='ocrx_word' id='word_1_50' title='bbox 267 1080 327 1143; x_wconf 89' lang='lat' dir='ltr'>sibi</span> <span class='ocrx_word' id='word_1_51' title='bbox 355 1080 492 1163; x_wconf 80' lang='lat' dir='ltr'>plaeere,</span> <span class='ocrx_word' id='word_1_52' title='bbox 516 1099 575 1143; x_wconf 91' lang='lat' dir='ltr'>non</span> <span class='ocrx_word' id='word_1_53' title='bbox 603 1080 667 1143; x_wconf 84' lang='lat' dir='ltr'>iem</span> <span class='ocrx_word' id='word_1_54' title='bbox 697 1080 776 1143; x_wconf 88' lang='lat' dir='ltr'>nihil</span> <span class='ocrx_word' id='word_1_55' title='bbox 806 1098 875 1143; x_wconf 86' lang='lat' dir='ltr'>esse</span> <span class='ocrx_word' id='word_1_56' title='bbox 905 1082 964 1152; x_wconf 84' lang='lat' dir='ltr'>est,</span> <span class='ocrx_word' id='word_1_57' title='bbox 988 1078 1044 1142; x_wconf 87' lang='lat' dir='ltr'>sed</span> <span class='ocrx_word' id='word_1_58' title='bbox 1072 1077 1172 1141; x_wconf 86' lang='lat' dir='ltr'>nihilo</span> <span class='ocrx_word' id='word_1_59' title='bbox 1195 1079 1416 1160; x_wconf 85' lang='lat' dir='ltr'>propinquare.</span> <span class='ocrx_word' id='word_1_60' title='bbox 1451 1101 1467 1138; x_wconf 71' lang='lat' dir='ltr'>a</span> 
     </span>
     <span class='ocr_line' id='line_1_7' title="bbox 267 1184 1418 1269; baseline -0.004 -18"><span class='ocrx_word' id='word_1_61' title='bbox 267 1186 357 1251; x_wconf 86' lang='lat' dir='ltr'>Unde</span> <span class='ocrx_word' id='word_1_62' title='bbox 382 1186 509 1269; x_wconf 85' lang='lat' dir='ltr'>superbi</span> <span class='ocrx_word' id='word_1_63' title='bbox 534 1186 710 1251; x_wconf 88' lang='lat' dir='ltr'>seeundum</span> <span class='ocrx_word' id='word_1_64' title='bbox 735 1186 907 1269; x_wconf 85' lang='lat' dir='ltr'>scripturas</span> <span class='ocrx_word' id='word_1_65' title='bbox 932 1188 1057 1250; x_wconf 85' lang='lat' dir='ltr'>sanctas</span> <span class='ocrx_word' id='word_1_66' title='bbox 1082 1184 1144 1248; x_wconf 89' lang='lat' dir='ltr'>alio</span> <span class='ocrx_word' id='word_1_67' title='bbox 1168 1185 1293 1248; x_wconf 85' lang='lat' dir='ltr'>nomine</span> <span class='ocrx_word' id='word_1_68' title='bbox 1312 1185 1418 1265; x_wconf 85' lang='lat' dir='ltr'>appel-</span> 
     </span>
     <span class='ocr_line' id='line_1_8' title="bbox 267 1290 1418 1375; baseline -0.006 -16"><span class='ocrx_word' id='word_1_69' title='bbox 267 1294 373 1359; x_wconf 87' lang='lat' dir='ltr'>lantur</span> <span class='ocrx_word' id='word_1_70' title='bbox 401 1294 462 1358; x_wconf 88' lang='lat' dir='ltr'>sibi</span> <span class='ocrx_word' id='word_1_71' title='bbox 491 1293 663 1375; x_wconf 79' lang='lat' dir='ltr'>placentes.</span> <span class='ocrx_word' id='word_1_72' title='bbox 701 1294 826 1357; x_wconf 91' lang='lat' dir='ltr'>Bonum</span> <span class='ocrx_word' id='word_1_73' title='bbox 860 1296 910 1356; x_wconf 91' lang='lat' dir='ltr'>est</span> <span class='ocrx_word' id='word_1_74' title='bbox 938 1293 1021 1355; x_wconf 93' lang='lat' dir='ltr'>enim</span> <span class='ocrx_word' id='word_1_75' title='bbox 1051 1310 1177 1357; x_wconf 83' lang='lat' dir='ltr'>sursum</span> <span class='ocrx_word' id='word_1_76' title='bbox 1206 1290 1320 1354; x_wconf 87' lang='lat' dir='ltr'>habere</span> <span class='ocrx_word' id='word_1_77' title='bbox 1349 1308 1418 1371; x_wconf 86' lang='lat' dir='ltr'>oor;</span> 
     </span>
     <span class='ocr_line' id='line_1_9' title="bbox 269 1397 1418 1482; baseline 0.002 -19"><span class='ocrx_word' id='word_1_78' title='bbox 269 1420 328 1463; x_wconf 93' lang='lat' dir='ltr'>non</span> <span class='ocrx_word' id='word_1_79' title='bbox 354 1404 460 1465; x_wconf 91' lang='lat' dir='ltr'>tamen</span> <span class='ocrx_word' id='word_1_80' title='bbox 483 1401 521 1464; x_wconf 87' lang='lat' dir='ltr'>ad</span> <span class='ocrx_word' id='word_1_81' title='bbox 541 1420 574 1464; x_wconf 88' lang='lat' dir='ltr'>se</span> <span class='ocrx_word' id='word_1_82' title='bbox 594 1400 711 1482; x_wconf 78' lang='lat' dir='ltr'>ipsum,</span> <span class='ocrx_word' id='word_1_83' title='bbox 732 1399 816 1482; x_wconf 85' lang='lat' dir='ltr'>quod</span> <span class='ocrx_word' id='word_1_84' title='bbox 836 1403 884 1464; x_wconf 89' lang='lat' dir='ltr'>est</span> <span class='ocrx_word' id='word_1_85' title='bbox 905 1397 1080 1481; x_wconf 79' lang='lat' dir='ltr'>superbiae,</span> <span class='ocrx_word' id='word_1_86' title='bbox 1101 1399 1156 1463; x_wconf 86' lang='lat' dir='ltr'>sed</span> <span class='ocrx_word' id='word_1_87' title='bbox 1176 1399 1215 1461; x_wconf 87' lang='lat' dir='ltr'>ad</span> <span class='ocrx_word' id='word_1_88' title='bbox 1233 1398 1418 1465; x_wconf 68' lang='lat' dir='ltr'>Dominum,</span> 
     </span>
     <span class='ocr_line' id='line_1_10' title="bbox 270 1496 1420 1589; baseline -0.003 -19"><span class='ocrx_word' id='word_1_89' title='bbox 270 1506 353 1589; x_wconf 90' lang='lat' dir='ltr'>quod</span> <span class='ocrx_word' id='word_1_90' title='bbox 382 1508 431 1570; x_wconf 86' lang='lat' dir='ltr'>est</span> <span class='ocrx_word' id='word_1_91' title='bbox 459 1506 688 1583; x_wconf 86' lang='lat' dir='ltr'>oboedientiae,</span> <span class='ocrx_word' id='word_1_92' title='bbox 719 1524 797 1588; x_wconf 86' lang='lat' dir='ltr'>quae</span> <span class='ocrx_word' id='word_1_93' title='bbox 826 1505 888 1569; x_wconf 90' lang='lat' dir='ltr'>nisi</span> <span class='ocrx_word' id='word_1_94' title='bbox 915 1504 1085 1568; x_wconf 90' lang='lat' dir='ltr'>humilium</span> <span class='ocrx_word' id='word_1_95' title='bbox 1115 1524 1172 1569; x_wconf 91' lang='lat' dir='ltr'>non</span> <span class='ocrx_word' id='word_1_96' title='bbox 1202 1496 1310 1587; x_wconf 89' lang='lat' dir='ltr'>potest</span> <span class='ocrx_word' id='word_1_97' title='bbox 1340 1522 1420 1567; x_wconf 88' lang='lat' dir='ltr'>esse.</span> 
     </span>
     <span class='ocr_line' id='line_1_11' title="bbox 269 1610 1469 1697; baseline -0.005 -20"><span class='ocrx_word' id='word_1_98' title='bbox 269 1614 328 1677; x_wconf 82' lang='lat' dir='ltr'>Est</span> <span class='ocrx_word' id='word_1_99' title='bbox 354 1612 454 1697; x_wconf 86' lang='lat' dir='ltr'>igitur·</span> <span class='ocrx_word' id='word_1_100' title='bbox 481 1612 602 1695; x_wconf 88' lang='lat' dir='ltr'>aliquid</span> <span class='ocrx_word' id='word_1_101' title='bbox 625 1612 818 1677; x_wconf 88' lang='lat' dir='ltr'>humilitatis</span> <span class='ocrx_word' id='word_1_102' title='bbox 842 1612 921 1676; x_wconf 93' lang='lat' dir='ltr'>miro</span> <span class='ocrx_word' id='word_1_103' title='bbox 944 1612 1040 1676; x_wconf 89' lang='lat' dir='ltr'>modo</span> <span class='ocrx_word' id='word_1_104' title='bbox 1065 1612 1149 1695; x_wconf 83' lang='lat' dir='ltr'>quod</span> <span class='ocrx_word' id='word_1_105' title='bbox 1173 1632 1300 1677; x_wconf 88' lang='lat' dir='ltr'>sursum</span> <span class='ocrx_word' id='word_1_106' title='bbox 1323 1610 1421 1674; x_wconf 83' lang='lat' dir='ltr'>faeiat</span> <span class='ocrx_word' id='word_1_107' title='bbox 1441 1633 1469 1671; x_wconf 85' lang='lat' dir='ltr'>ro</span> 
     </span>
     <span class='ocr_line' id='line_1_12' title="bbox 271 1717 1421 1801; baseline -0.003 -17"><span class='ocrx_word' id='word_1_108' title='bbox 271 1738 333 1793; x_wconf 87' lang='lat' dir='ltr'>eor,</span> <span class='ocrx_word' id='word_1_109' title='bbox 363 1722 395 1782; x_wconf 90' lang='lat' dir='ltr'>et</span> <span class='ocrx_word' id='word_1_110' title='bbox 422 1721 472 1782; x_wconf 89' lang='lat' dir='ltr'>est</span> <span class='ocrx_word' id='word_1_111' title='bbox 498 1718 620 1801; x_wconf 91' lang='lat' dir='ltr'>aliquid</span> <span class='ocrx_word' id='word_1_112' title='bbox 649 1719 794 1784; x_wconf 86' lang='lat' dir='ltr'>elationis</span> <span class='ocrx_word' id='word_1_113' title='bbox 824 1718 909 1800; x_wconf 91' lang='lat' dir='ltr'>quod</span> <span class='ocrx_word' id='word_1_114' title='bbox 941 1718 1089 1783; x_wconf 89' lang='lat' dir='ltr'>deorsum</span> <span class='ocrx_word' id='word_1_115' title='bbox 1121 1718 1218 1783; x_wconf 86' lang='lat' dir='ltr'>faeiat·</span> <span class='ocrx_word' id='word_1_116' title='bbox 1250 1737 1312 1783; x_wconf 85' lang='lat' dir='ltr'>eor.</span> <span class='ocrx_word' id='word_1_117' title='bbox 1349 1717 1421 1781; x_wconf 86' lang='lat' dir='ltr'>Hoo</span> 
     </span>
     <span class='ocr_line' id='line_1_13' title="bbox 272 1824 1423 1913; baseline -0.002 -25"><span class='ocrx_word' id='word_1_118' title='bbox 272 1826 399 1909; x_wconf 92' lang='lat' dir='ltr'>quidem</span> <span class='ocrx_word' id='word_1_119' title='bbox 429 1824 520 1907; x_wconf 89' lang='lat' dir='ltr'>quasi</span> <span class='ocrx_word' id='word_1_120' title='bbox 549 1826 741 1890; x_wconf 88' lang='lat' dir='ltr'>eontrarium</span> <span class='ocrx_word' id='word_1_121' title='bbox 770 1825 907 1904; x_wconf 86' lang='lat' dir='ltr'>uidetur,</span> <span class='ocrx_word' id='word_1_122' title='bbox 935 1829 973 1890; x_wconf 89' lang='lat' dir='ltr'>ut</span> <span class='ocrx_word' id='word_1_123' title='bbox 1003 1826 1097 1890; x_wconf 88' lang='lat' dir='ltr'>elatio</span> <span class='ocrx_word' id='word_1_124' title='bbox 1132 1825 1175 1889; x_wconf 85' lang='lat' dir='ltr'>sit</span> <span class='ocrx_word' id='word_1_125' title='bbox 1206 1824 1354 1889; x_wconf 89' lang='lat' dir='ltr'>deorsum</span> <span class='ocrx_word' id='word_1_126' title='bbox 1389 1826 1423 1913; x_wconf 76' lang='lat' dir='ltr'>et</span> 
     </span>
     <span class='ocr_line' id='line_1_14' title="bbox 271 1930 1420 2015; baseline -0.003 -20"><span class='ocrx_word' id='word_1_127' title='bbox 271 1932 435 1995; x_wconf 76' lang='lat' dir='ltr'>humilitas</span> <span class='ocrx_word' id='word_1_128' title='bbox 461 1951 598 1997; x_wconf 89' lang='lat' dir='ltr'>sursum.</span> <span class='ocrx_word' id='word_1_129' title='bbox 624 1932 686 1998; x_wconf 86' lang='lat' dir='ltr'>Sed</span> <span class='ocrx_word' id='word_1_130' title='bbox 709 1934 761 2015; x_wconf 89' lang='lat' dir='ltr'>pia</span> <span class='ocrx_word' id='word_1_131' title='bbox 785 1933 951 1998; x_wconf 84' lang='lat' dir='ltr'>humilitas</span> <span class='ocrx_word' id='word_1_132' title='bbox 970 1933 1048 1997; x_wconf 84' lang='lat' dir='ltr'>feeit</span> <span class='ocrx_word' id='word_1_133' title='bbox 1066 1932 1231 1997; x_wconf 89' lang='lat' dir='ltr'>subditum</span> <span class='ocrx_word' id='word_1_134' title='bbox 1251 1930 1420 2013; x_wconf 27' lang='lat' dir='ltr'>superiori-3</span> 
     </span>
     <span class='ocr_line' id='line_1_15' title="bbox 272 2038 1421 2122; baseline -0.003 -19"><span class='ocrx_word' id='word_1_135' title='bbox 272 2038 351 2103; x_wconf 90' lang='lat' dir='ltr'>nihil</span> <span class='ocrx_word' id='word_1_136' title='bbox 376 2044 426 2103; x_wconf 89' lang='lat' dir='ltr'>est</span> <span class='ocrx_word' id='word_1_137' title='bbox 449 2042 555 2102; x_wconf 89' lang='lat' dir='ltr'>autem</span> <span class='ocrx_word' id='word_1_138' title='bbox 580 2040 726 2122; x_wconf 88' lang='lat' dir='ltr'>superius</span> <span class='ocrx_word' id='word_1_139' title='bbox 745 2040 829 2117; x_wconf 89' lang='lat' dir='ltr'>Deo;</span> <span class='ocrx_word' id='word_1_140' title='bbox 856 2045 888 2105; x_wconf 90' lang='lat' dir='ltr'>et</span> <span class='ocrx_word' id='word_1_141' title='bbox 910 2040 980 2105; x_wconf 89' lang='lat' dir='ltr'>ideo</span> <span class='ocrx_word' id='word_1_142' title='bbox 1005 2039 1121 2104; x_wconf 84' lang='lat' dir='ltr'>exaltat</span> <span class='ocrx_word' id='word_1_143' title='bbox 1144 2038 1320 2117; x_wconf 69' lang='lat' dir='ltr'>humilitas</span> <span class='ocrx_word' id='word_1_144' title='bbox 1340 2055 1421 2119; x_wconf 90' lang='lat' dir='ltr'>quae</span> 
     </span>
     <span class='ocr_line' id='line_1_16' title="bbox 274 2144 1474 2230; baseline -0.002 -21"><span class='ocrx_word' id='word_1_145' title='bbox 274 2145 350 2210; x_wconf 85' lang='lat' dir='ltr'>feeit</span> <span class='ocrx_word' id='word_1_146' title='bbox 373 2144 539 2210; x_wconf 86' lang='lat' dir='ltr'>subditum</span> <span class='ocrx_word' id='word_1_147' title='bbox 563 2146 641 2211; x_wconf 90' lang='lat' dir='ltr'>Deo.</span> <span class='ocrx_word' id='word_1_148' title='bbox 670 2148 775 2212; x_wconf 80' lang='lat' dir='ltr'>illatio</span> <span class='ocrx_word' id='word_1_149' title='bbox 800 2151 918 2225; x_wconf 84' lang='lat' dir='ltr'>autem,</span> <span class='ocrx_word' id='word_1_150' title='bbox 943 2148 1077 2230; x_wconf 87' lang='lat' dir='ltr'>quaein</span> <span class='ocrx_word' id='word_1_151' title='bbox 1101 2147 1180 2211; x_wconf 89' lang='lat' dir='ltr'>uitio</span> <span class='ocrx_word' id='word_1_152' title='bbox 1205 2150 1264 2225; x_wconf 87' lang='lat' dir='ltr'>est,</span> <span class='ocrx_word' id='word_1_153' title='bbox 1289 2163 1325 2210; x_wconf 91' lang='lat' dir='ltr'>eo</span> <span class='ocrx_word' id='word_1_154' title='bbox 1348 2144 1421 2226; x_wconf 86' lang='lat' dir='ltr'>ipso</span> <span class='ocrx_word' id='word_1_155' title='bbox 1444 2169 1474 2207; x_wconf 74' lang='lat' dir='ltr'>rs</span> 
     </span>
     <span class='ocr_line' id='line_1_17' title="bbox 275 2250 1422 2335; baseline -0.002 -20"><span class='ocrx_word' id='word_1_156' title='bbox 275 2250 399 2333; x_wconf 78' lang='lat' dir='ltr'>respuit</span> <span class='ocrx_word' id='word_1_157' title='bbox 427 2252 655 2317; x_wconf 79' lang='lat' dir='ltr'>subiectionem</span> <span class='ocrx_word' id='word_1_158' title='bbox 685 2256 717 2317; x_wconf 89' lang='lat' dir='ltr'>et</span> <span class='ocrx_word' id='word_1_159' title='bbox 741 2255 825 2318; x_wconf 87' lang='lat' dir='ltr'>eadit</span> <span class='ocrx_word' id='word_1_160' title='bbox 850 2254 888 2318; x_wconf 87' lang='lat' dir='ltr'>ab</span> <span class='ocrx_word' id='word_1_161' title='bbox 912 2255 980 2329; x_wconf 87' lang='lat' dir='ltr'>illo,</span> <span class='ocrx_word' id='word_1_162' title='bbox 1005 2273 1066 2335; x_wconf 92' lang='lat' dir='ltr'>quo</span> <span class='ocrx_word' id='word_1_163' title='bbox 1090 2272 1151 2317; x_wconf 93' lang='lat' dir='ltr'>non</span> <span class='ocrx_word' id='word_1_164' title='bbox 1175 2257 1225 2317; x_wconf 91' lang='lat' dir='ltr'>est</span> <span class='ocrx_word' id='word_1_165' title='bbox 1248 2252 1422 2335; x_wconf 86' lang='lat' dir='ltr'>quidquam</span> 
     </span>
     <span class='ocr_line' id='line_1_18' title="bbox 275 2346 1422 2443; baseline -0.003 -18"><span class='ocrx_word' id='word_1_166' title='bbox 275 2360 432 2443; x_wconf 84' lang='lat' dir='ltr'>superius,</span> <span class='ocrx_word' id='word_1_167' title='bbox 462 2362 495 2423; x_wconf 87' lang='lat' dir='ltr'>et</span> <span class='ocrx_word' id='word_1_168' title='bbox 527 2346 654 2423; x_wconf 48' lang='lat' dir='ltr'>ex&#39;hoe</span> <span class='ocrx_word' id='word_1_169' title='bbox 688 2361 747 2425; x_wconf 86' lang='lat' dir='ltr'>erit</span> <span class='ocrx_word' id='word_1_170' title='bbox 778 2360 910 2425; x_wconf 84' lang='lat' dir='ltr'>inferius</span> <span class='ocrx_word' id='word_1_171' title='bbox 939 2362 972 2425; x_wconf 90' lang='lat' dir='ltr'>et</span> <span class='ocrx_word' id='word_1_172' title='bbox 998 2360 1036 2423; x_wconf 87' lang='lat' dir='ltr'>iit</span> <span class='ocrx_word' id='word_1_173' title='bbox 1063 2360 1146 2442; x_wconf 86' lang='lat' dir='ltr'>quod</span> <span class='ocrx_word' id='word_1_174' title='bbox 1175 2360 1329 2443; x_wconf 84' lang='lat' dir='ltr'>seriptum</span> <span class='ocrx_word' id='word_1_175' title='bbox 1358 2362 1422 2421; x_wconf 88' lang='lat' dir='ltr'>est:</span> 
     </span>
     <span class='ocr_line' id='line_1_19' title="bbox 276 2464 1423 2542; baseline -0.003 -11"><span class='ocrx_word' id='word_1_176' title='bbox 276 2466 466 2531; x_wconf 88' lang='lat' dir='ltr'>Deieeisti</span> <span class='ocrx_word' id='word_1_177' title='bbox 496 2484 569 2542; x_wconf 86' lang='lat' dir='ltr'>eos,</span> <span class='ocrx_word' id='word_1_178' title='bbox 599 2486 678 2531; x_wconf 88' lang='lat' dir='ltr'>eum</span> <span class='ocrx_word' id='word_1_179' title='bbox 709 2468 994 2533; x_wconf 82' lang='lat' dir='ltr'>extollerentur.</span> <span class='ocrx_word' id='word_1_180' title='bbox 1028 2466 1099 2531; x_wconf 87' lang='lat' dir='ltr'>Non</span> <span class='ocrx_word' id='word_1_181' title='bbox 1131 2466 1297 2530; x_wconf 90' lang='lat' dir='ltr'>enimait:</span> <span class='ocrx_word' id='word_1_182' title='bbox 1329 2464 1423 2529; x_wconf 82' lang='lat' dir='ltr'>‘Cum</span> 
     </span>
     <span class='ocr_line' id='line_1_20' title="bbox 276 2572 1423 2657; baseline -0.003 -20"><span class='ocrx_word' id='word_1_183' title='bbox 276 2573 350 2637; x_wconf 85' lang='lat' dir='ltr'>elati</span> <span class='ocrx_word' id='word_1_184' title='bbox 378 2572 535 2647; x_wconf 72' lang='lat' dir='ltr'>fuissent,</span> <span class='ocrx_word' id='word_1_185' title='bbox 564 2576 600 2639; x_wconf 90' lang='lat' dir='ltr'>ut</span> <span class='ocrx_word' id='word_1_186' title='bbox 627 2574 714 2655; x_wconf 89' lang='lat' dir='ltr'>prius</span> <span class='ocrx_word' id='word_1_187' title='bbox 748 2575 971 2639; x_wconf 79' lang='lat' dir='ltr'>extollerentur</span> <span class='ocrx_word' id='word_1_188' title='bbox 1004 2578 1037 2638; x_wconf 92' lang='lat' dir='ltr'>et</span> <span class='ocrx_word' id='word_1_189' title='bbox 1067 2576 1180 2657; x_wconf 87' lang='lat' dir='ltr'>postea</span> <span class='ocrx_word' id='word_1_190' title='bbox 1211 2573 1423 2644; x_wconf 81' lang='lat' dir='ltr'>deicer·entur;</span> 
     </span>
     <span class='ocr_line' id='line_1_21' title="bbox 277 2677 1479 2762; baseline -0.002 -18"><span class='ocrx_word' id='word_1_191' title='bbox 277 2680 332 2744; x_wconf 81' lang='lat' dir='ltr'>sed</span> <span class='ocrx_word' id='word_1_192' title='bbox 357 2699 429 2744; x_wconf 91' lang='lat' dir='ltr'>oum</span> <span class='ocrx_word' id='word_1_193' title='bbox 454 2680 687 2755; x_wconf 85' lang='lat' dir='ltr'>extollerentur,</span> <span class='ocrx_word' id='word_1_194' title='bbox 707 2683 783 2744; x_wconf 87' lang='lat' dir='ltr'>tune</span> <span class='ocrx_word' id='word_1_195' title='bbox 807 2678 922 2743; x_wconf 84' lang='lat' dir='ltr'>deiecti</span> <span class='ocrx_word' id='word_1_196' title='bbox 941 2684 1025 2744; x_wconf 89' lang='lat' dir='ltr'>sunt.</span> <span class='ocrx_word' id='word_1_197' title='bbox 1048 2680 1160 2762; x_wconf 91' lang='lat' dir='ltr'>Ipsum</span> <span class='ocrx_word' id='word_1_198' title='bbox 1180 2680 1295 2762; x_wconf 90' lang='lat' dir='ltr'>quippe</span> <span class='ocrx_word' id='word_1_199' title='bbox 1315 2677 1426 2743; x_wconf 89' lang='lat' dir='ltr'>extolli</span> <span class='ocrx_word' id='word_1_200' title='bbox 1444 2700 1479 2741; x_wconf 76' lang='lat' dir='ltr'>ro</span> 
     </span>
     <span class='ocr_line' id='line_1_22' title="bbox 276 2783 1424 2869; baseline -0.002 -19"><span class='ocrx_word' id='word_1_201' title='bbox 276 2786 339 2850; x_wconf 84' lang='lat' dir='ltr'>iam</span> <span class='ocrx_word' id='word_1_202' title='bbox 363 2784 445 2850; x_wconf 86' lang='lat' dir='ltr'>deici</span> <span class='ocrx_word' id='word_1_203' title='bbox 469 2789 526 2852; x_wconf 88' lang='lat' dir='ltr'>est.</span> <span class='ocrx_word' id='word_1_204' title='bbox 560 2784 758 2869; x_wconf 84' lang='lat' dir='ltr'>Quapropter</span> <span class='ocrx_word' id='word_1_205' title='bbox 781 2786 867 2868; x_wconf 87' lang='lat' dir='ltr'>quod</span> <span class='ocrx_word' id='word_1_206' title='bbox 890 2806 972 2851; x_wconf 88' lang='lat' dir='ltr'>nune</span> <span class='ocrx_word' id='word_1_207' title='bbox 996 2786 1028 2849; x_wconf 92' lang='lat' dir='ltr'>in</span> <span class='ocrx_word' id='word_1_208' title='bbox 1053 2786 1184 2850; x_wconf 82' lang='lat' dir='ltr'>ciuitate</span> <span class='ocrx_word' id='word_1_209' title='bbox 1207 2786 1267 2850; x_wconf 92' lang='lat' dir='ltr'>Dei</span> <span class='ocrx_word' id='word_1_210' title='bbox 1292 2788 1323 2849; x_wconf 91' lang='lat' dir='ltr'>et</span> <span class='ocrx_word' id='word_1_211' title='bbox 1346 2783 1424 2849; x_wconf 88' lang='lat' dir='ltr'>eiui-</span> 
     </span>
     <span class='ocr_line' id='line_1_23' title="bbox 276 2892 1426 2978; baseline -0.002 -21"><span class='ocrx_word' id='word_1_212' title='bbox 276 2893 335 2957; x_wconf 88' lang='lat' dir='ltr'>tati</span> <span class='ocrx_word' id='word_1_213' title='bbox 367 2893 427 2956; x_wconf 90' lang='lat' dir='ltr'>Dei</span> <span class='ocrx_word' id='word_1_214' title='bbox 460 2892 490 2956; x_wconf 92' lang='lat' dir='ltr'>in</span> <span class='ocrx_word' id='word_1_215' title='bbox 524 2894 582 2959; x_wconf 87' lang='lat' dir='ltr'>hoe</span> <span class='ocrx_word' id='word_1_216' title='bbox 615 2894 826 2978; x_wconf 82' lang='lat' dir='ltr'>peregrinanti</span> <span class='ocrx_word' id='word_1_217' title='bbox 859 2894 986 2958; x_wconf 86' lang='lat' dir='ltr'>saeculo</span> <span class='ocrx_word' id='word_1_218' title='bbox 1019 2893 1154 2957; x_wconf 84' lang='lat' dir='ltr'>maxime</span> <span class='ocrx_word' id='word_1_219' title='bbox 1186 2892 1426 2957; x_wconf 84' lang='lat' dir='ltr'>commendatur</span> 
     </span>
     <span class='ocr_line' id='line_1_24' title="bbox 277 2999 1427 3085; baseline 0 -23"><span class='ocrx_word' id='word_1_220' title='bbox 277 2999 442 3063; x_wconf 87' lang='lat' dir='ltr'>humilitas</span> <span class='ocrx_word' id='word_1_221' title='bbox 476 3000 571 3063; x_wconf 87' lang='lat' dir='ltr'>etin</span> <span class='ocrx_word' id='word_1_222' title='bbox 605 3000 673 3063; x_wconf 87' lang='lat' dir='ltr'>eius</span> <span class='ocrx_word' id='word_1_223' title='bbox 706 3020 790 3085; x_wconf 85' lang='lat' dir='ltr'>rege,</span> <span class='ocrx_word' id='word_1_224' title='bbox 819 3000 873 3084; x_wconf 91' lang='lat' dir='ltr'>qui</span> <span class='ocrx_word' id='word_1_225' title='bbox 906 3006 956 3064; x_wconf 84' lang='lat' dir='ltr'>est</span> <span class='ocrx_word' id='word_1_226' title='bbox 984 3000 1142 3077; x_wconf 69' lang='lat' dir='ltr'>Christus</span> <span class='ocrx_word' id='word_1_227' title='bbox 1170 3000 1305 3065; x_wconf 86' lang='lat' dir='ltr'>maxime</span> <span class='ocrx_word' id='word_1_228' title='bbox 1337 3018 1427 3082; x_wconf 86' lang='lat' dir='ltr'>prae-</span> 
     </span>
     <span class='ocr_line' id='line_1_25' title="bbox 278 3106 1426 3188; baseline -0.001 -18"><span class='ocrx_word' id='word_1_229' title='bbox 278 3106 402 3170; x_wconf 85' lang='lat' dir='ltr'>dicatur</span> <span class='ocrx_word' id='word_1_230' title='bbox 429 3107 684 3188; x_wconf 75' lang='lat' dir='ltr'>contrariumque</span> <span class='ocrx_word' id='word_1_231' title='bbox 713 3108 788 3171; x_wconf 87' lang='lat' dir='ltr'>huie</span> <span class='ocrx_word' id='word_1_232' title='bbox 817 3107 930 3172; x_wconf 89' lang='lat' dir='ltr'>uirtuti</span> <span class='ocrx_word' id='word_1_233' title='bbox 963 3106 1109 3171; x_wconf 86' lang='lat' dir='ltr'>elationis</span> <span class='ocrx_word' id='word_1_234' title='bbox 1142 3106 1258 3170; x_wconf 88' lang='lat' dir='ltr'>uitium</span> <span class='ocrx_word' id='word_1_235' title='bbox 1290 3106 1321 3169; x_wconf 92' lang='lat' dir='ltr'>in</span> <span class='ocrx_word' id='word_1_236' title='bbox 1355 3106 1426 3169; x_wconf 90' lang='lat' dir='ltr'>eius</span> 
     </span>
     <span class='ocr_line' id='line_1_26' title="bbox 279 3212 1484 3297; baseline -0.002 -21"><span class='ocrx_word' id='word_1_237' title='bbox 279 3212 469 3287; x_wconf 87' lang='lat' dir='ltr'>aduersario,</span> <span class='ocrx_word' id='word_1_238' title='bbox 495 3214 548 3297; x_wconf 94' lang='lat' dir='ltr'>qui</span> <span class='ocrx_word' id='word_1_239' title='bbox 578 3217 627 3278; x_wconf 86' lang='lat' dir='ltr'>est</span> <span class='ocrx_word' id='word_1_240' title='bbox 655 3214 811 3292; x_wconf 84' lang='lat' dir='ltr'>diabolus,</span> <span class='ocrx_word' id='word_1_241' title='bbox 835 3214 970 3279; x_wconf 88' lang='lat' dir='ltr'>maxime</span> <span class='ocrx_word' id='word_1_242' title='bbox 998 3213 1152 3278; x_wconf 86' lang='lat' dir='ltr'>dominari</span> <span class='ocrx_word' id='word_1_243' title='bbox 1180 3214 1278 3278; x_wconf 83' lang='lat' dir='ltr'>sacris</span> <span class='ocrx_word' id='word_1_244' title='bbox 1308 3212 1425 3277; x_wconf 89' lang='lat' dir='ltr'>litteris</span> <span class='ocrx_word' id='word_1_245' title='bbox 1447 3234 1484 3274; x_wconf 74' lang='lat' dir='ltr'>as</span> 
     </span>
     <span class='ocr_line' id='line_1_27' title="bbox 280 3318 1426 3405; baseline 0 -23"><span class='ocrx_word' id='word_1_246' title='bbox 280 3318 442 3383; x_wconf 85' lang='lat' dir='ltr'>edocetur:</span> <span class='ocrx_word' id='word_1_247' title='bbox 467 3320 608 3402; x_wconf 88' lang='lat' dir='ltr'>profeeto</span> <span class='ocrx_word' id='word_1_248' title='bbox 628 3320 691 3385; x_wconf 85' lang='lat' dir='ltr'>iate</span> <span class='ocrx_word' id='word_1_249' title='bbox 710 3324 759 3385; x_wconf 90' lang='lat' dir='ltr'>est</span> <span class='ocrx_word' id='word_1_250' title='bbox 777 3340 893 3405; x_wconf 85' lang='lat' dir='ltr'>magna</span> <span class='ocrx_word' id='word_1_251' title='bbox 911 3320 1096 3397; x_wconf 83' lang='lat' dir='ltr'>differentia,</span> <span class='ocrx_word' id='word_1_252' title='bbox 1116 3338 1178 3403; x_wconf 86' lang='lat' dir='ltr'>qua</span> <span class='ocrx_word' id='word_1_253' title='bbox 1197 3320 1323 3396; x_wconf 86' lang='lat' dir='ltr'>ciuitas,</span> <span class='ocrx_word' id='word_1_254' title='bbox 1341 3318 1426 3382; x_wconf 86' lang='lat' dir='ltr'>unde</span> 
     </span>
     <span class='ocr_line' id='line_1_28' title="bbox 279 3425 1426 3509; baseline -0.001 -21"><span class='ocrx_word' id='word_1_255' title='bbox 279 3425 449 3507; x_wconf 81' lang='lat' dir='ltr'>loquimur,</span> <span class='ocrx_word' id='word_1_256' title='bbox 483 3429 617 3509; x_wconf 90' lang='lat' dir='ltr'>utraque</span> <span class='ocrx_word' id='word_1_257' title='bbox 651 3426 851 3502; x_wconf 89' lang='lat' dir='ltr'>diseemitur‚</span> <span class='ocrx_word' id='word_1_258' title='bbox 880 3445 945 3490; x_wconf 90' lang='lat' dir='ltr'>uua</span> <span class='ocrx_word' id='word_1_259' title='bbox 976 3426 1100 3489; x_wconf 87' lang='lat' dir='ltr'>seilicet</span> <span class='ocrx_word' id='word_1_260' title='bbox 1132 3427 1268 3490; x_wconf 77' lang='lat' dir='ltr'>societas</span> <span class='ocrx_word' id='word_1_261' title='bbox 1300 3425 1426 3506; x_wconf 88' lang='lat' dir='ltr'>piorum</span> 
     </span>
     <span class='ocr_line' id='line_1_29' title="bbox 281 3530 1427 3615; baseline 0.001 -21"><span class='ocrx_word' id='word_1_262' title='bbox 281 3531 455 3609; x_wconf 88' lang='lat' dir='ltr'>hominum,</span> <span class='ocrx_word' id='word_1_263' title='bbox 480 3534 580 3597; x_wconf 87' lang='lat' dir='ltr'>altero</span> <span class='ocrx_word' id='word_1_264' title='bbox 597 3532 766 3615; x_wconf 85' lang='lat' dir='ltr'>inpiorum,</span> <span class='ocrx_word' id='word_1_265' title='bbox 786 3533 914 3615; x_wconf 86' lang='lat' dir='ltr'>singula</span> <span class='ocrx_word' id='word_1_266' title='bbox 937 3551 1080 3615; x_wconf 89' lang='lat' dir='ltr'>quaeque</span> <span class='ocrx_word' id='word_1_267' title='bbox 1100 3550 1173 3595; x_wconf 88' lang='lat' dir='ltr'>oum</span> <span class='ocrx_word' id='word_1_268' title='bbox 1193 3531 1314 3615; x_wconf 86' lang='lat' dir='ltr'>angelis</span> <span class='ocrx_word' id='word_1_269' title='bbox 1333 3530 1427 3595; x_wconf 87' lang='lat' dir='ltr'>adse</span> 
     </span>
     <span class='ocr_line' id='line_1_30' title="bbox 281 3638 1428 3723; baseline 0.002 -22"><span class='ocrx_word' id='word_1_270' title='bbox 281 3638 524 3720; x_wconf 82' lang='lat' dir='ltr'>pertinentibus,</span> <span class='ocrx_word' id='word_1_271' title='bbox 541 3640 571 3703; x_wconf 92' lang='lat' dir='ltr'>in</span> <span class='ocrx_word' id='word_1_272' title='bbox 588 3640 703 3723; x_wconf 90' lang='lat' dir='ltr'>quibus</span> <span class='ocrx_word' id='word_1_273' title='bbox 718 3640 893 3723; x_wconf 86' lang='lat' dir='ltr'>praecessit</span> <span class='ocrx_word' id='word_1_274' title='bbox 907 3640 965 3704; x_wconf 86' lang='lat' dir='ltr'>hac</span> <span class='ocrx_word' id='word_1_275' title='bbox 986 3659 1073 3705; x_wconf 88' lang='lat' dir='ltr'>amor</span> <span class='ocrx_word' id='word_1_276' title='bbox 1091 3638 1161 3717; x_wconf 86' lang='lat' dir='ltr'>Dei,</span> <span class='ocrx_word' id='word_1_277' title='bbox 1180 3638 1239 3704; x_wconf 85' lang='lat' dir='ltr'>heo</span> <span class='ocrx_word' id='word_1_278' title='bbox 1259 3659 1347 3704; x_wconf 88' lang='lat' dir='ltr'>emor</span> <span class='ocrx_word' id='word_1_279' title='bbox 1365 3638 1428 3703; x_wconf 87' lang='lat' dir='ltr'>sui.</span> 
     </span>
    </p>
   </div>
   <div class='ocr_carea' id='block_1_3' title="bbox 371 3865 896 3935">
    <p class='ocr_par' dir='ltr' id='par_1_3' title="bbox 371 3865 896 3935">
     <span class='ocr_line' id='line_1_31' title="bbox 371 3865 896 3935; baseline 0 -16"><span class='ocrx_word' id='word_1_280' title='bbox 371 3866 432 3919; x_wconf 92' lang='grc'>62.</span> <span class='ocrx_word' id='word_1_281' title='bbox 450 3866 525 3920; x_wconf 87' lang='lat' dir='ltr'>Petr.</span> <span class='ocrx_word' id='word_1_282' title='bbox 545 3868 570 3935; x_wconf 86' lang='grc'>2,</span> <span class='ocrx_word' id='word_1_283' title='bbox 594 3866 626 3919; x_wconf 89' lang='lat'>10</span> <span class='ocrx_word' id='word_1_284' title='bbox 682 3866 714 3919; x_wconf 88' lang='lat'>18</span> <span class='ocrx_word' id='word_1_285' title='bbox 733 3865 778 3919; x_wconf 82' lang='lat' dir='ltr'>Pa.</span> <span class='ocrx_word' id='word_1_286' title='bbox 800 3866 841 3927; x_wconf 86' lang='grc'>72,</span> <span class='ocrx_word' id='word_1_287' title='bbox 863 3866 896 3919; x_wconf 89' lang='grc'>18</span> 
     </span>
    </p>
   </div>
   <div class='ocr_carea' id='block_1_4' title="bbox 284 4005 1432 4255">
    <p class='ocr_par' dir='ltr' id='par_1_4' title="bbox 284 4005 1432 4255">
     <span class='ocr_line' id='line_1_32' title="bbox 318 4005 1429 4077; baseline 0 -18"><span class='ocrx_word' id='word_1_288' title='bbox 318 4006 536 4061; x_wconf 73' lang='lat' dir='ltr'>tinhoereretl</span> <span class='ocrx_word' id='word_1_289' title='bbox 591 4010 668 4061; x_wconf 82' lang='lat' dir='ltr'>best</span> <span class='ocrx_word' id='word_1_290' title='bbox 686 4006 773 4061; x_wconf 89' lang='lat' dir='ltr'>om.b</span> <span class='ocrx_word' id='word_1_291' title='bbox 845 4008 1080 4077; x_wconf 85' lang='lat' dir='ltr'>propinquanteb</span> <span class='ocrx_word' id='word_1_292' title='bbox 1130 4005 1276 4060; x_wconf 82' lang='lat' dir='ltr'>8deuml</span> <span class='ocrx_word' id='word_1_293' title='bbox 1326 4005 1429 4060; x_wconf 64' lang='grc'>11111-</span> 
     </span>
     <span class='ocr_line' id='line_1_33' title="bbox 284 4094 1429 4164; baseline 0.001 -17"><span class='ocrx_word' id='word_1_294' title='bbox 284 4094 357 4164; x_wconf 83' lang='lat' dir='ltr'>quod</span> <span class='ocrx_word' id='word_1_295' title='bbox 380 4095 414 4149; x_wconf 85' lang='lat' dir='ltr'>V¹</span> <span class='ocrx_word' id='word_1_296' title='bbox 490 4098 522 4150; x_wconf 85' lang='lat'>13</span> <span class='ocrx_word' id='word_1_297' title='bbox 542 4114 634 4150; x_wconf 85' lang='lat' dir='ltr'>susum</span> <span class='ocrx_word' id='word_1_298' title='bbox 658 4096 684 4149; x_wconf 89' lang='lat' dir='ltr'><strong><em>V</em></strong></span> <span class='ocrx_word' id='word_1_299' title='bbox 755 4097 788 4151; x_wconf 86' lang='lat'>14</span> <span class='ocrx_word' id='word_1_300' title='bbox 809 4101 928 4164; x_wconf 83' lang='lat' dir='ltr'>esteup.</span> <span class='ocrx_word' id='word_1_301' title='bbox 949 4098 1028 4153; x_wconf 73' lang='lat' dir='ltr'>lirul</span> <span class='ocrx_word' id='word_1_302' title='bbox 1100 4098 1203 4151; x_wconf 82' lang='lat' dir='ltr'>exultat</span> <span class='ocrx_word' id='word_1_303' title='bbox 1226 4096 1260 4149; x_wconf 89' lang='lat' dir='ltr'>V¹</span> <span class='ocrx_word' id='word_1_304' title='bbox 1334 4098 1366 4151; x_wconf 85' lang='lat'>15</span> <span class='ocrx_word' id='word_1_305' title='bbox 1385 4094 1429 4164; x_wconf 88' lang='lat' dir='ltr'>eo]</span> 
     </span>
     <span class='ocr_line' id='line_1_34' title="bbox 285 4183 1432 4255; baseline 0.002 -20"><span class='ocrx_word' id='word_1_306' title='bbox 285 4199 337 4251; x_wconf 91' lang='lat' dir='ltr'>quo</span> <span class='ocrx_word' id='word_1_307' title='bbox 356 4183 372 4237; x_wconf 85' lang='lat' dir='ltr'>h</span> <span class='ocrx_word' id='word_1_308' title='bbox 480 4186 539 4254; x_wconf 88' lang='lat' dir='ltr'>ipso</span> <span class='ocrx_word' id='word_1_309' title='bbox 558 4186 664 4255; x_wconf 84' lang='lat' dir='ltr'>respuit</span> <span class='ocrx_word' id='word_1_310' title='bbox 681 4202 758 4253; x_wconf 87' lang='lat' dir='ltr'>mee.;</span> <span class='ocrx_word' id='word_1_311' title='bbox 776 4186 836 4255; x_wconf 89' lang='lat' dir='ltr'>ipso</span> <span class='ocrx_word' id='word_1_312' title='bbox 856 4202 909 4255; x_wconf 92' lang='lat' dir='ltr'>quo</span> <span class='ocrx_word' id='word_1_313' title='bbox 927 4202 997 4255; x_wconf 84' lang='lat' dir='ltr'>resp.</span> <span class='ocrx_word' id='word_1_314' title='bbox 1015 4203 1032 4241; x_wconf 88' lang='lat' dir='ltr'>o</span> <span class='ocrx_word' id='word_1_315' title='bbox 1127 4187 1160 4239; x_wconf 88' lang='grc'>19</span> <span class='ocrx_word' id='word_1_316' title='bbox 1180 4186 1367 4240; x_wconf 81' lang='lat' dir='ltr'>deiecerentur</span> <span class='ocrx_word' id='word_1_317' title='bbox 1384 4184 1432 4237; x_wconf 67' lang='grc' dir='ltr'><em>Μ</em></span> 
     </span>
    </p>
   </div>
   <div class='ocr_carea' id='block_1_5' title="bbox 285 4272 1432 4432">
    <p class='ocr_par' dir='ltr' id='par_1_5' title="bbox 285 4272 1432 4432">
     <span class='ocr_line' id='line_1_35' title="bbox 285 4272 1432 4345; baseline 0.003 -22"><span class='ocrx_word' id='word_1_318' title='bbox 285 4272 319 4325; x_wconf 89' lang='grc'>20</span> <span class='ocrx_word' id='word_1_319' title='bbox 339 4274 396 4325; x_wconf 92' lang='lat' dir='ltr'>tum</span> <span class='ocrx_word' id='word_1_320' title='bbox 420 4272 454 4324; x_wconf 67' lang='lat'>1⁷¹</span> <span class='ocrx_word' id='word_1_321' title='bbox 528 4274 608 4343; x_wconf 73' lang='lat' dir='ltr'>ipsqu</span> <span class='ocrx_word' id='word_1_322' title='bbox 627 4274 757 4345; x_wconf 86' lang='lat' dir='ltr'>quidpel</span> <span class='ocrx_word' id='word_1_323' title='bbox 820 4276 854 4329; x_wconf 86' lang='lat'>22</span> <span class='ocrx_word' id='word_1_324' title='bbox 874 4275 981 4329; x_wconf 81' lang='lat' dir='ltr'>saeculo</span> <span class='ocrx_word' id='word_1_325' title='bbox 999 4276 1168 4345; x_wconf 84' lang='lat' dir='ltr'>peregrino</span> <span class='ocrx_word' id='word_1_326' title='bbox 1235 4277 1270 4329; x_wconf 74' lang='lat'>24</span> <span class='ocrx_word' id='word_1_327' title='bbox 1288 4274 1351 4327; x_wconf 87' lang='lat' dir='ltr'>hnic</span> <span class='ocrx_word' id='word_1_328' title='bbox 1368 4287 1432 4339; x_wconf 69' lang='lat' dir='ltr'>supa</span> 
     </span>
     <span class='ocr_line' id='line_1_36' title="bbox 286 4360 687 4432; baseline 0.017 -21"><span class='ocrx_word' id='word_1_329' title='bbox 286 4360 335 4415; x_wconf 81' lang='lat' dir='ltr'>lin.</span> <span class='ocrx_word' id='word_1_330' title='bbox 355 4361 373 4415; x_wconf 88' lang='lat' dir='ltr'>l.</span> <span class='ocrx_word' id='word_1_331' title='bbox 428 4363 462 4415; x_wconf 87' lang='grc'>29</span> <span class='ocrx_word' id='word_1_332' title='bbox 482 4378 541 4415; x_wconf 87' lang='lat' dir='ltr'>cum</span> <span class='ocrx_word' id='word_1_333' title='bbox 561 4363 687 4432; x_wconf 78' lang='lat' dir='ltr'>quibust</span> 
     </span>
    </p>
   </div>
   <div class='ocr_carea' id='block_1_6' title="bbox 0 0 1630 4948">
    <p class='ocr_par' dir='ltr' id='par_1_6' title="bbox 0 0 1630 4948">
     <span class='ocr_line' id='line_1_37' title="bbox 0 0 1630 4948; baseline 0 0"><span class='ocrx_word' id='word_1_334' title='bbox 0 0 1630 4948; x_wconf 95' lang='lat' dir='ltr'> </span> 
     </span>
    </p>
   </div>
  </div>
 </body>
</html>
