3192 4959
636 464 662 519 S.
689 464 848 519 Aurelii
875 465 1091 535 Augustini

729 656 868 723 CAPUT
894 658 1000 725 XIIII.

293 801 346 865 De
376 799 571 882 superbia
597 799 937 883 transgressoris,
966 819 1066 883 quae
1089 799 1182 883 ipsa
1205 800 1286 865 fuit
1308 803 1438 866 trans-

650 906 866 988 gressIono
890 904 1080 975 deterior.

337 1048 400 1113 Sed
427 1051 477 1113 est
503 1046 592 1131 peior
619 1046 891 1128 damnabiliorque
919 1047 1077 1131 superbia,
1109 1066 1172 1129 qua
1194 1047 1289 1111 etiam
1312 1048 1344 1111 in
1367 1066 1439 1130 pec·

293 1154 373 1220 catis
406 1154 583 1219 manifestis
618 1152 794 1239 suffugium
823 1154 1034 1219 excusationis
1062 1154 1244 1237 inquiritur3
1279 1155 1365 1219 siout
1390 1154 1440 1219 illi
1469 1182 1483 1219 s

291 1263 385 1345 primi
404 1261 559 1339 homines,
584 1279 717 1343 quorum
739 1265 770 1325 et
789 1260 845 1325 illa
864 1259 955 1324 dixit:
981 1260 1155 1345 Serpens
1181 1260 1347 1326 seduxit
1369 1281 1437 1339 me,

294 1372 332 1434 et
356 1368 611 1446 manducaui,
631 1371 663 1433 et
685 1367 739 1431 ille
761 1367 853 1431 dixit:
873 1366 1031 1446 Mulier,
1055 1387 1170 1450 quam
1194 1367 1349 1433 dedisti
1367 1388 1439 1433 me·

294 1495 391 1551 cum,
421 1476 519 1539 haec
551 1474 649 1540 mihi
678 1473 792 1538 dedit
825 1494 843 1537 a
874 1474 997 1557 ligno,
1032 1477 1072 1538 et
1095 1474 1167 1538 edi.
1194 1475 1362 1557 Nusquam
1386 1475 1439 1540 hic

293 1587 384 1647 sonat
420 1580 531 1663 petitio
568 1581 691 1658 ueniae,
733 1600 891 1663 nusquam
928 1581 1096 1664 inploratio
1133 1581 1319 1649 medicinae.
1356 1580 1440 1646 Nam

292 1688 368 1754 licet
399 1687 453 1753 isti
484 1708 546 1752 non
579 1688 664 1752 sicut
687 1686 763 1753 Cain
798 1687 883 1769 quod
915 1687 1143 1752 commiserunt
1176 1692 1301 1772 negent,
1335 1688 1439 1753 adhuc
1461 1717 1488 1754 ro

292 1800 398 1861 tamen
423 1792 572 1876 superbia
593 1794 625 1859 in
650 1794 737 1858 aliud
762 1794 886 1877 quaerit
908 1792 1023 1858 referre
1047 1794 1132 1876 quod
1160 1814 1325 1877 perperam
1348 1795 1440 1860 fecit:

294 1902 441 1985 superbia
473 1902 615 1967 mulieris
648 1902 680 1965 in
713 1906 902 1983 serpentem,
937 1902 1086 1983 superbia
1111 1902 1173 1966 uiri
1200 1902 1232 1965 in
1260 1902 1438 1967 mulierem.

294 2007 356 2073 Sed
384 2008 543 2073 accusatio
571 2007 679 2090 potius
708 2028 802 2090 quam
832 2008 991 2073 excusatio
1019 2028 1096 2072 uera
1127 2011 1186 2087 est,
1215 2009 1271 2073 ubi
1299 2008 1441 2072 mandati

294 2114 467 2193 diuiniest
488 2118 596 2197 aperta
618 2115 839 2200 transgressio.
863 2112 975 2197 Neque
999 2114 1081 2180 enim
1106 2114 1167 2180 hoo
1188 2118 1355 2199 propterea
1376 2134 1440 2179 non

293 2222 445 2299 iecerunt,
470 2222 545 2304 quia
566 2221 599 2286 id
621 2222 738 2287 mulier
761 2225 907 2305 serpente
932 2221 1094 2301 suadente,
1116 2222 1168 2286 nir
1185 2222 1319 2287 muliere
1337 2222 1439 2303 inper—
1461 2252 1488 2290 ns

293 2329 391 2394 tiente
415 2328 586 2407 commisit,
615 2328 707 2411 quasi
730 2328 902 2411 quidquam
926 2328 1004 2406 Deo,
1033 2327 1085 2391 cui
1108 2328 1162 2393 uei
1185 2328 1364 2392 crederetur
1386 2327 1441 2393 uel

295 2435 468 2515 cederetur,
488 2435 741 2517 anteponendum
764 2434 835 2499 ruit.

755 2626 893 2691 CAPUT
915 2626 983 2691 XV.

295 2773 349 2837 De
390 2771 558 2837 institia
595 2769 903 2846 retributionis,
950 2788 1064 2852 quam
1101 2770 1220 2852 primi
1255 2770 1440 2835 homiues

477 2883 546 2961 pro'
571 2896 643 2943 sua
671 2875 981 2941 inoboedientia
1003 2881 1256 2959 receperunt.
1459 2903 1489 2942 so

341 3017 423 3098 Quia
451 3038 525 3103 ergo
555 3020 734 3083 contemtus
764 3022 815 3081 est
837 3018 924 3082 Deus
951 3017 1076 3094 iubens,
1101 3017 1156 3100 qui
1184 3020 1357 3097 creauerat,
1385 3018 1441 3100 qui

296 3126 335 3190 ad
368 3145 457 3191 suam
488 3126 658 3210 imaginem
691 3123 820 3201 fecerat,
857 3123 912 3206 qui
944 3124 1057 3189 ceteris
1090 3124 1279 3189 animalibus
1311 3142 1441 3207 praepo-

296 3234 413 3310 suerat,
433 3232 537 3314 quiin
556 3232 702 3315 paradino
724 3231 944 3309 constituerat,
964 3231 1019 3313 qui
1037 3250 1141 3295 rerum
1161 3231 1302 3296 omnium
1317 3231 1442 3314 copiam

296 3339 472 3423 salutisque
499 3339 712 3421 praestiterat,
741 3339 795 3421 qui
819 3338 995 3420 praeceptis
1019 3358 1078 3403 nec
1100 3339 1245 3421 pluribus
1268 3357 1327 3403 nec
1350 3358 1441 3422 gran-

297 3446 389 3511 dibus
417 3465 475 3510 noo
503 3445 688 3511 difficilibus
717 3449 911 3523 oneranerat,
943 3445 999 3509 sed
1026 3465 1090 3510 uno
1118 3445 1308 3511 breuissimo
1337 3444 1439 3528 adque
1458 3474 1489 3515 ,ι

295 3552 460 3618 leuissimo
488 3551 527 3615 ad
556 3552 774 3617 oboedientiae
807 3551 1028 3617 salubritatem
1056 3552 1350 3629 adminiculauerat,
1377 3570 1440 3632 quo

297 3679 366 3724 eam
394 3661 578 3736 creaturam,
609 3659 660 3724 cui
687 3659 787 3723 libera
815 3660 954 3723 semitas
978 3659 1148 3742 expediret,
1180 3678 1214 3723 se
1238 3676 1308 3723 esse
1331 3656 1441 3723 Domi-

387 3850 419 3903 10
439 3848 505 3904 Gen.
524 3850 550 3916 3,
570 3850 603 3903 12
622 3866 662 3918 sq.

332 3973 494 4042 2superuia
517 3972 542 4024 V
612 3971 821 4041 transgressoris
844 3971 882 4040 V,·
899 3973 1124 4041 transgressionis
1137 3990 1211 4043 pqr
1300 3974 1316 4026 7
1335 3989 1440 4026 mecum

301 4096 472 4166 VbeIp²o;
489 4096 558 4151 mihi
577 4094 697 4165 ap²af
748 4096 765 4151 8
785 4113 799 4151 e
817 4096 893 4166 ligno
913 4115 927 4153 e
977 4072 1010 4151 et
1028 4090 1142 4165 comedi,
1158 4098 1190 4151 in
1207 4073 1342 4167 inurget
1359 4096 1442 4159 odie

297 4187 331 4240 10
350 4187 389 4239 sic
407 4203 440 4239 ea
458 4187 486 4239 in
505 4184 609 4254 quode
674 4186 705 4239 ll
724 4185 808 4239 aliurn
827 4202 865 4240 ee
933 4188 967 4241 13
985 4188 1076 4257 potius
1095 4203 1175 4256 quam
1194 4186 1329 4241 excusatio
1347 4202 1400 4241 om.
1418 4187 1441 4240 1¹

299 4276 329 4328 17
349 4274 403 4328 fuit
420 4290 496 4341 mss.,·
514 4272 629 4328 fuerita
683 4275 717 4327 25
736 4274 947 4329 houeraueratl
999 4275 1034 4329 26
1053 4274 1245 4329 obaudientiae
1268 4274 1295 4329 V
1345 4275 1440 4328 ammi·

296 4363 415 4417 niculum
434 4361 546 4417 dederat
565 4362 576 4414 l
