3192 4959
294 478 345 534 De
373 482 546 536 ciuitate
575 481 637 535 dei
664 481 730 535 lib.
757 482 874 537 xvmr.
903 497 978 554 cap.
1008 485 1050 540 23.
1080 486 1122 539 24.
1218 490 1284 553 419

561 674 698 740 CAPUT
721 675 855 740 XXIIII.

130 815 216 895 Qua
253 816 498 882 definitione
539 821 703 882 constet
738 819 878 902 populi
920 821 958 883 et
993 819 1050 884 rei
1088 820 1283 902 pubIIcae

129 923 479 1006 nuncupationem
502 925 613 987 recte
638 923 811 988 sibinen
833 923 1191 1004 solumRomanos,
1212 927 1283 992 sed

391 1029 512 1093 etiam
539 1049 664 1114 regna
693 1029 775 1094 alia
798 1031 1023 1096 uindicare.

101 1199 115 1239 1
174 1169 209 1236 Si
234 1172 340 1235 autem
363 1171 501 1253 populus
525 1190 587 1236 non
610 1170 685 1248 isto,
709 1169 766 1234 sed
788 1171 852 1236 alio
873 1171 1039 1238 definiatur
1061 1174 1167 1253 modo,
1191 1175 1284 1240 uelut

130 1277 157 1341 si
181 1277 323 1342 dicatur:
348 1277 501 1360 ‘Populus
531 1282 581 1342 est
610 1280 720 1342 coetus
748 1277 967 1343 multitudinis
990 1279 1154 1344 rationalis
1176 1301 1283 1346 rerum

128 1403 208 1465 quas
233 1383 339 1468 diligit
357 1383 505 1448 concordi
524 1383 746 1448 communione
766 1384 928 1464 sociatus’,
947 1385 1100 1468 prolecto,
1120 1391 1158 1452 ut
1176 1388 1283 1452 uidea-

128 1494 181 1554 tur
203 1492 309 1572 qualis
334 1491 470 1573 quisque
488 1490 626 1573 populus
646 1490 699 1568 sit,
718 1490 776 1554 illa
794 1493 870 1554 sunt
888 1490 1048 1572 intuenda,
1069 1511 1148 1575 quae
1168 1493 1283 1579 diligit.

129 1595 358 1680 Quaecumque
389 1601 495 1662 tamen
527 1598 649 1682 diligat,
681 1599 709 1662 si
741 1603 852 1664 coetus
890 1604 940 1664 est
970 1599 1189 1665 multitudinis
1221 1621 1282 1666 non

91 1733 114 1771 ro
128 1723 291 1785 pecorum,
319 1704 375 1768 sed
401 1705 604 1770 rationalium
633 1708 849 1770 creaturarum
878 1717 1042 1772 eteorum
1072 1727 1152 1789 quae
1176 1707 1284 1792 diligit

129 1811 277 1874 concordi
300 1811 520 1876 communione
545 1811 686 1876 sociatus
710 1814 769 1888 est,
797 1829 859 1876 non
883 1812 1019 1876 absurde
1043 1813 1181 1896 populus
1204 1832 1284 1876 nun-

130 1923 280 2000 cupatur;
308 1921 397 1982 tanto
421 1918 534 2000 utique
557 1917 679 1996 melior,
704 1921 823 1999 quanto
847 1918 878 1982 in
903 1918 1101 1998 melioribus,
1129 1922 1282 2001 tantoque

129 2023 276 2102 deterior,
304 2027 420 2106 quanto
444 2027 495 2089 est
516 2025 547 2088 in
573 2024 783 2089 deterioribus
808 2043 950 2090 concors.
981 2025 1162 2090 Secundum
1185 2027 1282 2090 istam

128 2129 344 2195 definitionem
376 2135 517 2196 nostram
549 2131 711 2196 Romanus
743 2133 883 2215 populus
915 2132 1054 2215 populus
1088 2137 1138 2198 est
1171 2135 1203 2197 et
1230 2152 1281 2198 res

89 2264 112 2301 rs
128 2238 197 2302 eius
225 2237 295 2302 sine
322 2237 520 2302 dubitatione
547 2257 597 2302 res
620 2237 758 2320 publica.
789 2237 872 2317 Quid
896 2243 1003 2302 autem
1025 2239 1137 2321 primis
1160 2243 1282 2322 tempo-

127 2346 217 2409 ribus
242 2345 309 2410 suis
334 2345 452 2427 quidue
476 2345 685 2426 sequentibus
708 2345 849 2426 populus
872 2345 928 2409 ille
952 2345 1096 2410 dilexerit
1114 2349 1146 2409 et
1165 2345 1281 2427 quibus

127 2452 270 2517 moribus
303 2451 342 2516 ad
375 2451 614 2516 cruentissimas
648 2451 820 2516 seditiones
854 2451 954 2534 adque
982 2451 1055 2516 inde
1083 2451 1122 2516 ad
1151 2452 1282 2516 socialia

127 2559 231 2640 adque
254 2558 362 2623 ciuilia
384 2559 471 2623 bella
496 2545 685 2641 perueniens
712 2557 816 2640 ipsam
845 2557 1056 2634 concordiam,
1086 2577 1165 2640 quae
1193 2558 1280 2622 salus

127 2673 177 2729 est
210 2664 347 2746 quodam
379 2664 473 2729 modo
501 2663 623 2747 populi,
652 2663 774 2746 ruperit
801 2662 903 2745 adque
932 2663 1114 2746 corruperit,
1143 2667 1282 2728 testatur

84 2771 274 2845 aelristoria3
314 2771 352 2835 de
385 2790 449 2853 qua
479 2770 512 2835 in
544 2771 807 2852 praecedentibus
844 2769 935 2834 libris
968 2771 1071 2835 multe
1101 2771 1280 2853 posuimus.

125 2877 194 2942 Nec
224 2877 297 2943 ideo
325 2881 432 2942 tamen
460 2878 513 2942 uel
539 2878 648 2960 ipsum
675 2895 737 2940 non
767 2895 839 2941 esse
862 2878 1016 2959 populum
1043 2878 1098 2941 uel
1122 2877 1189 2940 eius
1213 2896 1279 2940 rem

125 2984 257 3049 dixerim
280 3005 341 3049 non
365 3003 436 3048 esse
458 2984 716 3068 rempublicam,
741 2983 892 3066 quamdiu
912 2985 1019 3047 manet
1038 2983 1280 3066 qualiscumque

123 3091 289 3156 rationalis
321 3090 540 3154 multitudinis
573 3093 694 3167 coetus,
730 3109 836 3154 rerum
874 3108 952 3172 quas
990 3088 1097 3172 diligIt
1133 3089 1279 3154 concordi

125 3199 347 3273 communione
377 3197 527 3262 sociatus.
557 3194 648 3274 Quod
672 3199 779 3262 autem
809 3195 847 3260 de
870 3195 933 3260 isto
957 3197 1075 3278 populo
1100 3199 1132 3260 et
1156 3196 1193 3260 do
1216 3196 1280 3260 ista

79 3325 106 3363 ss
124 3324 158 3368 re
194 3305 323 3387 publica
360 3303 435 3382 diri,
471 3305 533 3368 hoc
569 3303 607 3367 de
644 3303 887 3368 Atheniensium
920 3304 973 3366 uel
1006 3321 1279 3385 quorumcumque

124 3411 331 3487 Graecorum,
354 3410 416 3476 huc
438 3409 477 3475 de
500 3410 741 3494 Aegyptiorum,
766 3409 827 3474 boc
848 3410 886 3474 de
910 3409 967 3474 illa
989 3408 1092 3492 priore
1115 3409 1277 3491 Babylone

121 3518 338 3601 Assyriorum,
368 3517 494 3600 quando
517 3517 549 3581 in
573 3517 669 3581 rebus
692 3516 831 3598 publicis
856 3515 924 3580 suis
948 3515 1081 3597 imperia
1104 3515 1157 3579 uel
1180 3534 1279 3598 parua

121 3625 178 3690 uel
200 3643 316 3710 magna
337 3625 519 3700 tenuerunt,
545 3625 577 3688 et
600 3623 639 3687 de
662 3623 726 3687 alia
754 3642 954 3704 quecumque
979 3622 1110 3686 aliarum
1135 3621 1278 3704 gentium

120 3732 290 3816 intellegar
321 3731 438 3796 dixisse
471 3730 573 3812 adque
605 3730 755 3794 sensisse.
789 3727 986 3794 Generaliter
1018 3727 1134 3810 quippe
1163 3726 1276 3791 ciuitas

76 3857 103 3896 eo
120 3838 291 3920 inpiorum,
317 3837 369 3902 cui
392 3856 454 3901 uon
477 3837 613 3918 imperat
632 3837 719 3900 Deus
739 3835 920 3900 oboedienti
940 3833 1012 3911 sibi,
1032 3837 1069 3897 ut
1088 3831 1277 3897 sacrificium

120 3963 185 4008 non
208 3942 318 4009 offerat
341 3943 402 4008 nisi
425 3941 648 4007 tantummodo
673 3941 745 4021 sibi,
771 3944 803 4005 et
821 3961 876 4025 per
894 3941 954 4004 hoc
974 3940 1006 4004 in
1025 3940 1082 4005 illa
1101 3943 1133 4003 et
1151 3938 1276 4002 animus

159 4205 195 4256 111
211 4204 415 4258 rationabilium
436 4203 462 4272 p¹
535 4205 566 4257 11
589 4216 721 4256 commun.
742 4200 868 4255 concordi
886 4217 902 4256 1
971 4201 1004 4253 14
1024 4199 1142 4252 ulterram
1159 4197 1276 4267 populus

120 4309 218 4362 11119
308 4293 342 4347 15
366 4291 557 4362 reebuplicae
648 4291 681 4344 18
704 4289 818 4360 1111119
913 4289 946 4343 19
971 4285 1169 4358 quodammodo
1196 4289 1277 4342 estu

119 4379 247 4451 rulperit,
264 4399 291 4435 m
310 4397 392 4446 1111,
407 4397 426 4449 9
456 4378 682 4452 ‘corrupueritc
730 4379 953 4432 assummum
1000 4377 1034 4430 21
1054 4375 1110 4429 suis
1129 4372 1277 4446 publicisu

1186 4479 1236 4532 27*
