3192 4959
339 483 390 539 De
419 483 593 539 ciuitate
622 483 683 539 dei
711 484 775 538 lib.
805 484 876 538 XVI.
905 501 980 555 esp.
1011 486 1035 541 1.
1064 486 1089 539 2.
1222 490 1285 552 125

132 685 174 746 nt
201 680 354 745 aduersus
385 699 439 744 eos
468 677 591 744 defendi
616 679 750 761 possint,
780 683 813 744 et
836 680 1075 745 considerantur
1098 681 1285 765 diligentins

135 791 168 852 ct
191 788 422 872 intelleguntur
441 786 557 852 elarius
577 788 609 851 et
626 787 797 852 instantius
817 787 1048 870 praedicantur,
1069 788 1158 853 atah
1178 788 1287 853 adner-

135 894 219 960 san'o
252 895 341 958 mota
373 893 517 976 quaestio
551 893 692 958 discendi
725 893 834 958 existit
865 895 1000 960 occasio.
1038 893 1192 974 Quamuis
1225 913 1286 958 non

135 1003 240 1066 solum
267 1001 322 1083 qui
346 1003 422 1065 sunt
444 999 645 1084 apertissime
669 999 816 1083 separati,
840 1019 951 1066 uerum
976 1019 1096 1078 omnes,
1120 1002 1174 1084 qni
1200 1001 1287 1067 Chri·

104 1111 241 1174 sstiano
279 1105 436 1174 uocabulo
469 1105 645 1191 gloriantur
678 1110 709 1170 et
740 1107 863 1188 perdite
894 1106 1022 1185 uiuunt,
1058 1127 1120 1172 non
1152 1107 1288 1173 absurde

135 1219 275 1298 possunt
307 1213 409 1278 uideri
441 1213 545 1278 medio
578 1212 647 1278 Noe
679 1213 745 1277 filio
778 1212 921 1296 figurati3
958 1214 1138 1296 passionem
1170 1215 1288 1297 quippe

137 1322 271 1400 Christi,
296 1339 375 1403 quae
398 1319 486 1384 illius
510 1319 647 1384 hominis
670 1319 815 1384 nuditate
839 1320 1019 1404 significata
1036 1323 1096 1398 est,
1120 1324 1152 1385 et
1170 1321 1288 1385 eduum

136 1431 219 1494 tiant
243 1426 429 1512 profitendo,
454 1429 486 1490 ot
513 1427 596 1490 male
624 1426 745 1512 agendo
770 1427 971 1491 exhonorant.
1001 1428 1047 1492 Do
1070 1427 1190 1493 taiihus
1212 1447 1288 1512 ergo

138 1536 262 1601 dictum
301 1536 364 1598 est:
401 1533 453 1598 Ex
491 1533 702 1598 fructibus
741 1553 875 1598 eorum
909 1533 1175 1617 cognoscetis
1209 1553 1287 1598 eos.

97 1665 121 1704 m
137 1643 214 1708 Ideo
249 1641 349 1706 Cham
382 1641 413 1705 in
444 1639 511 1704 titio
544 1659 602 1704 suo
631 1639 823 1705 maledictus
852 1645 911 1717 est,
938 1643 1101 1722 tamqnam
1125 1641 1288 1706 infructu

139 1767 210 1825 suo,
242 1746 275 1810 id
308 1749 359 1810 est
389 1745 421 1810 in
451 1764 543 1828 opere
573 1764 642 1810 suo.
676 1745 766 1812 Unde
795 1746 1020 1811 conuenienter
1047 1751 1079 1811 et
1106 1747 1175 1829 ipse
1202 1745 1288 1812 tilius

140 1854 209 1918 eius
244 1852 391 1919 Chanaan
424 1852 650 1934 interpretatur
680 1854 787 1916 motus
821 1869 947 1928 sorum3
981 1853 1065 1935 quod
1098 1853 1185 1917 aliud
1212 1853 1289 1936 quid

140 1966 188 2024 est
217 1977 314 2042 quam
344 1979 423 2042 opus
452 1962 585 2023 eorum?
615 1957 688 2023 Sem
716 1978 791 2023 uero
821 1962 854 2023 et
879 1960 1013 2042 Iapheth
1042 1969 1205 2042 tamquam
1231 1961 1288 2025 oir-

141 2067 296 2132 cnmcisio
330 2070 362 2130 et
393 2066 608 2148 praeputium,
642 2065 695 2129 uel
728 2067 814 2130 siout
845 2065 906 2130 alio
939 2066 1033 2130 modo
1067 2085 1121 2131 eos
1149 2067 1290 2149 appellat

101 2192 124 2232 n
141 2176 318 2257 apostolus,
347 2172 456 2237 iudaei
485 2175 518 2236 et
542 2170 665 2250 Graeci,
695 2173 752 2236 sed
775 2173 883 2237 uocati
906 2177 939 2238 et
960 2172 1137 2247 iustificati,
1162 2175 1289 2258 cognita

141 2299 268 2363 quoquo
293 2278 387 2344 modo
412 2277 555 2342 nuditate
578 2279 688 2363 patris.
713 2299 776 2360 qua
794 2279 1035 2362 significabatur
1052 2281 1159 2362 passio
1179 2279 1289 2345 Salus-

140 2388 230 2463 ton's,
264 2386 427 2450 sumentes
460 2385 691 2450 uestimentum
724 2390 901 2468 posuerunt
933 2404 1028 2470 supra
1056 2387 1149 2451 dorsa
1176 2407 1234 2452 sua
1258 2390 1289 2451 et

142 2495 342 2558 intrauerunt
374 2491 479 2556 auersi
513 2495 544 2555 et
576 2496 770 2576 operuerunt
801 2492 979 2557 nuditatem
1010 2493 1109 2575 patris
1138 2493 1200 2568 sui,
1231 2512 1289 2558 nec

142 2599 292 2664 uiderunt
323 2597 409 2679 quod
440 2598 612 2663 reuerendo
645 2602 801 2665 texerunt.
836 2597 978 2677 Quodam
1014 2599 1098 2663 enim
1131 2599 1226 2664 modo
1257 2600 1289 2663 in

103 2724 128 2763 ao
143 2707 291 2790 passione
316 2704 435 2770 Christi
464 2709 497 2769 et
519 2703 604 2787 quod
631 2725 686 2788 pro
712 2707 803 2770 nohis
826 2707 947 2771 factum
971 2711 1021 2772 est
1042 2707 1234 2772 honoramus
1254 2710 1292 2770 'et

144 2813 333 2880 Iudaeorum
365 2811 488 2876 facinus
521 2831 715 2878 auersamur.
739 2812 973 2878 Vestimentum
1004 2813 1162 2898 significat
1189 2831 1290 2878 sacra·

145 2923 297 2994 mentum,
340 2918 434 2984 dorsa
474 2919 659 2984 memoriam
697 2919 952 3002 praeteritorum,
995 2919 1069 3002 quia
1109 2921 1290 3002 passionem

148 3025 262 3091 Christi
288 3043 324 3092 eo
350 3024 474 3090 scilicet
496 3025 560 3090 iam
582 3027 734 3108 tempore,
757 3045 818 3107 quo
837 3025 961 3091 habitat
983 3025 1117 3108 Iapheth
1140 3027 1172 3090 in
1193 3025 1291 3090 domi·

146 3130 202 3198 bns
225 3131 300 3198 Sem
326 3135 360 3196 et
382 3132 487 3196 malus
510 3133 606 3197 frater
628 3133 659 3196 in
678 3133 782 3198 medio
803 3151 923 3208 eorum,
942 3137 1133 3198 transactam
1153 3132 1292 3197 celebrat

106 3239 291 3317 aeccclesiis,
314 3257 377 3304 non
401 3237 504 3304 adhuc
527 3242 710 3322 prospectat
733 3239 884 3303 futuram.

189 3344 250 3410 Sed
273 3346 379 3410 malus
402 3345 499 3408 frater
521 3345 553 3409 in
577 3344 642 3409 tilio
667 3363 736 3424 suo,
762 3347 822 3410 hoc
852 3349 902 3410 est
928 3345 959 3410 in
984 3363 1077 3426 opere
1100 3365 1169 3417 suo,
1201 3364 1289 3426 puer.

148 3451 177 3515 id
207 3455 257 3516 est
290 3470 402 3516 seruus
432 3453 482 3515 est
508 3451 640 3516 fratrum
669 3451 833 3526 honomm‚
867 3471 941 3516 cnm
969 3450 1007 3515 ad
1036 3451 1291 3516 exercitationem

149 3559 316 3640 patientiae
340 3558 392 3622 uel
416 3557 455 3622 ad
479 3561 666 3642 prouectum
692 3557 864 3639 sapientiae
889 3558 1026 3623 scienter
1048 3560 1182 3622 utuntur
1199 3559 1291 3622 matis

232 3750 249 3804 a
268 3749 319 3805 ut.
340 3749 365 3818 r,
384 3748 419 3803 so

181 3874 196 3926 2
215 3872 418 3943 praedicatnrp
453 3875 471 3927 4
488 3889 583 3926 nerum
601 3871 678 3928 codd.
692 3878 807 3942 premet
826 3873 857 3940 h,·
873 3887 966 3926 nerum
987 3874 1068 3926 etiam
1083 3872 1125 3927 hv
1162 3873 1195 3926 12
1207 3873 1292 3928 inter·

148 3962 299 4030 pretatuie
381 3961 446 4032 quid
466 3961 573 4030 alindp
652 3962 683 4015 13
704 3963 796 4030 quam]
816 3962 906 4029 nisip
979 3962 1013 4015 14
1030 3961 1075 4015 uel
1093 3979 1127 4015 ex
1145 3965 1173 4015 et
1189 3977 1294 4016 eorm

150 4051 181 4103 16
198 4051 414 4120 significahtnra
451 4051 483 4104 17
504 4065 585 4120 supra
604 4049 683 4102 dorsa
705 4049 939 4119 Vch1epprpv5
957 4066 1040 4118 supra
1057 4049 1110 4103 duo
1130 4049 1210 4104 dorsa
1223 4049 1295 4116 b²u,·

150 4138 199 4192 duo
217 4139 298 4194 dorsa
316 4139 415 4193 ciuisse
435 4155 517 4208 supra
538 4146 562 4206 f
648 4139 682 4191 27
701 4139 730 4193 id
750 4139 802 4208 est]
823 4139 924 4208 primun
942 4138 975 4191 is
992 4154 1049 4191 ras.
1069 4156 1101 4203 ας
1120 4138 1156 4192 dn
1174 4139 1294 4192 uiuitis

149 4229 235 4284 rus.h
299 4243 395 4282 seruus
413 4226 488 4280 fratr.
508 4226 607 4281 omisso
626 4230 668 4280 est
680 4244 702 4295 p
766 4226 907 4294 honomm]
925 4241 1067 4294 snorump
1131 4242 1189 4278 cnm
1209 4242 1294 4280 once

152 4315 260 4370 eumad
283 4315 338 4370 Va
356 4315 471 4381 Domb.,·
488 4332 547 4371 oum
567 4315 611 4368 uel
630 4314 665 4369 sd
684 4315 764 4382 hym·
782 4331 842 4368 cum
861 4315 932 4368 enim
951 4313 1022 4380 adp
1081 4313 1115 4366 28
1134 4317 1292 4383 prouectum

156 4401 324 4474 Voppcp‚·
342 4404 492 4475 profectum
512 4405 608 4468 befv
