<?xml version="1.0" encoding="UTF-8"?>
<!DOCTYPE html PUBLIC "-//W3C//DTD XHTML 1.0 Transitional//EN"
    "http://www.w3.org/TR/xhtml1/DTD/xhtml1-transitional.dtd">
<html xmlns="http://www.w3.org/1999/xhtml" xml:lang="en" lang="en">
 <head>
  <title>
</title>
<meta http-equiv="Content-Type" content="text/html;charset=utf-8" />
  <meta name='ocr-system' content='tesseract 3.04.00' />
  <meta name='ocr-capabilities' content='ocr_page ocr_carea ocr_par ocr_line ocrx_word'/>
</head>
<body>
  <div class='ocr_page' id='page_1' title='image "./corpusscriptoru07wiengoog/corpusscriptoru07wiengoog_0070.png"; bbox 0 0 3192 4959; ppageno 0'>
   <div class='ocr_carea' id='block_1_1' title="bbox 283 407 1078 477">
    <p class='ocr_par' dir='ltr' id='par_1_1' title="bbox 283 407 1078 477">
     <span class='ocr_line' id='line_1_1' title="bbox 283 407 1078 477; baseline -0.015 -4"><span class='ocrx_word' id='word_1_1' title='bbox 283 412 324 473; x_wconf 73' lang='lat' dir='ltr'>e&#39;il</span> <span class='ocrx_word' id='word_1_2' title='bbox 622 408 649 463; x_wconf 85' lang='lat' dir='ltr'>S.</span> <span class='ocrx_word' id='word_1_3' title='bbox 678 408 834 463; x_wconf 84' lang='lat' dir='ltr'><strong>Aurelii</strong></span> <span class='ocrx_word' id='word_1_4' title='bbox 861 407 1078 477; x_wconf 75' lang='lat' dir='ltr'>Augustini</span> 
     </span>
    </p>
   </div>
   <div class='ocr_carea' id='block_1_2' title="bbox 283 602 1429 793">
    <p class='ocr_par' dir='ltr' id='par_1_2' title="bbox 283 602 1429 793">
     <span class='ocr_line' id='line_1_2' title="bbox 284 602 1429 685; baseline 0.005 -20"><span class='ocrx_word' id='word_1_5' title='bbox 284 620 413 667; x_wconf 87' lang='lat' dir='ltr'>somnus</span> <span class='ocrx_word' id='word_1_6' title='bbox 444 602 607 685; x_wconf 90' lang='lat' dir='ltr'>premebat</span> <span class='ocrx_word' id='word_1_7' title='bbox 633 602 782 669; x_wconf 90' lang='lat' dir='ltr'>inuitum.</span> <span class='ocrx_word' id='word_1_8' title='bbox 809 603 845 667; x_wconf 94' lang='lat' dir='ltr'>In</span> <span class='ocrx_word' id='word_1_9' title='bbox 874 606 961 666; x_wconf 86' lang='lat' dir='ltr'>tanta</span> <span class='ocrx_word' id='word_1_10' title='bbox 988 602 1140 668; x_wconf 77' lang='lat' dir='ltr'><strong>facilitate</strong></span> <span class='ocrx_word' id='word_1_11' title='bbox 1168 622 1272 668; x_wconf 89' lang='lat' dir='ltr'>rerum</span> <span class='ocrx_word' id='word_1_12' title='bbox 1301 608 1334 669; x_wconf 90' lang='lat' dir='ltr'>et</span> <span class='ocrx_word' id='word_1_13' title='bbox 1360 607 1429 671; x_wconf 85' lang='lat' dir='ltr'>ieli-</span> 
     </span>
     <span class='ocr_line' id='line_1_3' title="bbox 283 696 1429 793; baseline 0.004 -22"><span class='ocrx_word' id='word_1_14' title='bbox 283 708 379 771; x_wconf 87' lang='lat' dir='ltr'>oitate</span> <span class='ocrx_word' id='word_1_15' title='bbox 403 696 565 772; x_wconf 83' lang='lat' dir='ltr'>homiuum</span> <span class='ocrx_word' id='word_1_16' title='bbox 591 708 675 772; x_wconf 86' lang='lat' dir='ltr'>absit</span> <span class='ocrx_word' id='word_1_17' title='bbox 697 711 735 773; x_wconf 88' lang='grc'>01</span> <span class='ocrx_word' id='word_1_18' title='bbox 758 709 957 792; x_wconf 90' lang='lat' dir='ltr'>suspicemur</span> <span class='ocrx_word' id='word_1_19' title='bbox 979 729 1039 775; x_wconf 93' lang='lat' dir='ltr'>non</span> <span class='ocrx_word' id='word_1_20' title='bbox 1063 710 1207 792; x_wconf 91' lang='lat' dir='ltr'>potuisse</span> <span class='ocrx_word' id='word_1_21' title='bbox 1226 713 1346 793; x_wconf 90' lang='lat' dir='ltr'>prolem</span> <span class='ocrx_word' id='word_1_22' title='bbox 1366 713 1429 777; x_wconf 90' lang='lat' dir='ltr'>seri</span> 
     </span>
    </p>
   </div>
   <div class='ocr_carea' id='block_1_3' title="bbox 282 921 1494 3774">
    <p class='ocr_par' dir='ltr' id='par_1_3' title="bbox 282 921 1494 3774">
     <span class='ocr_line' id='line_1_4' title="bbox 284 921 1428 1004; baseline 0.003 -19"><span class='ocrx_word' id='word_1_23' title='bbox 284 921 425 986; x_wconf 87' lang='lat' dir='ltr'>membra</span> <span class='ocrx_word' id='word_1_24' title='bbox 451 921 508 985; x_wconf 87' lang='lat' dir='ltr'>illa</span> <span class='ocrx_word' id='word_1_25' title='bbox 537 940 599 1004; x_wconf 93' lang='lat' dir='ltr'>quo</span> <span class='ocrx_word' id='word_1_26' title='bbox 628 926 740 999; x_wconf 87' lang='lat' dir='ltr'>cetera,</span> <span class='ocrx_word' id='word_1_27' title='bbox 770 926 802 987; x_wconf 89' lang='lat' dir='ltr'>et</span> <span class='ocrx_word' id='word_1_28' title='bbox 830 922 897 987; x_wconf 89' lang='lat' dir='ltr'>eine</span> <span class='ocrx_word' id='word_1_29' title='bbox 926 924 1045 989; x_wconf 83' lang='lat' dir='ltr'>ardoris</span> <span class='ocrx_word' id='word_1_30' title='bbox 1073 924 1269 990; x_wconf 90' lang='lat' dir='ltr'>inlecebroso</span> <span class='ocrx_word' id='word_1_31' title='bbox 1297 926 1428 990; x_wconf 91' lang='lat' dir='ltr'>stimulo</span> 
     </span>
     <span class='ocr_line' id='line_1_5' title="bbox 283 1028 1476 1115; baseline 0 -24"><span class='ocrx_word' id='word_1_32' title='bbox 283 1048 354 1092; x_wconf 90' lang='lat' dir='ltr'>cum</span> <span class='ocrx_word' id='word_1_33' title='bbox 388 1028 619 1111; x_wconf 87' lang='lat' dir='ltr'>tranquillitate</span> <span class='ocrx_word' id='word_1_34' title='bbox 653 1028 748 1093; x_wconf 90' lang='lat' dir='ltr'>animi</span> <span class='ocrx_word' id='word_1_35' title='bbox 779 1031 812 1093; x_wconf 87' lang='grc'>01</span> <span class='ocrx_word' id='word_1_36' title='bbox 839 1031 978 1111; x_wconf 87' lang='lat' dir='ltr'>corporis</span> <span class='ocrx_word' id='word_1_37' title='bbox 1007 1031 1095 1095; x_wconf 88' lang='grc'><strong>00110</strong></span> <span class='ocrx_word' id='word_1_38' title='bbox 1122 1032 1322 1115; x_wconf 79' lang='lat' dir='ltr'>conruptione</span> <span class='ocrx_word' id='word_1_39' title='bbox 1349 1032 1429 1096; x_wconf 89' lang='lat' dir='ltr'>inte·</span> <span class='ocrx_word' id='word_1_40' title='bbox 1461 1052 1476 1091; x_wconf 75' lang='lat' dir='ltr'>a</span> 
     </span>
     <span class='ocr_line' id='line_1_6' title="bbox 284 1134 1430 1221; baseline 0.004 -24"><span class='ocrx_word' id='word_1_41' title='bbox 284 1135 408 1219; x_wconf 87' lang='lat' dir='ltr'>gritatis</span> <span class='ocrx_word' id='word_1_42' title='bbox 432 1134 651 1199; x_wconf 80' lang='lat' dir='ltr'>infunderetur</span> <span class='ocrx_word' id='word_1_43' title='bbox 674 1135 793 1219; x_wconf 86' lang='lat' dir='ltr'>gremio</span> <span class='ocrx_word' id='word_1_44' title='bbox 818 1136 952 1201; x_wconf 85' lang='lat' dir='ltr'>maritus</span> <span class='ocrx_word' id='word_1_45' title='bbox 976 1137 1092 1204; x_wconf 83' lang='lat' dir='ltr'>uxoris.</span> <span class='ocrx_word' id='word_1_46' title='bbox 1116 1138 1227 1220; x_wconf 81' lang='lat' dir='ltr'>Neque</span> <span class='ocrx_word' id='word_1_47' title='bbox 1253 1139 1336 1203; x_wconf 91' lang='lat' dir='ltr'>enim</span> <span class='ocrx_word' id='word_1_48' title='bbox 1356 1138 1430 1221; x_wconf 88' lang='lat' dir='ltr'>quia</span> 
     </span>
     <span class='ocr_line' id='line_1_7' title="bbox 284 1241 1428 1328; baseline 0.003 -23"><span class='ocrx_word' id='word_1_49' title='bbox 284 1241 474 1324; x_wconf 84' lang='lat' dir='ltr'>experientia</span> <span class='ocrx_word' id='word_1_50' title='bbox 498 1241 623 1323; x_wconf 89' lang='lat' dir='ltr'>probari</span> <span class='ocrx_word' id='word_1_51' title='bbox 646 1260 707 1305; x_wconf 90' lang='lat' dir='ltr'>non</span> <span class='ocrx_word' id='word_1_52' title='bbox 725 1244 844 1323; x_wconf 85' lang='lat' dir='ltr'>potest,</span> <span class='ocrx_word' id='word_1_53' title='bbox 866 1243 938 1307; x_wconf 92' lang='lat' dir='ltr'>ideo</span> <span class='ocrx_word' id='word_1_54' title='bbox 958 1244 1148 1308; x_wconf 87' lang='lat' dir='ltr'>credendum</span> <span class='ocrx_word' id='word_1_55' title='bbox 1167 1264 1228 1309; x_wconf 91' lang='lat' dir='ltr'>non</span> <span class='ocrx_word' id='word_1_56' title='bbox 1249 1250 1308 1321; x_wconf 87' lang='lat' dir='ltr'>est,</span> <span class='ocrx_word' id='word_1_57' title='bbox 1333 1264 1428 1328; x_wconf 88' lang='lat' dir='ltr'>quan·</span> 
     </span>
     <span class='ocr_line' id='line_1_8' title="bbox 283 1348 1430 1435; baseline 0.005 -24"><span class='ocrx_word' id='word_1_58' title='bbox 283 1348 322 1412; x_wconf 94' lang='lat' dir='ltr'>do</span> <span class='ocrx_word' id='word_1_59' title='bbox 350 1349 423 1412; x_wconf 90' lang='lat' dir='ltr'>illas</span> <span class='ocrx_word' id='word_1_60' title='bbox 453 1348 592 1431; x_wconf 88' lang='lat' dir='ltr'>corporis</span> <span class='ocrx_word' id='word_1_61' title='bbox 616 1352 722 1432; x_wconf 90' lang='lat' dir='ltr'>partes</span> <span class='ocrx_word' id='word_1_62' title='bbox 746 1368 808 1413; x_wconf 90' lang='lat' dir='ltr'>non</span> <span class='ocrx_word' id='word_1_63' title='bbox 832 1354 940 1433; x_wconf 88' lang='lat' dir='ltr'>ageret</span> <span class='ocrx_word' id='word_1_64' title='bbox 962 1351 1109 1415; x_wconf 86' lang='lat' dir='ltr'>turbidus</span> <span class='ocrx_word' id='word_1_65' title='bbox 1134 1352 1228 1429; x_wconf 86' lang='lat' dir='ltr'>calor,</span> <span class='ocrx_word' id='word_1_66' title='bbox 1257 1351 1314 1415; x_wconf 91' lang='lat' dir='ltr'>sed</span> <span class='ocrx_word' id='word_1_67' title='bbox 1338 1372 1430 1435; x_wconf 88' lang='lat' dir='ltr'>spon·</span> 
     </span>
     <span class='ocr_line' id='line_1_9' title="bbox 283 1455 1429 1541; baseline 0.003 -22"><span class='ocrx_word' id='word_1_68' title='bbox 283 1458 375 1519; x_wconf 86' lang='lat' dir='ltr'>tenea</span> <span class='ocrx_word' id='word_1_69' title='bbox 403 1459 555 1537; x_wconf 88' lang='lat' dir='ltr'>potestas,</span> <span class='ocrx_word' id='word_1_70' title='bbox 585 1455 669 1519; x_wconf 87' lang='lat' dir='ltr'>sicut</span> <span class='ocrx_word' id='word_1_71' title='bbox 692 1474 772 1537; x_wconf 90' lang='lat' dir='ltr'>opus</span> <span class='ocrx_word' id='word_1_72' title='bbox 797 1462 892 1532; x_wconf 86' lang='lat' dir='ltr'>esset,</span> <span class='ocrx_word' id='word_1_73' title='bbox 921 1457 1095 1536; x_wconf 89' lang='lat' dir='ltr'>adhiberet,</span> <span class='ocrx_word' id='word_1_74' title='bbox 1118 1459 1262 1524; x_wconf 87' lang='grc'><strong>1101000</strong></span> <span class='ocrx_word' id='word_1_75' title='bbox 1286 1459 1429 1541; x_wconf 88' lang='lat' dir='ltr'>potuisse</span> 
     </span>
     <span class='ocr_line' id='line_1_10' title="bbox 283 1560 1476 1649; baseline 0.002 -25"><span class='ocrx_word' id='word_1_76' title='bbox 283 1564 373 1626; x_wconf 92' lang='lat' dir='ltr'>utero</span> <span class='ocrx_word' id='word_1_77' title='bbox 398 1561 542 1644; x_wconf 85' lang='lat' dir='ltr'>coniugis</span> <span class='ocrx_word' id='word_1_78' title='bbox 567 1560 656 1625; x_wconf 87' lang='lat' dir='ltr'>salua</span> <span class='ocrx_word' id='word_1_79' title='bbox 679 1562 864 1646; x_wconf 85' lang='lat' dir='ltr'>integritate</span> <span class='ocrx_word' id='word_1_80' title='bbox 886 1563 1013 1629; x_wconf 88' lang='lat' dir='ltr'>feminei</span> <span class='ocrx_word' id='word_1_81' title='bbox 1036 1565 1185 1649; x_wconf 88' lang='lat' dir='ltr'>genitalis</span> <span class='ocrx_word' id='word_1_82' title='bbox 1208 1566 1301 1631; x_wconf 92' lang='lat' dir='ltr'>uirile</span> <span class='ocrx_word' id='word_1_83' title='bbox 1321 1585 1428 1631; x_wconf 87' lang='lat' dir='ltr'>semen</span> <span class='ocrx_word' id='word_1_84' title='bbox 1446 1588 1476 1629; x_wconf 84' lang='grc' dir='ltr'>ιο</span> 
     </span>
     <span class='ocr_line' id='line_1_11' title="bbox 282 1667 1428 1755; baseline 0.005 -24"><span class='ocrx_word' id='word_1_85' title='bbox 282 1667 413 1745; x_wconf 80' lang='lat' dir='ltr'>inmitti,</span> <span class='ocrx_word' id='word_1_86' title='bbox 447 1668 532 1732; x_wconf 88' lang='lat' dir='ltr'>siout</span> <span class='ocrx_word' id='word_1_87' title='bbox 563 1688 643 1733; x_wconf 91' lang='lat' dir='ltr'>nnnc</span> <span class='ocrx_word' id='word_1_88' title='bbox 672 1672 778 1751; x_wconf 87' lang='lat' dir='ltr'>potest</span> <span class='ocrx_word' id='word_1_89' title='bbox 807 1669 917 1736; x_wconf 90' lang='lat' dir='ltr'>eadem</span> <span class='ocrx_word' id='word_1_90' title='bbox 944 1672 1127 1755; x_wconf 85' lang='lat' dir='ltr'>integritate</span> <span class='ocrx_word' id='word_1_91' title='bbox 1156 1674 1248 1737; x_wconf 87' lang='lat' dir='ltr'>salua</span> <span class='ocrx_word' id='word_1_92' title='bbox 1275 1692 1310 1736; x_wconf 83' lang='lat' dir='ltr'>er</span> <span class='ocrx_word' id='word_1_93' title='bbox 1339 1676 1428 1737; x_wconf 90' lang='lat' dir='ltr'>utero</span> 
     </span>
     <span class='ocr_line' id='line_1_12' title="bbox 283 1774 1431 1862; baseline 0.004 -25"><span class='ocrx_word' id='word_1_94' title='bbox 283 1774 416 1857; x_wconf 85' lang='lat' dir='ltr'>uirginis</span> <span class='ocrx_word' id='word_1_95' title='bbox 449 1774 552 1839; x_wconf 79' lang='lat' dir='ltr'>fluxus</span> <span class='ocrx_word' id='word_1_96' title='bbox 590 1776 745 1840; x_wconf 76' lang='lat' dir='ltr'>menstrui</span> <span class='ocrx_word' id='word_1_97' title='bbox 777 1777 898 1841; x_wconf 90' lang='lat' dir='ltr'>cruoris</span> <span class='ocrx_word' id='word_1_98' title='bbox 931 1778 1044 1842; x_wconf 89' lang='lat' dir='ltr'>emitti.</span> <span class='ocrx_word' id='word_1_99' title='bbox 1077 1778 1196 1843; x_wconf 82' lang='lat' dir='ltr'>Eadem</span> <span class='ocrx_word' id='word_1_100' title='bbox 1228 1778 1344 1862; x_wconf 90' lang='lat' dir='ltr'>quippe</span> <span class='ocrx_word' id='word_1_101' title='bbox 1376 1779 1431 1843; x_wconf 89' lang='grc'>010</span> 
     </span>
     <span class='ocr_line' id='line_1_13' title="bbox 282 1881 1428 1968; baseline 0.004 -24"><span class='ocrx_word' id='word_1_102' title='bbox 282 1886 393 1963; x_wconf 82' lang='grc'><strong>000001</strong></span> <span class='ocrx_word' id='word_1_103' title='bbox 415 1881 496 1945; x_wconf 95' lang='lat' dir='ltr'>illud</span> <span class='ocrx_word' id='word_1_104' title='bbox 520 1882 605 1960; x_wconf 88' lang='grc'><strong>10101,</strong></span> <span class='ocrx_word' id='word_1_105' title='bbox 631 1901 693 1963; x_wconf 87' lang='grc'>000</span> <span class='ocrx_word' id='word_1_106' title='bbox 715 1884 775 1949; x_wconf 92' lang='lat' dir='ltr'>hoo</span> <span class='ocrx_word' id='word_1_107' title='bbox 799 1888 907 1966; x_wconf 88' lang='lat' dir='ltr'>potest</span> <span class='ocrx_word' id='word_1_108' title='bbox 926 1885 994 1949; x_wconf 91' lang='grc'><strong>0101.</strong></span> <span class='ocrx_word' id='word_1_109' title='bbox 1020 1884 1065 1949; x_wconf 90' lang='lat' dir='ltr'>Ut</span> <span class='ocrx_word' id='word_1_110' title='bbox 1082 1886 1166 1949; x_wconf 91' lang='lat' dir='ltr'>enim</span> <span class='ocrx_word' id='word_1_111' title='bbox 1185 1886 1225 1949; x_wconf 92' lang='lat' dir='ltr'>ad</span> <span class='ocrx_word' id='word_1_112' title='bbox 1244 1886 1428 1968; x_wconf 87' lang='lat' dir='ltr'>pariendum</span> 
     </span>
     <span class='ocr_line' id='line_1_14' title="bbox 282 1986 1431 2074; baseline 0.005 -25"><span class='ocrx_word' id='word_1_113' title='bbox 282 2006 341 2051; x_wconf 90' lang='lat' dir='ltr'>non</span> <span class='ocrx_word' id='word_1_114' title='bbox 366 1986 484 2053; x_wconf 86' lang='lat' dir='ltr'>doloris</span> <span class='ocrx_word' id='word_1_115' title='bbox 508 1988 658 2072; x_wconf 84' lang='lat' dir='ltr'>gemitus,</span> <span class='ocrx_word' id='word_1_116' title='bbox 684 1990 739 2053; x_wconf 87' lang='lat' dir='ltr'>sed</span> <span class='ocrx_word' id='word_1_117' title='bbox 763 1989 958 2055; x_wconf 78' lang='lat' dir='ltr'>maturitatis</span> <span class='ocrx_word' id='word_1_118' title='bbox 982 1992 1130 2074; x_wconf 91' lang='lat' dir='ltr'>inpulsus</span> <span class='ocrx_word' id='word_1_119' title='bbox 1149 1993 1287 2057; x_wconf 87' lang='lat' dir='ltr'>feminea</span> <span class='ocrx_word' id='word_1_120' title='bbox 1306 1993 1431 2057; x_wconf 87' lang='lat' dir='ltr'>uiscera</span> 
     </span>
     <span class='ocr_line' id='line_1_15' title="bbox 282 2094 1477 2180; baseline 0.004 -23"><span class='ocrx_word' id='word_1_121' title='bbox 282 2096 444 2173; x_wconf 83' lang='lat' dir='ltr'>relaxaret,</span> <span class='ocrx_word' id='word_1_122' title='bbox 484 2094 530 2161; x_wconf 91' lang='grc'>010</span> <span class='ocrx_word' id='word_1_123' title='bbox 567 2094 606 2159; x_wconf 90' lang='lat' dir='ltr'>ad</span> <span class='ocrx_word' id='word_1_124' title='bbox 642 2096 805 2161; x_wconf 85' lang='lat' dir='ltr'>fetandum</span> <span class='ocrx_word' id='word_1_125' title='bbox 843 2102 875 2161; x_wconf 92' lang='lat' dir='ltr'>et</span> <span class='ocrx_word' id='word_1_126' title='bbox 912 2099 1152 2180; x_wconf 87' lang='lat' dir='ltr'>concipiendum</span> <span class='ocrx_word' id='word_1_127' title='bbox 1190 2119 1250 2164; x_wconf 91' lang='lat' dir='ltr'>non</span> <span class='ocrx_word' id='word_1_128' title='bbox 1288 2098 1430 2163; x_wconf 88' lang='lat' dir='ltr'>libidinis</span> <span class='ocrx_word' id='word_1_129' title='bbox 1449 2120 1477 2162; x_wconf 77' lang='lat' dir='ltr'>ro</span> 
     </span>
     <span class='ocr_line' id='line_1_16' title="bbox 284 2199 1430 2288; baseline 0.004 -25"><span class='ocrx_word' id='word_1_130' title='bbox 284 2199 454 2281; x_wconf 71' lang='lat' dir='ltr'>adpetitur,</span> <span class='ocrx_word' id='word_1_131' title='bbox 492 2202 547 2265; x_wconf 91' lang='lat' dir='ltr'>sed</span> <span class='ocrx_word' id='word_1_132' title='bbox 580 2202 780 2267; x_wconf 87' lang='lat' dir='ltr'>uoluntarius</span> <span class='ocrx_word' id='word_1_133' title='bbox 813 2224 892 2267; x_wconf 88' lang='lat' dir='ltr'>usus</span> <span class='ocrx_word' id='word_1_134' title='bbox 925 2208 1069 2269; x_wconf 89' lang='lat' dir='ltr'>naturam</span> <span class='ocrx_word' id='word_1_135' title='bbox 1102 2209 1269 2288; x_wconf 88' lang='lat' dir='ltr'>utramque</span> <span class='ocrx_word' id='word_1_136' title='bbox 1302 2206 1430 2270; x_wconf 88' lang='lat' dir='ltr'>coniun-</span> 
     </span>
     <span class='ocr_line' id='line_1_17' title="bbox 284 2308 1430 2393; baseline 0.003 -22"><span class='ocrx_word' id='word_1_137' title='bbox 284 2311 381 2393; x_wconf 82' lang='lat' dir='ltr'>geret.</span> <span class='ocrx_word' id='word_1_138' title='bbox 413 2308 461 2372; x_wconf 90' lang='lat' dir='ltr'>De</span> <span class='ocrx_word' id='word_1_139' title='bbox 494 2308 588 2374; x_wconf 91' lang='lat' dir='ltr'>rebus</span> <span class='ocrx_word' id='word_1_140' title='bbox 616 2310 778 2393; x_wconf 86' lang='lat' dir='ltr'>loquimur</span> <span class='ocrx_word' id='word_1_141' title='bbox 805 2330 887 2375; x_wconf 88' lang='grc'><strong>0000</strong></span> <span class='ocrx_word' id='word_1_142' title='bbox 914 2310 1071 2393; x_wconf 87' lang='lat' dir='ltr'>pudendis</span> <span class='ocrx_word' id='word_1_143' title='bbox 1101 2316 1133 2375; x_wconf 89' lang='lat' dir='ltr'>et</span> <span class='ocrx_word' id='word_1_144' title='bbox 1155 2311 1237 2389; x_wconf 85' lang='lat' dir='ltr'>ideo,</span> <span class='ocrx_word' id='word_1_145' title='bbox 1271 2312 1430 2393; x_wconf 88' lang='lat' dir='ltr'>quamuis,</span> 
     </span>
     <span class='ocr_line' id='line_1_18' title="bbox 284 2415 1430 2500; baseline 0.004 -23"><span class='ocrx_word' id='word_1_146' title='bbox 284 2420 452 2496; x_wconf 89' lang='lat' dir='ltr'>antequam</span> <span class='ocrx_word' id='word_1_147' title='bbox 482 2434 589 2479; x_wconf 89' lang='lat' dir='ltr'>earum</span> <span class='ocrx_word' id='word_1_148' title='bbox 617 2415 760 2499; x_wconf 87' lang='lat' dir='ltr'>puderet,</span> <span class='ocrx_word' id='word_1_149' title='bbox 791 2418 900 2499; x_wconf 88' lang='lat' dir='ltr'>quales</span> <span class='ocrx_word' id='word_1_150' title='bbox 930 2436 998 2481; x_wconf 90' lang='lat' dir='ltr'>esse</span> <span class='ocrx_word' id='word_1_151' title='bbox 1027 2418 1209 2500; x_wconf 87' lang='lat' dir='ltr'>potuissent</span> <span class='ocrx_word' id='word_1_152' title='bbox 1236 2419 1430 2484; x_wconf 87' lang='lat' dir='ltr'>coniciamus</span> 
     </span>
     <span class='ocr_line' id='line_1_19' title="bbox 283 2522 1429 2609; baseline 0.003 -25"><span class='ocrx_word' id='word_1_153' title='bbox 283 2522 320 2585; x_wconf 87' lang='lat' dir='ltr'>ut</span> <span class='ocrx_word' id='word_1_154' title='bbox 346 2541 529 2603; x_wconf 89' lang='lat' dir='ltr'>possumus,</span> <span class='ocrx_word' id='word_1_155' title='bbox 558 2527 664 2586; x_wconf 89' lang='lat' dir='ltr'>tamen</span> <span class='ocrx_word' id='word_1_156' title='bbox 693 2542 823 2588; x_wconf 88' lang='lat' dir='ltr'>necesse</span> <span class='ocrx_word' id='word_1_157' title='bbox 853 2529 911 2597; x_wconf 91' lang='lat' dir='ltr'>est,</span> <span class='ocrx_word' id='word_1_158' title='bbox 937 2528 972 2587; x_wconf 91' lang='grc'>01</span> <span class='ocrx_word' id='word_1_159' title='bbox 996 2528 1103 2589; x_wconf 84' lang='grc'><strong>000100</strong></span> <span class='ocrx_word' id='word_1_160' title='bbox 1127 2525 1302 2609; x_wconf 85' lang='lat' dir='ltr'>disputatio</span> <span class='ocrx_word' id='word_1_161' title='bbox 1326 2526 1429 2609; x_wconf 86' lang='lat' dir='ltr'>magis</span> 
     </span>
     <span class='ocr_line' id='line_1_20' title="bbox 282 2627 1477 2715; baseline 0.001 -24"><span class='ocrx_word' id='word_1_162' title='bbox 282 2627 421 2691; x_wconf 81' lang='lat' dir='ltr'>trenetur</span> <span class='ocrx_word' id='word_1_163' title='bbox 449 2647 494 2704; x_wconf 90' lang='grc'>00,</span> <span class='ocrx_word' id='word_1_164' title='bbox 524 2647 603 2710; x_wconf 86' lang='grc'><strong>0000</strong></span> <span class='ocrx_word' id='word_1_165' title='bbox 632 2648 689 2693; x_wconf 88' lang='grc'>000</span> <span class='ocrx_word' id='word_1_166' title='bbox 717 2633 857 2707; x_wconf 88' lang='lat' dir='ltr'>reuocat,</span> <span class='ocrx_word' id='word_1_167' title='bbox 885 2630 1086 2708; x_wconf 88' lang='lat' dir='ltr'>uerecundia,</span> <span class='ocrx_word' id='word_1_168' title='bbox 1116 2652 1210 2713; x_wconf 85' lang='lat' dir='ltr'>quam</span> <span class='ocrx_word' id='word_1_169' title='bbox 1240 2632 1429 2715; x_wconf 80' lang='lat' dir='ltr'>eloquentia,</span> <span class='ocrx_word' id='word_1_170' title='bbox 1448 2651 1477 2692; x_wconf 78' lang='lat' dir='ltr'>ro</span> 
     </span>
     <span class='ocr_line' id='line_1_21' title="bbox 284 2734 1494 2821; baseline 0.004 -24"><span class='ocrx_word' id='word_1_171' title='bbox 284 2752 363 2815; x_wconf 92' lang='lat' dir='ltr'>quae</span> <span class='ocrx_word' id='word_1_172' title='bbox 387 2734 479 2799; x_wconf 92' lang='lat' dir='ltr'>nobis</span> <span class='ocrx_word' id='word_1_173' title='bbox 499 2753 610 2818; x_wconf 85' lang='lat' dir='ltr'>parum</span> <span class='ocrx_word' id='word_1_174' title='bbox 631 2735 783 2817; x_wconf 85' lang='lat' dir='ltr'>subpetit,</span> <span class='ocrx_word' id='word_1_175' title='bbox 808 2735 987 2801; x_wconf 77' lang='lat' dir='ltr'>adiunctus.</span> <span class='ocrx_word' id='word_1_176' title='bbox 1011 2736 1093 2802; x_wconf 87' lang='lat' dir='ltr'>Nam</span> <span class='ocrx_word' id='word_1_177' title='bbox 1113 2757 1185 2803; x_wconf 90' lang='lat' dir='ltr'>cum</span> <span class='ocrx_word' id='word_1_178' title='bbox 1204 2739 1237 2803; x_wconf 91' lang='lat' dir='ltr'>id</span> <span class='ocrx_word' id='word_1_179' title='bbox 1256 2738 1340 2821; x_wconf 89' lang='lat' dir='ltr'>quod</span> <span class='ocrx_word' id='word_1_180' title='bbox 1359 2738 1429 2802; x_wconf 88' lang='lat' dir='ltr'>dico</span> <span class='ocrx_word' id='word_1_181' title='bbox 1486 2760 1494 2770; x_wconf 94' lang='lat'>·</span> 
     </span>
     <span class='ocr_line' id='line_1_22' title="bbox 282 2838 1430 2931; baseline 0.005 -29"><span class='ocrx_word' id='word_1_182' title='bbox 282 2858 340 2903; x_wconf 90' lang='lat' dir='ltr'>nec</span> <span class='ocrx_word' id='word_1_183' title='bbox 363 2838 427 2921; x_wconf 90' lang='lat' dir='ltr'>ipsi</span> <span class='ocrx_word' id='word_1_184' title='bbox 450 2840 569 2921; x_wconf 83' lang='lat' dir='ltr'>experti</span> <span class='ocrx_word' id='word_1_185' title='bbox 593 2841 719 2915; x_wconf 85' lang='lat' dir='ltr'>fuerint,</span> <span class='ocrx_word' id='word_1_186' title='bbox 745 2841 799 2923; x_wconf 92' lang='lat' dir='ltr'>qui</span> <span class='ocrx_word' id='word_1_187' title='bbox 820 2842 950 2923; x_wconf 84' lang='lat' dir='ltr'>experiri</span> <span class='ocrx_word' id='word_1_188' title='bbox 968 2846 1142 2924; x_wconf 84' lang='lat' dir='ltr'>potuerunt</span> <span class='ocrx_word' id='word_1_189' title='bbox 1161 2841 1323 2931; x_wconf 90' lang='lat' dir='ltr'>(quoniam</span> <span class='ocrx_word' id='word_1_190' title='bbox 1343 2865 1430 2927; x_wconf 89' lang='lat' dir='ltr'>prae-</span> 
     </span>
     <span class='ocr_line' id='line_1_23' title="bbox 283 2946 1430 3033; baseline 0.005 -24"><span class='ocrx_word' id='word_1_191' title='bbox 283 2948 456 3029; x_wconf 81' lang='lat' dir='ltr'>occupante</span> <span class='ocrx_word' id='word_1_192' title='bbox 479 2950 608 3029; x_wconf 90' lang='lat' dir='ltr'>peocato</span> <span class='ocrx_word' id='word_1_193' title='bbox 635 2946 763 3011; x_wconf 81' lang='lat' dir='ltr'>exilium</span> <span class='ocrx_word' id='word_1_194' title='bbox 788 2948 826 3011; x_wconf 90' lang='lat' dir='ltr'>de</span> <span class='ocrx_word' id='word_1_195' title='bbox 849 2949 996 3031; x_wconf 87' lang='lat' dir='ltr'>paradiso</span> <span class='ocrx_word' id='word_1_196' title='bbox 1021 2953 1092 3014; x_wconf 87' lang='grc'><strong>0010</strong></span> <span class='ocrx_word' id='word_1_197' title='bbox 1115 2956 1308 3029; x_wconf 91' lang='lat' dir='ltr'>meruerunt,</span> <span class='ocrx_word' id='word_1_198' title='bbox 1335 2971 1430 3033; x_wconf 89' lang='lat' dir='ltr'>quam</span> 
     </span>
     <span class='ocr_line' id='line_1_24' title="bbox 282 3052 1430 3139; baseline 0.005 -24"><span class='ocrx_word' id='word_1_199' title='bbox 282 3052 343 3116; x_wconf 87' lang='lat' dir='ltr'>sibi</span> <span class='ocrx_word' id='word_1_200' title='bbox 375 3053 407 3116; x_wconf 94' lang='lat' dir='ltr'>in</span> <span class='ocrx_word' id='word_1_201' title='bbox 440 3072 532 3136; x_wconf 90' lang='lat' dir='ltr'>opere</span> <span class='ocrx_word' id='word_1_202' title='bbox 564 3054 713 3119; x_wconf 88' lang='lat' dir='ltr'>serendae</span> <span class='ocrx_word' id='word_1_203' title='bbox 746 3056 929 3139; x_wconf 84' lang='lat' dir='ltr'>propaginis</span> <span class='ocrx_word' id='word_1_204' title='bbox 957 3057 1126 3138; x_wconf 87' lang='lat' dir='ltr'>tranquillo</span> <span class='ocrx_word' id='word_1_205' title='bbox 1157 3058 1285 3122; x_wconf 86' lang='lat' dir='ltr'>arbitrio</span> <span class='ocrx_word' id='word_1_206' title='bbox 1317 3076 1430 3121; x_wconf 88' lang='grc'><strong>00000-</strong></span> 
     </span>
     <span class='ocr_line' id='line_1_25' title="bbox 282 3159 1478 3241; baseline 0.001 -20"><span class='ocrx_word' id='word_1_207' title='bbox 282 3159 406 3239; x_wconf 84' lang='lat' dir='ltr'>nlrent),</span> <span class='ocrx_word' id='word_1_208' title='bbox 435 3178 496 3241; x_wconf 91' lang='lat' dir='ltr'>quo</span> <span class='ocrx_word' id='word_1_209' title='bbox 526 3160 619 3225; x_wconf 93' lang='lat' dir='ltr'>modo</span> <span class='ocrx_word' id='word_1_210' title='bbox 648 3179 741 3237; x_wconf 88' lang='lat' dir='ltr'>nunc,</span> <span class='ocrx_word' id='word_1_211' title='bbox 771 3180 843 3225; x_wconf 91' lang='lat' dir='ltr'>cum</span> <span class='ocrx_word' id='word_1_212' title='bbox 866 3162 930 3224; x_wconf 89' lang='grc'><strong>1010</strong></span> <span class='ocrx_word' id='word_1_213' title='bbox 958 3167 1253 3239; x_wconf 90' lang='lat' dir='ltr'>commemorantur,</span> <span class='ocrx_word' id='word_1_214' title='bbox 1282 3163 1430 3228; x_wconf 88' lang='lat' dir='ltr'>sensibus</span> <span class='ocrx_word' id='word_1_215' title='bbox 1449 3182 1478 3221; x_wconf 75' lang='lat'>2⁵</span> 
     </span>
     <span class='ocr_line' id='line_1_26' title="bbox 284 3265 1431 3351; baseline 0.006 -23"><span class='ocrx_word' id='word_1_216' title='bbox 284 3266 420 3329; x_wconf 90' lang='lat' dir='ltr'>occurrit</span> <span class='ocrx_word' id='word_1_217' title='bbox 439 3265 585 3332; x_wconf 87' lang='lat' dir='ltr'>humanis</span> <span class='ocrx_word' id='word_1_218' title='bbox 606 3266 668 3331; x_wconf 87' lang='grc'><strong>0101</strong></span> <span class='ocrx_word' id='word_1_219' title='bbox 687 3270 878 3351; x_wconf 83' lang='lat' dir='ltr'>experientia</span> <span class='ocrx_word' id='word_1_220' title='bbox 895 3270 1036 3334; x_wconf 91' lang='lat' dir='ltr'>libidinis</span> <span class='ocrx_word' id='word_1_221' title='bbox 1055 3270 1210 3347; x_wconf 87' lang='lat' dir='ltr'>turbidae,</span> <span class='ocrx_word' id='word_1_222' title='bbox 1229 3290 1290 3335; x_wconf 91' lang='lat' dir='ltr'>non</span> <span class='ocrx_word' id='word_1_223' title='bbox 1310 3270 1431 3335; x_wconf 87' lang='lat' dir='ltr'>coniec-</span> 
     </span>
     <span class='ocr_line' id='line_1_27' title="bbox 284 3372 1430 3460; baseline 0.005 -25"><span class='ocrx_word' id='word_1_224' title='bbox 284 3376 354 3436; x_wconf 88' lang='lat' dir='ltr'>tura</span> <span class='ocrx_word' id='word_1_225' title='bbox 381 3372 524 3455; x_wconf 82' lang='lat' dir='ltr'>placidae</span> <span class='ocrx_word' id='word_1_226' title='bbox 552 3374 753 3439; x_wconf 84' lang='lat' dir='ltr'>uoluntatis?</span> <span class='ocrx_word' id='word_1_227' title='bbox 790 3376 876 3440; x_wconf 91' lang='lat' dir='ltr'>Hinc</span> <span class='ocrx_word' id='word_1_228' title='bbox 903 3380 954 3441; x_wconf 90' lang='lat' dir='ltr'>est</span> <span class='ocrx_word' id='word_1_229' title='bbox 982 3378 1066 3459; x_wconf 90' lang='lat' dir='ltr'>quod</span> <span class='ocrx_word' id='word_1_230' title='bbox 1095 3378 1216 3459; x_wconf 87' lang='lat' dir='ltr'>inpedit</span> <span class='ocrx_word' id='word_1_231' title='bbox 1246 3378 1430 3460; x_wconf 90' lang='lat' dir='ltr'>loquentem</span> 
     </span>
     <span class='ocr_line' id='line_1_28' title="bbox 283 3479 1431 3567; baseline 0.007 -26"><span class='ocrx_word' id='word_1_232' title='bbox 283 3479 393 3561; x_wconf 91' lang='lat' dir='ltr'>pudor,</span> <span class='ocrx_word' id='word_1_233' title='bbox 422 3480 483 3543; x_wconf 89' lang='lat' dir='ltr'>etsi</span> <span class='ocrx_word' id='word_1_234' title='bbox 512 3499 572 3544; x_wconf 92' lang='lat' dir='ltr'>non</span> <span class='ocrx_word' id='word_1_235' title='bbox 602 3480 728 3545; x_wconf 88' lang='lat' dir='ltr'>deficiat</span> <span class='ocrx_word' id='word_1_236' title='bbox 758 3483 839 3546; x_wconf 89' lang='lat' dir='ltr'>ratio</span> <span class='ocrx_word' id='word_1_237' title='bbox 864 3483 1068 3567; x_wconf 83' lang='lat' dir='ltr'>cogitantem.</span> <span class='ocrx_word' id='word_1_238' title='bbox 1092 3484 1212 3548; x_wconf 88' lang='lat' dir='ltr'>Verum</span> <span class='ocrx_word' id='word_1_239' title='bbox 1234 3488 1431 3549; x_wconf 77' lang='grc'><strong>100000000-</strong></span> 
     </span>
     <span class='ocr_line' id='line_1_29' title="bbox 283 3585 1432 3666; baseline 0.006 -18"><span class='ocrx_word' id='word_1_240' title='bbox 283 3585 439 3666; x_wconf 88' lang='lat' dir='ltr'>nipotenti</span> <span class='ocrx_word' id='word_1_241' title='bbox 461 3586 538 3664; x_wconf 92' lang='lat' dir='ltr'>Deo,</span> <span class='ocrx_word' id='word_1_242' title='bbox 563 3606 687 3651; x_wconf 89' lang='lat' dir='ltr'>summo</span> <span class='ocrx_word' id='word_1_243' title='bbox 712 3608 748 3651; x_wconf 88' lang='grc'>00</span> <span class='ocrx_word' id='word_1_244' title='bbox 774 3608 897 3653; x_wconf 91' lang='lat' dir='ltr'>summe</span> <span class='ocrx_word' id='word_1_245' title='bbox 921 3590 1002 3655; x_wconf 92' lang='lat' dir='ltr'>bono</span> <span class='ocrx_word' id='word_1_246' title='bbox 1028 3591 1159 3655; x_wconf 87' lang='lat' dir='ltr'>creatori</span> <span class='ocrx_word' id='word_1_247' title='bbox 1179 3591 1320 3654; x_wconf 90' lang='lat' dir='ltr'>omnium</span> <span class='ocrx_word' id='word_1_248' title='bbox 1340 3596 1432 3655; x_wconf 91' lang='lat' dir='ltr'>natu-</span> 
     </span>
     <span class='ocr_line' id='line_1_30' title="bbox 282 3693 1478 3774; baseline 0.002 -21"><span class='ocrx_word' id='word_1_249' title='bbox 282 3710 396 3768; x_wconf 87' lang='lat' dir='ltr'>rarum,</span> <span class='ocrx_word' id='word_1_250' title='bbox 425 3693 626 3757; x_wconf 89' lang='lat' dir='ltr'>uoluntatum</span> <span class='ocrx_word' id='word_1_251' title='bbox 655 3697 759 3758; x_wconf 89' lang='lat' dir='ltr'>autem</span> <span class='ocrx_word' id='word_1_252' title='bbox 788 3694 940 3759; x_wconf 89' lang='lat' dir='ltr'>bonarum</span> <span class='ocrx_word' id='word_1_253' title='bbox 970 3696 1105 3759; x_wconf 88' lang='lat' dir='ltr'>adiutori</span> <span class='ocrx_word' id='word_1_254' title='bbox 1134 3700 1165 3761; x_wconf 89' lang='lat' dir='ltr'>et</span> <span class='ocrx_word' id='word_1_255' title='bbox 1192 3699 1429 3774; x_wconf 73' lang='lat' dir='ltr'>remuneratori,</span> <span class='ocrx_word' id='word_1_256' title='bbox 1448 3716 1478 3755; x_wconf 82' lang='lat' dir='ltr'>eo</span> 
     </span>
    </p>
   </div>
   <div class='ocr_carea' id='block_1_4' title="bbox 282 3916 1435 4205">
    <p class='ocr_par' dir='ltr' id='par_1_4' title="bbox 282 3916 1435 4205">
     <span class='ocr_line' id='line_1_31' title="bbox 321 3916 1435 4028; baseline 0.004 -22"><span class='ocrx_word' id='word_1_257' title='bbox 321 3923 481 4015; x_wconf 80' lang='grc'><strong>1100111010</strong></span> <span class='ocrx_word' id='word_1_258' title='bbox 501 3971 514 4007; x_wconf 97' lang='grc'>0</span> <span class='ocrx_word' id='word_1_259' title='bbox 623 3955 763 4019; x_wconf 79' lang='lat' dir='ltr'>felicitate,</span> <span class='ocrx_word' id='word_1_260' title='bbox 783 3956 816 4009; x_wconf 80' lang='lat' dir='ltr'>in</span> <span class='ocrx_word' id='word_1_261' title='bbox 833 3974 918 4027; x_wconf 73' lang='lat' dir='ltr'>usurp.</span> <span class='ocrx_word' id='word_1_262' title='bbox 930 3916 1081 4020; x_wconf 67' lang='lat' dir='ltr'>docilitate,</span> <span class='ocrx_word' id='word_1_263' title='bbox 1100 3974 1114 4011; x_wconf 86' lang='grc'>0</span> <span class='ocrx_word' id='word_1_264' title='bbox 1222 3959 1238 4013; x_wconf 82' lang='lat'><strong>3</strong></span> <span class='ocrx_word' id='word_1_265' title='bbox 1258 3960 1301 4028; x_wconf 86' lang='lat' dir='ltr'>eo]</span> <span class='ocrx_word' id='word_1_266' title='bbox 1319 3958 1381 4012; x_wconf 91' lang='lat' dir='ltr'>ideo</span> <span class='ocrx_word' id='word_1_267' title='bbox 1406 3960 1435 4011; x_wconf 91' lang='lat' dir='ltr'><em>V</em></span> 
     </span>
     <span class='ocr_line' id='line_1_32' title="bbox 282 4043 1432 4117; baseline 0.004 -21"><span class='ocrx_word' id='word_1_268' title='bbox 282 4048 460 4105; x_wconf 84' lang='lat' dir='ltr'>monerentur,</span> <span class='ocrx_word' id='word_1_269' title='bbox 479 4043 551 4097; x_wconf 84' lang='lat' dir='ltr'>rnele</span> <span class='ocrx_word' id='word_1_270' title='bbox 568 4044 736 4112; x_wconf 76' lang='lat' dir='ltr'>rescriptum,</span> <span class='ocrx_word' id='word_1_271' title='bbox 762 4045 787 4097; x_wconf 81' lang='lat' dir='ltr'><strong><em>V</em></strong></span> <span class='ocrx_word' id='word_1_272' title='bbox 883 4044 968 4099; x_wconf 85' lang='lat' dir='ltr'>4illu</span> <span class='ocrx_word' id='word_1_273' title='bbox 985 4046 1140 4100; x_wconf 89' lang='lat' dir='ltr'>membrao</span> <span class='ocrx_word' id='word_1_274' title='bbox 1244 4049 1351 4117; x_wconf 79' lang='lat' dir='ltr'>deum]</span> <span class='ocrx_word' id='word_1_275' title='bbox 1371 4049 1399 4100; x_wconf 91' lang='lat' dir='ltr'>in</span> <span class='ocrx_word' id='word_1_276' title='bbox 1421 4050 1432 4101; x_wconf 96' lang='grc'>1</span> 
     </span>
     <span class='ocr_line' id='line_1_33' title="bbox 283 4130 1432 4205; baseline 0.008 -23"><span class='ocrx_word' id='word_1_277' title='bbox 283 4130 299 4182; x_wconf 88' lang='grc'>8</span> <span class='ocrx_word' id='word_1_278' title='bbox 319 4130 443 4200; x_wconf 85' lang='lat' dir='ltr'>torpidus</span> <span class='ocrx_word' id='word_1_279' title='bbox 467 4131 493 4184; x_wconf 91' lang='lat' dir='ltr'><em>V</em></span> <span class='ocrx_word' id='word_1_280' title='bbox 590 4136 662 4186; x_wconf 87' lang='lat' dir='ltr'>esset</span> <span class='ocrx_word' id='word_1_281' title='bbox 680 4132 727 4186; x_wconf 91' lang='lat' dir='ltr'>sed</span> <span class='ocrx_word' id='word_1_282' title='bbox 748 4134 758 4186; x_wconf 92' lang='grc'>1</span> <span class='ocrx_word' id='word_1_283' title='bbox 848 4135 864 4187; x_wconf 88' lang='grc'><strong>9</strong></span> <span class='ocrx_word' id='word_1_284' title='bbox 884 4134 1012 4187; x_wconf 90' lang='lat' dir='ltr'>adhibere</span> <span class='ocrx_word' id='word_1_285' title='bbox 1036 4135 1062 4188; x_wconf 85' lang='lat' dir='ltr'><em>V</em></span> <span class='ocrx_word' id='word_1_286' title='bbox 1151 4136 1184 4191; x_wconf 92' lang='lat'>10</span> <span class='ocrx_word' id='word_1_287' title='bbox 1203 4153 1280 4190; x_wconf 81' lang='lat' dir='ltr'>saera</span> <span class='ocrx_word' id='word_1_288' title='bbox 1298 4136 1397 4205; x_wconf 82' lang='lat' dir='ltr'>integr.</span> <span class='ocrx_word' id='word_1_289' title='bbox 1417 4156 1432 4191; x_wconf 82' lang='lat' dir='ltr'>e</span> 
     </span>
    </p>
   </div>
   <div class='ocr_carea' id='block_1_5' title="bbox 282 4220 1431 4362">
    <p class='ocr_par' dir='ltr' id='par_1_5' title="bbox 282 4220 1431 4362">
     <span class='ocr_line' id='line_1_34' title="bbox 282 4220 1431 4294; baseline 0.005 -21"><span class='ocrx_word' id='word_1_290' title='bbox 282 4220 518 4288; x_wconf 72' lang='grc'>101000110100011</span> <span class='ocrx_word' id='word_1_291' title='bbox 585 4222 615 4275; x_wconf 92' lang='lat' dir='ltr'>ll</span> <span class='ocrx_word' id='word_1_292' title='bbox 637 4222 713 4275; x_wconf 86' lang='lat' dir='ltr'>salue</span> <span class='ocrx_word' id='word_1_293' title='bbox 730 4223 778 4275; x_wconf 84' lang='lat' dir='ltr'>sed</span> <span class='ocrx_word' id='word_1_294' title='bbox 797 4225 951 4293; x_wconf 65' lang='grc'><strong>0000010010</strong></span> <span class='ocrx_word' id='word_1_295' title='bbox 1021 4226 1052 4278; x_wconf 90' lang='grc'>13</span> <span class='ocrx_word' id='word_1_296' title='bbox 1070 4226 1160 4294; x_wconf 85' lang='lat' dir='ltr'>possit</span> <span class='ocrx_word' id='word_1_297' title='bbox 1178 4225 1199 4279; x_wconf 88' lang='lat' dir='ltr'>l¹</span> <span class='ocrx_word' id='word_1_298' title='bbox 1273 4228 1431 4280; x_wconf 78' lang='grc'><strong>16010000-</strong></span> 
     </span>
     <span class='ocr_line' id='line_1_35' title="bbox 283 4306 411 4362; baseline 0.008 -1"><span class='ocrx_word' id='word_1_299' title='bbox 283 4326 315 4361; x_wconf 94' lang='lat' dir='ltr'>ue</span> <span class='ocrx_word' id='word_1_300' title='bbox 339 4308 374 4361; x_wconf 88' lang='lat' dir='ltr'>V¹</span> <span class='ocrx_word' id='word_1_301' title='bbox 390 4306 411 4362; x_wconf 86' lang='lat' dir='ltr'>l²</span> 
     </span>
    </p>
   </div>
   <div class='ocr_carea' id='block_1_6' title="bbox 0 0 1600 4959">
    <p class='ocr_par' dir='ltr' id='par_1_6' title="bbox 0 0 1600 4959">
     <span class='ocr_line' id='line_1_36' title="bbox 0 0 1600 4959; baseline 0 0"><span class='ocrx_word' id='word_1_302' title='bbox 0 0 1600 4959; x_wconf 95' lang='lat' dir='ltr'> </span> 
     </span>
    </p>
   </div>
   <div class='ocr_carea' id='block_1_7' title="bbox 1594 29 1598 2786">
    <p class='ocr_par' dir='ltr' id='par_1_7' title="bbox 1594 29 1598 2786">
     <span class='ocr_line' id='line_1_37' title="bbox 1594 29 1598 2786; baseline 0 0"><span class='ocrx_word' id='word_1_303' title='bbox 1594 29 1598 2786; x_wconf 95' lang='lat' dir='ltr'> </span> 
     </span>
    </p>
   </div>
   <div class='ocr_carea' id='block_1_8' title="bbox 1594 29 1598 2786">
    <p class='ocr_par' dir='ltr' id='par_1_8' title="bbox 1594 29 1598 2786">
     <span class='ocr_line' id='line_1_38' title="bbox 1594 29 1598 2786; baseline 0 0"><span class='ocrx_word' id='word_1_304' title='bbox 1594 29 1598 2786; x_wconf 95' lang='lat' dir='ltr'> </span> 
     </span>
    </p>
   </div>
  </div>
 </body>
</html>
