3192 4959
294 460 342 513 Dc
371 461 548 514 ciuitate
576 459 638 514 dci
666 459 731 514 lib.
755 459 871 516 XVIIII.
901 477 977 532 cap.
1003 461 1044 516 13.
1076 462 1117 516 14.
1216 463 1279 528 397

131 657 247 721 deserti
274 655 348 721 boni
374 655 406 718 in
435 657 566 738 peccato
589 656 683 720 testis
707 658 757 720 est
778 656 956 720 uoluntatis
980 657 1092 734 malae,
1121 656 1166 721 ita
1190 656 1280 722 dolor

130 763 241 828 amissi
268 763 342 827 boni
369 763 401 826 in
429 762 587 845 supplicio
616 763 709 826 testis
739 765 789 826 est
817 767 948 827 naturae
971 764 1080 829 bonae.
1111 761 1171 842 Qui
1197 764 1281 828 enim

130 870 218 933 dolet
255 869 406 933 amissam
444 871 574 932 naturae
612 887 688 932 suae
721 888 842 951 pacem,
876 889 912 934 er
945 870 1106 952 aliquibus
1139 869 1282 950 reliquiiS

129 976 219 1057 pacis
243 974 276 1038 id
301 976 397 1050 dolet,
422 975 539 1056 quibus
559 975 603 1049 fit,
623 980 660 1039 ut
679 975 740 1040 sibi
759 976 863 1039 amica
881 979 992 1040 natura
1011 977 1063 1040 sit.
1083 976 1153 1040 Hoc
1174 983 1282 1040 autem

101 1082 160 1146 sin
189 1084 330 1146 extremo
358 1081 516 1164 supplicio
544 1085 630 1147 recte
657 1082 703 1156 fit,
733 1086 770 1146 ut
798 1082 899 1164 iniqui
927 1086 959 1146 et
985 1083 1063 1164 inpii
1091 1083 1282 1147 naturalium

129 1190 287 1253 bonorum
325 1188 439 1252 damna
475 1189 506 1251 in
545 1189 739 1254 cruciatibus
782 1189 926 1264 defleant,
965 1190 1137 1252 sentientes
1175 1207 1281 1252 eorum

129 1295 306 1360 ablatorem
333 1294 549 1360 iustissimum
572 1295 687 1374 Deum,
716 1315 811 1378 quem
836 1300 1073 1360 contemserunt
1096 1295 1283 1379 benignissi-

129 1421 218 1466 mum
242 1401 436 1484 largitorem.
459 1401 547 1466 Dens
567 1421 641 1485 ergo
660 1406 844 1466 naturarum
866 1403 1007 1468 omnium
1028 1401 1283 1484 sapientissimus

130 1507 276 1572 conditor
295 1513 327 1571 et
340 1509 538 1572 iustissimus
559 1509 729 1587 ordinator,
749 1509 803 1590 qui
818 1513 1012 1574 terrenorum
1029 1513 1284 1574 ornamentorum

89 1637 113 1675 ιο
130 1614 305 1678 maximum
328 1614 470 1679 instituit
494 1616 628 1680 montale
653 1635 752 1700 genus
781 1616 967 1694 humanum,
991 1615 1078 1680 dedit
1102 1615 1284 1680 hominibus

131 1720 287 1802 quaedam
315 1721 398 1786 bona
425 1721 501 1786 huic
530 1721 616 1786 uitae
640 1740 788 1806 congrua,
814 1722 846 1786 id
871 1725 920 1786 est
942 1741 1052 1806 pacem
1076 1721 1283 1804 temporalem

129 1848 186 1909 pro
210 1827 342 1892 modulo
365 1828 510 1893 mortalis
539 1829 623 1892 uitae
650 1829 681 1893 in
711 1829 781 1912 ipsa
810 1830 913 1894 salute
943 1832 974 1894 et
1001 1829 1220 1894 incolumitate
1248 1845 1285 1894 ac

130 1935 287 1999 societate
316 1935 366 1998 sui
395 1935 532 2018 generis,
560 1939 593 1999 et
620 1954 764 2018 quaeque
791 1936 866 2000 huic
894 1937 964 2020 paci
994 1936 1047 1999 uel
1074 1935 1209 2000 tuendae
1233 1933 1286 1998 uel

129 2040 362 2123 recuperandae
390 2042 570 2106 necessaria
597 2046 673 2106 sunt
700 2041 799 2128 (sicut
827 2061 873 2123 ea,
902 2061 981 2124 qnae
1009 2047 1081 2125 apte
1111 2046 1142 2106 et
1174 2059 1286 2106 conue-

86 2149 254 2212 unienter
285 2147 431 2212 adiacent
462 2149 620 2227 sensibus,
655 2149 710 2214 lux
742 2169 814 2228 uox,
852 2169 946 2214 aurae
982 2148 1149 2232 spirabiles
1187 2165 1286 2228 aquae

128 2253 309 2337 potabiles,
357 2257 390 2319 et
430 2255 584 2338 quidquid
626 2256 665 2320 ad
707 2256 855 2320 alendum
896 2256 1067 2340 tegendum
1113 2253 1285 2318 curandum

129 2361 373 2443 ornandumque
401 2379 516 2445 corpus
545 2362 717 2448 congruit),
747 2383 783 2428 eo
807 2368 900 2446 pacto
925 2357 1128 2446 aequissimo,
1156 2365 1203 2437 ut,
1231 2361 1285 2442 qui

127 2468 278 2533 mortalis
316 2467 434 2532 talibus
472 2469 563 2534 bonis
595 2471 667 2552 paci
698 2471 882 2534 mortalium
920 2468 1169 2534 adcommodatis
1201 2471 1286 2532 recte

127 2595 211 2640 usus
245 2575 352 2651 fuerit,
386 2575 523 2658 accipiat
555 2577 709 2659 ampliora
736 2576 839 2658 adque
866 2577 1008 2654 meliora,
1035 2576 1138 2658 ipsam
1161 2574 1286 2638 scilicet

83 2701 109 2741 ro
126 2681 372 2746 inmortalitatis
400 2700 511 2762 pacem
539 2683 632 2765 eique
656 2683 897 2748 conuenientem
922 2682 1054 2766 gloriam
1080 2686 1113 2746 et
1135 2681 1284 2746 honorem

125 2789 158 2852 in
196 2789 268 2851 nita
300 2791 427 2853 aeterna
458 2787 497 2851 ad
529 2788 698 2853 fruendum
732 2789 798 2854 Deo
833 2792 865 2853 et
892 2789 1033 2871 proximo
1061 2789 1093 2852 in
1118 2787 1199 2865 Deo;
1230 2786 1284 2870 qni

125 2899 240 2960 autem
263 2913 439 2976 perperam,
462 2913 520 2959 nec
543 2895 600 2966 illa
622 2896 759 2979 accipiat
782 2900 814 2959 et
837 2895 914 2960 haec
938 2896 1075 2960 amiitat.

577 3073 714 3138 CAPUT
737 3073 841 3138 XIII.

124 3198 182 3262 De
214 3196 356 3262 ordine
386 3215 428 3260 ac
455 3196 546 3279 Iege
576 3197 661 3260 siue
690 3201 850 3262 terrena
879 3197 967 3260 siue
997 3198 1182 3270 caelesti,
1215 3213 1284 3276 per

79 3323 249 3387 uquam
278 3302 477 3366 societati
505 3302 698 3367 humanae
728 3303 851 3368 etiarn
881 3302 1120 3366 dominando
1146 3319 1283 3365 consu·

328 3408 443 3483 ditur,
469 3408 534 3472 cni
558 3411 597 3472 et
620 3409 873 3474 consulendo
899 3410 1091 3473 seruitur.

169 3531 290 3598 Omnis
318 3532 420 3615 igitur
442 3550 521 3595 usus
545 3550 650 3595 rerum
673 3532 898 3613 temporalium
922 3531 1056 3596 refertur
1081 3530 1118 3595 ad
1142 3531 1282 3595 fructum

120 3640 218 3722 pacis
248 3642 392 3702 terrenae
420 3639 452 3702 in
481 3643 602 3701 terrena
630 3637 775 3713 ciuitate;
805 3637 991 3702 incoelesti
1020 3639 1127 3700 antem
1151 3638 1282 3701 ciuitate

157 3799 185 3877 3.
197 3793 272 3857 aliis,
289 3811 325 3848 m.
345 3797 365 3847 2
383 3811 416 3849 ex
434 3795 497 3861 alib3
517 3812 628 3860 corr.,e
682 3797 922 3851 lcontemnerunt
938 3811 956 3863 9
1020 3795 1053 3848 12
1071 3794 1123 3847 hac
1142 3793 1282 3848 societatis

119 3880 189 3983 sua}
207 3930 229 3982 9
279 3913 312 3965 14
332 3914 361 3964 et
376 3927 435 3980 pp,·
455 3927 487 3964 ac
505 3912 563 3964 rell.
582 3929 598 3966 v
616 3911 715 3966 Domb.
764 3912 796 3965 15
817 3927 868 3964 uox
887 3909 982 3974 codd.,·
1001 3926 1053 3962 nox
1072 3925 1105 3962 ca
1123 3909 1283 3962 coniectura

117 4001 269 4057 Moraliv
343 4015 389 4052 aer
407 3999 544 4069 spiritales
564 4002 579 4052 b
653 4002 685 4055 16
705 3999 898 4069 tlegclsndum,
918 4016 951 4052 ea·
971 3997 1169 4065 daegerendurn
1187 4003 1219 4050 ut
1236 3999 1281 4050 ai-

119 4093 207 4146 detur
227 4093 388 4151 correctum,
405 4105 424 4156 9
477 4089 713 4158 tegendumquec
765 4091 797 4142 19
817 4088 909 4156 accepi
928 4087 1063 4154 aropliora
1079 4103 1096 4155 9
1151 4087 1282 4155 accipitp

118 4183 156 4236 24
174 4180 235 4234 hac
255 4176 318 4247 lege
337 4177 396 4230 siue
414 4180 538 4230 terrenae
557 4178 615 4231 siue
635 4179 744 4232 celestis
760 4179 817 4247 μή·
835 4194 850 4231 a
869 4177 929 4244 lege
953 4175 1075 4230 caritatis
1099 4179 1205 4228 terrene
1224 4176 1282 4230 sina

119 4268 279 4334 celestisp
371 4264 430 4318 siue
450 4266 563 4319 caelesti
581 4267 640 4320 siue
658 4269 801 4320 terrenae
874 4266 908 4318 ‘26
928 4265 973 4334 qui
990 4281 1007 4334 p
1015 4265 1033 4331 f
1106 4264 1140 4317 28
1159 4267 1282 4318 terrenae

119 4361 200 4430 pacis
215 4371 270 4427 pv
342 4353 371 4408 in
391 4355 505 4408 ciuitate
522 4358 631 4410 terrena
648 4371 665 4409 o
