3192 4959
328 454 378 507 De
406 451 580 505 ciuitate
609 450 670 505 dei
698 451 763 505 lib.
792 450 878 505 XVII.
907 467 981 521 esp.
1012 452 1124 505 12-14.
1237 454 1301 518 245

155 666 226 729 ergo
251 646 290 709 ut
314 642 492 709 Salomonis
509 621 659 725 ¹tempora
682 642 713 706 in
737 643 796 707 hae
819 643 1029 725 promissione
1053 644 1213 729 praedicta
1232 665 1301 711 esse

156 753 334 822 credentum
363 749 594 813 multominus
619 750 726 833 itaque
755 750 929 814 cuiuslibet
951 750 1036 835 regis
1061 752 1202 819 alterius.
1230 750 1300 815 Non

155 859 237 922 enim
270 858 440 940 qnisquam
473 874 582 920 eorum
614 856 645 920 in
674 860 771 933 tanta,
802 860 920 939 quanta
947 857 1012 935 ille,
1040 876 1117 940 paee
1141 858 1300 942 regnauit3

155 984 208 1029 nee
231 983 385 1045 umquam
409 963 535 1028 omnino
560 982 637 1047 gens
659 962 717 1027 illa
740 964 786 1027 ita
809 982 942 1047 regnum
965 965 1078 1042 tenuit,
1103 968 1140 1028 ut
1164 964 1302 1029 sollicita

126 1092 212 1136 enon
235 1071 335 1135 inerit
357 1089 396 1133 ne
419 1068 566 1134 hostibus
591 1069 794 1146 subderetur3
826 1070 899 1151 quia
921 1070 952 1133 in
976 1073 1064 1133 tanta
1088 1070 1300 1135 mutabilitate

154 1198 257 1242 remm
286 1177 496 1242 humanarum
524 1175 604 1239 nulli
632 1176 802 1259 aliquando
826 1177 944 1259 populo
969 1196 1118 1241 eoneessa
1143 1181 1192 1241 est
1214 1181 1302 1241 tanta

155 1284 320 1361 securitas,
357 1286 394 1347 ut
429 1282 504 1347 huie
540 1283 627 1346 uitae
664 1283 797 1347 hostiles
835 1302 895 1347 non
929 1283 1112 1348 formidaret
1143 1283 1300 1348 incursus.

154 1392 257 1455 Loeus
297 1408 370 1472 ergo
406 1390 479 1467 iste,
517 1390 571 1471 qni
607 1391 805 1472 promittitur
840 1394 906 1454 tam
939 1394 1070 1473 pacatae
1103 1410 1139 1455 ae
1173 1409 1301 1455 securae

153 1498 369 1574 habitationis,
394 1499 539 1561 aeternus
563 1500 614 1561 est
636 1496 835 1577 aeternisque
860 1497 992 1561 debetur
1015 1496 1045 1560 in
1072 1500 1170 1561 matre
1189 1498 1302 1561 Hieru-

115 1628 137 1665 ιο
154 1605 254 1668 salem
272 1604 382 1680 libera,
401 1603 457 1667 ubi
477 1602 537 1666 erit
555 1604 711 1667 ueraciter
729 1604 866 1686 populus
881 1603 995 1679 Israel;
1016 1604 1076 1669 hoe
1091 1604 1172 1667 enim
1189 1622 1301 1669 nomen

153 1711 379 1792 interpretatur
408 1709 532 1773 ‘uidens
559 1710 687 1785 Deum'3
713 1710 805 1774 cuius
828 1710 959 1793 praemii
985 1710 1139 1775 desiderio
1168 1711 1220 1792 pia
1248 1728 1302 1793 per

153 1816 248 1880 fidem
271 1816 341 1880 uita
362 1816 395 1879 in
418 1815 477 1880 hae
502 1836 688 1880 aerumnosa
710 1817 960 1900 peregrinatione
985 1816 1127 1881 ducende
1150 1821 1208 1883 est.

597 2008 736 2073 CAPUT
758 2009 861 2074 XIIII.

153 2153 206 2217 De
240 2152 371 2217 studio
402 2151 523 2216 Dauid
560 2153 596 2215 in
629 2152 883 2235 dispositione
916 2152 1171 2235 mysterioque
1205 2154 1300 2237 psal·

113 2304 136 2343 n
654 2278 806 2325 morum.

196 2402 407 2466 Procurrente
425 2401 525 2484 igitur·
546 2419 602 2483 per
619 2404 762 2480 tempora
782 2399 912 2464 ciuitate
931 2399 1002 2477 Dei,
1021 2400 1121 2481 primo
1140 2400 1303 2465 inumbra

152 2508 264 2585 futuri,
298 2507 329 2572 in
363 2513 485 2572 terrena
513 2507 637 2571 seilicet
663 2506 878 2583 Hierusalem,
906 2506 1051 2591 regnauit
1078 2506 1193 2571 Dauid.
1226 2508 1303 2572 Erat

153 2620 263 2680 autem
285 2614 391 2679 Dauid
409 2614 459 2678 uir
480 2615 512 2676 in
533 2614 664 2677 eantieis
685 2612 838 2690 eruditus
860 2613 913 2693 qui
932 2613 1127 2677 harmoniam
1146 2614 1302 2677 musicam

152 2742 213 2785 non
248 2722 376 2803 uulgari
408 2721 585 2801 uoluptate,
619 2719 675 2783 sed
707 2719 793 2783 fideli
825 2720 992 2784 uoluntate
1030 2718 1174 2784 dilexerit
1205 2739 1302 2803 eaque

112 2826 220 2895 aoDeo
261 2846 330 2902 suo,
370 2826 424 2910 qni
460 2844 556 2891 uerus
589 2828 639 2889 est
675 2826 772 2902 Deus,
805 2826 942 2909 mystica
973 2826 1018 2890 rei
1055 2845 1186 2910 magnae
1223 2827 1302 2911 iign-

152 2935 276 2999 ratione
305 2933 460 2997 sernierit.
489 2934 697 2997 Diuersarum
727 2934 809 2996 enim
841 2952 989 2998 sonorum
1018 2932 1212 2999 rationabilis
1237 2954 1302 2998 mo-

152 3040 346 3122 deratusque
387 3043 559 3105 concentus
602 3040 749 3104 concordi
796 3040 951 3104 uarietate
997 3043 1182 3122 conpactam
1224 3042 1302 3105 bene

152 3147 315 3212 ordinatae
352 3147 492 3211 ciuitatis
529 3146 670 3210 insinuat
706 3146 872 3210 unitatem.
910 3147 1053 3229 Denique
1096 3148 1196 3212 omnis
1238 3150 1302 3212 fere

150 3254 323 3337 prophetia
359 3254 427 3318 eius
459 3255 491 3316 in
528 3253 659 3335 psalmis
695 3254 754 3327 est,
793 3270 872 3333 quos
911 3256 1035 3316 centiam
1075 3254 1303 3338 quinquaginta

110 3388 135 3427 re
150 3358 233 3423 liber
258 3360 409 3436 eontinet,
434 3378 528 3441 quem
551 3359 747 3441 psalmorum
771 3378 935 3423 nocemus.
959 3359 995 3422 In
1021 3360 1136 3442 quibus
1161 3361 1303 3425 nonnulli

152 3468 270 3531 uolunt
289 3486 343 3531 eos
363 3466 450 3531 solos
468 3466 570 3529 iactos
590 3484 660 3529 esse
680 3483 698 3528 a
716 3464 832 3543 Dauid,
852 3464 906 3547 qui
926 3465 994 3529 eius
1014 3466 1138 3529 nomine
1158 3467 1302 3549 inseripti

151 3578 237 3639 sunt.
267 3572 349 3638 Sunt
375 3573 452 3637 item
482 3572 536 3653 qni
558 3574 674 3653 putant
700 3591 760 3636 non
786 3571 823 3635 ab
849 3590 885 3635 eo
911 3572 1021 3643 laetos,
1051 3572 1113 3635 nisi
1137 3572 1191 3653 qui
1214 3592 1301 3655 prae-

150 3683 316 3744 notantur:
351 3680 479 3762 Ipsius
511 3677 648 3755 Dauid3
682 3680 737 3761 qui
764 3697 840 3742 uero
869 3678 987 3741 habent
1014 3680 1045 3741 in
1075 3678 1193 3742 titulis:
1223 3679 1302 3760 Ipsi

152 3786 286 3864 Dauid,
312 3787 349 3850 ab
375 3786 446 3850 aliis
470 3785 571 3849 iactos
594 3804 746 3867 personae
768 3784 873 3867 ipsius
897 3783 998 3848 fuisse
1023 3787 1195 3866 coaptatos.
1216 3782 1302 3862 Quae

186 4103 203 4155 2
222 4103 319 4170 itaque
337 4115 415 4164 msa,·
433 4098 562 4166 utiqneo
609 4099 642 4151 14
660 4098 842 4168 mysterioque
861 4114 912 4152 om.
928 4115 949 4166 p
1004 4098 1035 4151 a'n
1053 4098 1071 4165 f
1073 4114 1091 4165 p
1108 4098 1303 4166 inscriptiones

151 4207 173 4245 e.
199 4195 235 4243 14
262 4195 287 4243 et
312 4190 349 4241 15
377 4189 541 4241 coniunctae
571 4192 596 4240 et
625 4188 733 4240 numeri
760 4188 929 4256 sequentium
958 4187 1082 4254 capilum
1109 4186 1210 4239 mutati
1237 4192 1303 4240 sunt

153 4282 185 4335 16
208 4280 404 4333 Percurreutes
427 4276 443 4329 b
551 4275 707 4329 ciuitatisb
818 4277 850 4329 18
874 4276 916 4329 nir
939 4291 989 4329 om.
1010 4292 1032 4343 p
1142 4292 1243 4329 armon.
1264 4293 1277 4329 e
1285 4294 1303 4346 y

151 4370 185 4422 26
204 4366 303 4437 scripti
321 4382 362 4434 ep
417 4365 450 4418 27
471 4364 729 4433 pronominanturp
