3192 4959
225 468 245 529 4
484 514 488 523 ,
571 462 597 517 S.
626 462 784 515 Aurelii
811 460 1030 530 Augustini

225 680 290 724 rem
315 662 513 741 praesentem
538 655 615 721 satis
636 674 706 721 osse
726 654 898 732 uidebitur,
923 652 1141 719 consideratus
1158 654 1278 735 poterit
1295 655 1375 718 bano

227 767 402 831 dissoluere
440 763 668 847 quaestionem,
702 762 778 845 quid
811 762 856 826 sit
888 761 1063 826 secundum
1097 778 1221 825 earnem
1254 762 1373 825 uiuere.

226 875 261 938 Iu
291 871 438 956 operibus
467 890 602 953 namque
631 871 743 947 earnis,
773 888 854 951 qnae
883 867 1052 933 manifesta
1079 886 1149 932 osse
1174 867 1252 932 dixit
1275 886 1375 950 eaque

227 979 473 1044 commemorata
496 976 669 1049 damnauit,
699 996 759 1040 non
782 975 840 1039 illa
862 979 988 1039 tantum
1011 974 1203 1051 inuenimus,
1233 994 1312 1056 quae
1336 977 1375 1040 ad

227 1084 425 1166 uoluptatem
452 1082 610 1165 pertinent
634 1082 748 1160 earnis,
777 1081 873 1146 sicuti
898 1084 973 1146 sunt
990 1080 1223 1155 fornicationes,
1251 1082 1375 1146 inmun·
1407 1104 1420 1140 r

228 1190 335 1267 ditiae,
371 1190 502 1265 luxuria,
541 1189 721 1266 ebrietates,
760 1188 1000 1261 comisationem
1035 1206 1146 1251 uerum
1179 1188 1277 1252 etiam
1308 1188 1375 1265 illa,

228 1297 343 1381 quibus
372 1296 468 1360 animi
496 1296 577 1359 uitia
606 1294 863 1359 demonstrantur
891 1314 909 1357 a
936 1294 1103 1374 uoluptate
1132 1294 1234 1357 earnis
1264 1295 1376 1359 aliena.

229 1402 308 1483 Quis
332 1403 414 1466 enim
434 1402 635 1479 seruitutem,
656 1420 735 1483 qnae
753 1400 849 1466 idolis
869 1400 1042 1478 exhibetur,
1060 1400 1224 1478 ueneficio,
1243 1401 1377 1465 inimici-

227 1510 300 1587 tias,
339 1509 566 1585 contentionsa,
606 1508 846 1585 aemulationes,
884 1507 1115 1584 animositates
1152 1506 1376 1584 dissensiones,

228 1616 385 1691 haereses,
408 1614 547 1678 inuidiae
571 1633 632 1679 non
655 1615 763 1697 potius
787 1614 956 1697 intellegat
979 1612 1075 1677 animi
1094 1612 1175 1676 uitia
1193 1632 1263 1677 esse
1282 1632 1375 1694 quam
1395 1638 1421 1677 ro

230 1724 351 1787 earnis?
384 1721 517 1802 Quando
547 1722 675 1804 quidem
702 1721 770 1785 fieri
798 1724 915 1803 potest,
944 1723 981 1783 ut
1008 1722 1136 1801 propter
1164 1719 1377 1785 idololatriam

229 1830 282 1893 uel
309 1828 447 1893 haeresis
477 1828 613 1893 alieuius
643 1847 777 1893 errorem
807 1847 826 1890 a
847 1827 1068 1909 uoluptatibus
1092 1826 1232 1908 eorporis
1255 1830 1376 1906 tempe·
1401 1883 1404 1889 ,

194 1923 198 1930 ’
229 1939 329 2011 retur3
364 1938 397 1999 et
423 1939 529 2000 tamen
559 1936 653 1999 etiam
682 1937 758 1998 tune
787 1934 892 2009 homo,
927 1934 1073 2014 quamuis
1102 1933 1202 1997 earnis
1228 1932 1376 1998 libidines

231 2043 388 2107 continere
414 2041 515 2123 adque
547 2041 693 2105 cohibere
722 2040 879 2119 uideatur,
913 2040 1086 2104 seeundum
1115 2058 1239 2103 earnem
1268 2038 1376 2102 uiuere

230 2150 289 2213 hae
312 2146 488 2230 apostoliea
512 2147 701 2210 anctoritate
725 2146 934 2221 conuincitur,
959 2148 991 2209 et
1013 2145 1044 2208 in
1065 2164 1111 2222 eo,
1136 2145 1221 2227 quod
1239 2144 1377 2208 abstinet
1395 2170 1422 2211 re

231 2275 249 2319 a
277 2253 497 2336 uoluptatibus
526 2252 638 2329 earnis,
667 2252 860 2316 damnabilia
888 2271 983 2333 opera
1010 2251 1110 2316 earnis
1135 2270 1228 2335 agere
1251 2250 1376 2315 demon-

231 2364 359 2426 stratur.
387 2359 467 2439 Quis
495 2359 679 2423 inimicitias
708 2380 768 2425 non
797 2360 828 2423 in
858 2359 962 2423 animo
991 2358 1126 2422 habeat?
1155 2362 1211 2422 aut
1238 2358 1309 2439 quis
1332 2358 1377 2421 ita

230 2470 390 2552 loquatur,
426 2472 464 2532 ut
494 2466 622 2530 inimieo
656 2485 714 2531 suo
746 2468 800 2530 uel
832 2485 925 2548 quem
958 2468 1052 2549 putat
1081 2465 1246 2530 inimicum
1278 2463 1377 2527 dieat:

232 2575 360 2639 ‘Malam
404 2574 551 2651 oarnem,'
592 2592 627 2637 ao
669 2592 729 2637 non
766 2574 894 2655 potius:
935 2572 1069 2635 ‘Malum
1104 2572 1244 2635 animum
1280 2570 1378 2633 habes

232 2681 386 2746 aduersus
415 2681 496 2744 me'?
525 2680 690 2745 Postremo
719 2680 803 2745 sieut
831 2679 1042 2754 carnalitates,
1071 2683 1108 2743 ut
1133 2678 1181 2741 ita
1208 2678 1321 2742 dicam.
1351 2677 1377 2740 si
1396 2706 1424 2745 ao

234 2788 304 2869 quis
333 2784 487 2863 audisset,
516 2805 575 2850 non
606 2785 766 2849 dubitaret
790 2786 875 2849 earni
898 2786 1047 2861 tribuere,
1071 2785 1117 2849 ita
1138 2803 1230 2850 nemo
1255 2784 1379 2847 dubitat

234 2892 451 2958 animositates
481 2891 520 2957 ad
548 2893 688 2956 animum
712 2892 878 2973 pertinere.
907 2891 997 2970 Quur
1020 2910 1094 2973 ergo
1118 2892 1196 2955 haee
1220 2890 1324 2955 omnia
1347 2896 1378 2953 et

234 3000 284 3063 his
318 2999 435 3064 similia
468 2998 579 3063 doctor
611 2999 754 3081 gentium
783 2998 815 3060 in
843 2996 905 3061 fide
934 3002 966 3061 et
993 2998 1127 3061 ueritate
1156 3016 1250 3080 opera
1277 2998 1378 3062 earnis

234 3106 381 3190 appellat,
405 3105 467 3169 nisi
491 3104 565 3185 quia
589 3122 625 3168 eo
649 3103 820 3168 locutionis
844 3103 949 3184 modo,
974 3122 1035 3184 quo
1059 3105 1163 3169 totum
1182 3104 1380 3187 significatur

235 3216 374 3295 aparte,
398 3211 505 3293 ipsum
529 3210 687 3275 hominem
712 3210 784 3273 uult
806 3210 931 3274 nomine
955 3210 1057 3275 earnis
1080 3210 1245 3294 intellegi?
1396 3236 1426 3276 rs

698 3401 835 3469 CAPUT
860 3402 918 3465 ΙΙΙ.

236 3544 402 3610 Peoeati
431 3563 591 3609 eausam
622 3562 664 3607 ex
692 3543 832 3621 anima,
861 3562 935 3608 non
963 3562 1006 3607 ex
1034 3562 1151 3607 earne
1180 3544 1378 3627 prodisse,

237 3656 276 3716 et
300 3650 606 3734 corruptionem
632 3669 675 3713 ex
693 3656 862 3733 peceato
882 3652 1133 3715 contractum
1153 3670 1226 3715 non
1245 3669 1379 3733 pecea-

557 3761 639 3821 tum
665 3776 767 3836 esse,
791 3758 861 3822 sed
884 3775 1058 3839 poenam.

282 3898 374 3977 Quod
411 3898 438 3963 si
475 3898 644 3981 quisquam
681 3897 759 3963 dicit
796 3917 921 3962 earnem
954 3918 1083 3963 oausam
1115 3918 1186 3963 esse
1218 3899 1249 3963 in
1286 3898 1378 3963 malis
1398 3919 1426 3960 ao

236 4006 378 4070 moribus
397 4024 668 4088 quommeumque
687 4006 850 4085 uitiorum,
866 4024 902 4070 eo
923 4006 1007 4087 quod
1026 4006 1129 4069 anima
1149 4025 1240 4070 came
1257 4006 1381 4071 adferta

256 4198 289 4249 ,6
308 4196 430 4249 luxuriae
450 4197 459 4249 l
554 4197 675 4252 comisat.
700 4197 737 4263 V;
756 4197 892 4250 comissat.
913 4196 988 4263 rell.,·
1006 4202 1181 4253 comessatv
1270 4198 1304 4250 1‘2
1324 4214 1381 4250 eor·

238 4286 311 4355 poris
330 4301 404 4353 naas,
424 4286 545 4340 oarniev
614 4286 646 4338 13
667 4285 781 4348 earnalis
806 4284 832 4337 V
896 4286 932 4339 20
950 4285 1093 4338 aduersum
1112 4302 1128 4339 o
1191 4287 1224 4339 21
1245 4285 1383 4340 dubitaret

244 4373 336 4444 Velp
355 4374 467 4441 Domb.,·
488 4375 644 4429 dubitasset
664 4374 734 4427 abo
788 4374 822 4426 25
842 4377 934 4444 aperte
954 4374 965 4427 l
