3192 4959
333 427 399 489 250
678 424 706 476 S.
732 421 887 475 Aurelii
916 422 1130 490 Augustini
1555 416 1556 473 l

1555 520 1556 559 l

328 616 371 680 Hi
395 620 470 682 sunt
492 617 576 681 enirn
599 616 769 699 participes
795 616 874 693 eius,
899 634 935 679 ex
959 634 1091 697 quornm
1111 615 1141 679 in
1163 616 1309 679 omnibus
1330 616 1476 699 gentibus

328 723 451 788 unitate
474 724 576 805 adque
605 722 772 787 concordia
798 722 835 785 fit
862 722 924 785 ista
952 722 1069 807 regina,
1099 722 1184 787 sicut
1211 721 1243 785 iu
1268 721 1330 786 alio
1355 723 1475 803 psalmo

329 830 366 894 de
394 830 451 894 illa
479 830 609 894 dicitur:
639 829 788 895 Ciuitas
817 829 918 912 regis
945 829 1078 912 magni.
1108 829 1183 909 Ipsa
1213 830 1263 892 est
1287 827 1363 892 Sion
1390 828 1475 911 spiri-

328 938 449 1013 taliter;
490 937 574 1020 quod
615 956 727 1001 nomeu
770 936 882 1001 Latine
919 936 1161 1018 interpretatum
1200 935 1378 1017 speculatio
1416 938 1473 1009 est;
1555 936 1556 975 l

328 1044 513 1127 speculatur
554 1044 638 1106 enim
674 1043 774 1106 futuri
813 1042 932 1106 saeculi
969 1062 1119 1125 magnum
1157 1042 1285 1115 bonum,
1330 1042 1504 1124 quoniame

326 1151 406 1215 illuc
439 1150 587 1234 dirigitur
620 1150 688 1213 eins
717 1149 862 1213 intentio.
895 1149 972 1232 Ipsa
1000 1152 1049 1213 est
1077 1152 1109 1211 et
1136 1148 1339 1212 Hierusalem
1369 1148 1473 1213 eodem

326 1258 421 1322 modo
450 1257 645 1340 spiritaliter,
674 1256 756 1319 unde
784 1255 887 1319 multa
913 1256 977 1319 iam
1001 1255 1146 1319 diximus.
1175 1255 1252 1319 Eius
1276 1255 1408 1319 inimica
1430 1259 1474 1319 est

328 1366 443 1429 ciuitas
476 1363 595 1427 diaboli
623 1363 776 1444 Babylon,
811 1380 891 1445 quae
921 1362 1064 1427 confusio
1087 1362 1326 1445 interpretatum
1357 1382 1394 1426 er
1417 1382 1473 1443 qna

326 1475 432 1535 tamen
455 1470 616 1551 Babylone
640 1468 749 1551 regina
772 1468 835 1531 ista
853 1469 884 1532 in
907 1469 1053 1533 omnibus
1074 1469 1221 1552 gentibus
1241 1470 1472 1552 regeneratione

326 1578 479 1641 liberetur
512 1580 544 1640 et
576 1596 594 1639 a
624 1575 763 1657 pessimo
797 1594 871 1657 rege
905 1574 943 1639 ad
977 1576 1132 1657 optimum
1165 1593 1283 1659 regem,
1317 1576 1349 1639 id
1383 1580 1432 1639 est
1458 1594 1504 1639 an

328 1683 452 1749 diaholo
481 1683 595 1747 transit
622 1683 662 1746 ad
691 1681 865 1747 Christum.
893 1682 1027 1762 Propter
1056 1682 1139 1764 quod
1169 1683 1197 1745 ei
1222 1682 1353 1747 dicitur:
1380 1681 1471 1746 Obli-

327 1790 475 1854 uiscere
511 1789 690 1872 populum
727 1792 834 1851 tuum
873 1791 909 1852 et
941 1788 1087 1851 domum
1120 1789 1240 1871 patris
1275 1790 1342 1854 tui.
1378 1788 1470 1853 Curius

327 1896 467 1960 ciuitatis
495 1879 598 1978 inpiae
626 1895 729 1978 portio
758 1898 833 1958 suut
858 1898 889 1959 et
911 1896 1074 1959 Israelitae
1099 1896 1167 1961 sola
1191 1914 1292 1973 carne,
1316 1916 1377 1960 non
1400 1896 1469 1967 fide;

325 2002 446 2067 inimici
479 2003 574 2066 etiam
606 2002 682 2084 ipsi,
702 2002 810 2085 magni
847 2002 941 2065 huius
974 2004 1059 2087 regis
1093 2003 1224 2084 eiusque
1258 2003 1394 2086 reginae.
1425 2003 1469 2066 ld

325 2110 412 2192 ipsos
437 2109 520 2173 enim
544 2109 674 2174 ueniens
698 2112 731 2172 et
752 2109 792 2171 ab
822 2108 868 2172 eis
894 2108 1038 2173 Christus
1064 2110 1189 2173 occisus
1214 2111 1317 2192 magis
1343 2110 1468 2174 aliorum
1485 2134 1503 2172 a

326 2216 429 2279 faetus
467 2219 526 2293 est,
564 2234 644 2297 quos
680 2234 742 2279 non
778 2214 862 2279 uidit
892 2216 924 2279 in
960 2234 1060 2279 carne.
1099 2215 1190 2279 Unde
1222 2235 1278 2298 per
1310 2216 1467 2280 cuiusdam

326 2322 441 2404 psalmi
468 2322 667 2405 prophetiam
691 2321 770 2385 dicit
792 2322 860 2405 ipse
884 2342 935 2385 rex
960 2324 1080 2385 noster:
1109 2322 1225 2386 Erues
1249 2342 1305 2387 me
1330 2324 1370 2387 de
1394 2340 1466 2386 cou-

326 2430 628 2494 tradiotionibus
662 2427 803 2511 populi,
838 2429 1052 2492 constituas
1084 2449 1138 2493 me
1171 2430 1205 2492 in
1240 2429 1363 2511 capite
1393 2448 1466 2513 gen-

327 2536 432 2601 tium.
461 2536 641 2618 Populus,
671 2554 778 2616 quem
805 2554 876 2599 nou
906 2536 1078 2619 cognom,
1110 2535 1276 2599 ser-uiuit
1303 2535 1406 2611 mihi;
1433 2536 1465 2597 in

327 2640 510 2705 obauditu
543 2641 646 2705 auris
682 2640 883 2704 obaudiuit
909 2641 1011 2705 mihi.
1041 2642 1184 2724 Populus
1213 2660 1287 2725 ergo
1317 2642 1377 2705 iste
1400 2660 1499 2727 gen-a

325 2747 417 2824 tium,
450 2767 545 2829 quem
578 2766 639 2811 non
673 2746 825 2829 cognouit
859 2746 1004 2811 Christus
1038 2748 1216 2829 praesentia
1245 2748 1407 2831 corporali,
1437 2748 1462 2809 in

326 2872 420 2934 quem
451 2856 557 2917 tamen
591 2852 751 2916 Christum
781 2852 843 2917 sibi
873 2853 1096 2917 adnuntiatum
1125 2853 1268 2931 credidit,
1298 2858 1335 2919 ut
1361 2854 1462 2918 marito

326 2960 364 3023 de
382 2960 438 3023 illo
459 2959 631 3023 diceretur:
655 2960 694 3022 In
720 2959 903 3023 obauditu
929 2960 1029 3025 auris
1055 2961 1255 3025 obaudiuit
1277 2962 1378 3037 mihi,
1398 2962 1462 3043 quia

325 3066 403 3129 fides
437 3085 472 3129 ea
500 3066 612 3130 auditu
640 3069 690 3129 est
717 3102 760 3112 —
779 3067 856 3145 iste,
889 3067 1030 3149 inquam,
1064 3068 1203 3150 populus
1232 3066 1359 3132 additus
1387 3066 1461 3131 ueris

326 3176 358 3235 et
381 3190 472 3236 carne
496 3176 528 3235 et
550 3172 611 3235 fide
634 3172 789 3237 Israelitis
815 3173 930 3237 ciuitas
955 3177 1005 3237 est
1028 3173 1097 3251 Dei,
1123 3193 1202 3256 quae
1220 3175 1328 3255 ipsum
1348 3192 1496 3255 quoquae

325 3279 500 3342 secundum
538 3297 662 3343 carnem
698 3281 823 3361 peperit
859 3280 1032 3357 Christum,
1070 3280 1193 3361 quando
1231 3282 1262 3344 in
1297 3281 1373 3345 solis
1404 3278 1459 3342 illis

325 3384 479 3449 Israelitis
507 3385 579 3449 fuit.
608 3384 684 3449 lnde
713 3387 827 3469 quippe
858 3390 924 3451 orat
951 3387 1041 3469 uirgo
1066 3387 1175 3463 Maria,
1204 3387 1235 3450 in
1262 3406 1323 3469 qua
1347 3404 1458 3451 carnem

327 3490 483 3566 Christus,
510 3494 548 3555 ut
575 3491 669 3556 homo
694 3499 789 3569 esset,
821 3492 987 3559 adsumsit.
1017 3492 1064 3557 De
1088 3511 1150 3575 qus
1173 3492 1304 3557 ciuitate
1328 3494 1457 3576 psalmus

414 3787 430 3839 3
450 3786 494 3843 Ρε.
514 3788 558 3850 47,
578 3788 594 3841 3
651 3790 682 3841 17
702 3788 747 3841 Ρε.
768 3790 810 3852 17,
829 3790 865 3842 44
885 3807 924 3859 sq.
980 3790 1014 3843 23
1033 3789 1110 3842 Rom.
1132 3789 1173 3855 10,
1195 3790 1226 3843 17

362 3962 469 4032 lbiip
531 3961 670 4016 8diebuli
687 3964 716 4032 9¹
776 3966 962 4033 9regenerat.
981 3982 1031 4020 om.
1051 3965 1079 4018 b¹
1140 3968 1171 4019 ll
1192 3964 1301 4018 diabulo
1317 3982 1336 4034 p
1400 3976 1452 4031 pro·

324 4054 449 4121 ptereae
525 4052 551 4104 ei
569 4067 620 4104 om.
638 4051 667 4120 p¹
760 4053 792 4106 13
812 4054 930 4123 impiab
1009 4070 1087 4107 carne
1107 4054 1291 4108 circumcisio
1379 4052 1408 4104 15
1424 4046 1451 4101 ab

323 4141 390 4209 ipsis
410 4159 423 4210 ρ
480 4141 511 4193 17
532 4139 606 4193 dicit.
625 4144 656 4193 tu
677 4156 705 4193 es
722 4141 781 4209 ipsc
800 4158 844 4194 rex
863 4148 956 4195 noster
972 4160 989 4211 p
1050 4142 1082 4195 18
1101 4143 1196 4212 populi
1214 4146 1243 4197 et
1260 4143 1313 4211 rlq.
1332 4142 1348 4195 b
1426 4135 1449 4187 ln

325 4230 414 4298 capite
432 4246 446 4283 e
453 4246 471 4298 p
475 4247 496 4298 p
508 4248 538 4295 α;
557 4230 585 4283 in
605 4236 686 4298 caput
706 4246 749 4283 aa
768 4230 866 4284 Domb.
949 4232 981 4285 19
1000 4230 1115 4301 populus
1136 4234 1164 4285 et
1182 4231 1232 4302 rlq.
1254 4231 1269 4285 b
1291 4232 1318 4284 in
1337 4228 1449 4291 anditup

325 4320 359 4371 20
380 4335 443 4386 ergo
462 4334 513 4371 om.
534 4336 547 4387 ρ
602 4320 636 4371 24
656 4320 738 4387 ueris]
759 4321 860 4373 ueteris
878 4338 895 4389 p
