3192 4959
344 429 394 483 De
423 430 596 485 ciuitate
625 429 687 483 dei
715 429 778 483 lib.
806 428 906 483 XVIII.
935 445 1009 499 cap.
1039 429 1081 482 35.
1110 428 1152 483 36.
1244 431 1308 493 325

160 645 298 690 omnes
326 624 528 690 facientes
557 624 824 707 iniquitatem
854 624 1022 707 stipula,
1055 626 1094 689 et
1120 624 1310 689 incandet

160 732 261 796 illos
282 732 379 809 dics,
399 732 466 814 qui
486 731 688 807 adueniat,
709 731 1019 797 dicitDominus
1036 731 1308 815 omnipotens;

161 841 202 902 at
230 857 305 903 non
334 838 649 919 derelinquetur
677 857 812 903 eorum
839 838 953 902 radix
980 858 1107 921 noque
1141 858 1308 905 sarmen-

160 949 257 1009 tum.
296 945 344 1009 nt
381 944 538 1009 orietur
574 945 693 1009 uobis
726 944 969 1009 timentibus
1007 964 1145 1010 nomen
1183 965 1308 1011 meum

129 1052 226 1117 nsol
251 1051 455 1129 iustitiae,
479 1054 518 1115 et
541 1050 699 1115 sanitas
723 1051 760 1115 in
783 1051 921 1135 pinnis
950 1052 1054 1127 eius;
1080 1055 1119 1117 et
1137 1052 1308 1117 exibitis

159 1160 198 1222 et
234 1155 482 1221 exultabitis
516 1158 626 1221 sicut
657 1157 783 1221 uituli
816 1176 859 1221 ex
891 1158 1076 1222 uinculis
1109 1159 1306 1233 resoluti;

160 1269 200 1329 st
229 1264 537 1331 conculcabitis
565 1265 740 1347 iniquos,
769 1270 809 1329 et
833 1268 950 1329 erunt
978 1266 1083 1329 cinis
1114 1266 1183 1331 sub
1203 1265 1308 1347 pedi-

158 1372 236 1435 bus
261 1371 419 1435 nostris
444 1372 482 1435 in
507 1370 583 1447 die,
607 1371 645 1435 in
667 1384 740 1454 quo
761 1391 832 1455 ogo
851 1372 970 1448 facio,
990 1371 1095 1435 dicit
1113 1370 1309 1435 Dominus

159 1478 432 1560 omnipotens.
460 1478 522 1542 Hic
551 1482 601 1543 est
628 1478 683 1559 qui
711 1477 828 1542 dicitnr
856 1478 923 1543 dies
946 1477 1071 1553 iudicii;
1101 1478 1225 1561 dequo
1251 1498 1308 1543 suo

117 1610 141 1649 o
158 1585 244 1660 loco,
269 1584 298 1649 si
321 1584 408 1649 Deus
431 1584 581 1661 uoluerit,
604 1584 773 1666 loquemur
794 1585 936 1652 uberius.

583 1777 720 1843 CAPUT
748 1776 892 1841 XXXVI.

335 1920 388 1985 De
411 1920 536 1985 Esdre
560 1924 598 1985 et
620 1920 743 1984 libris
767 1920 1142 1985 Macchabaeorum.

203 2064 288 2127 Post
310 2063 369 2127 hos
392 2066 457 2127 tres
479 2062 661 2146 prophetas,
685 2062 862 2146 Aggaeum,
891 2061 1085 2140 Zachariam,
1109 2062 1310 2139 Malachiam,

158 2190 217 2254 per
242 2170 330 2234 idem
357 2172 484 2252 tempos
511 2168 708 2233 liberationis
735 2168 846 2252 populi
874 2188 909 2232 ex
933 2168 1127 2251 Babylcmca
1155 2170 1310 2234 seruitute

115 2275 294 2357 ascripsit
316 2275 413 2341 etiam
435 2276 563 2355 Esdras,
587 2276 642 2358 qui
665 2275 767 2359 magis
790 2294 896 2339 rernm
920 2278 1081 2359 gestarum
1106 2276 1240 2359 scriptor
1263 2279 1313 2341 est

157 2384 293 2448 habitus
333 2402 428 2464 quam
459 2384 613 2466 propbeta
644 2380 754 2468 (sicuti
787 2386 836 2447 cst
869 2385 902 2446 et
932 2382 1022 2459 liber,
1051 2382 1104 2464 qui
1133 2383 1312 2465 appellatur

157 2491 290 2571 Esther,
314 2491 406 2555 onius
429 2510 479 2555 res
503 2492 595 2573 gesta
616 2489 647 2553 in
670 2487 798 2553 laudem
823 2490 882 2553 Dei
905 2508 965 2553 nou
988 2489 1083 2571 longe
1107 2488 1145 2552 ab
1164 2488 1214 2553 his
1233 2492 1311 2553 tem-

156 2597 295 2679 poribus
322 2595 509 2676 inuenitur);
539 2595 600 2660 nisi
627 2594 708 2660 forte
731 2595 847 2660 Esdras
878 2596 909 2659 in
933 2614 969 2659 eo
994 2592 1157 2660 Christum
1179 2598 1311 2679 prophe-

156 2708 249 2769 tasse
288 2702 522 2787 intellegendns
555 2706 615 2779 est,
653 2702 738 2785 quot
769 2702 853 2767 inter
884 2702 1038 2784 quosdam
1075 2703 1206 2769 iuuenes
1244 2708 1312 2769 orta

112 2834 139 2875 ro
157 2811 361 2894 quaestione,
390 2810 466 2892 quid
493 2811 631 2893 amplius
659 2811 782 2873 ualeret
810 2810 841 2874 ln
874 2809 980 2887 robus,
1010 2828 1082 2874 cum
1109 2830 1200 2895 reges
1228 2831 1310 2877 rinus

156 2918 307 2994 dixisset,
338 2918 418 2981 alter
444 2917 565 2994 uinum,
594 2918 708 2981 tertius
733 2915 894 2993 mulieres,
919 2935 999 2997 quac
1022 2918 1207 3001 plerumque
1231 2920 1311 3003 regi-

155 3028 221 3091 bus
255 3026 458 3108 imperarent,
490 3024 574 3088 idem
607 3027 712 3087 tamen
744 3023 859 3089 tertius
889 3024 1055 3088 ueritatem
1085 3043 1180 3109 super
1208 3026 1312 3089 omnia

155 3131 396 3199 demonstrauit
423 3150 492 3196 ese
516 3130 692 3195 uictricem.
721 3128 875 3196 Consulto
904 3134 1011 3195 autem
1035 3132 1201 3215 euangelio
1226 3132 1312 3197 Chri-

155 3243 250 3304 stum
289 3256 360 3303 csse
398 3238 620 3321 cognoscimus
658 3237 836 3303 ueritatem.
870 3237 919 3302 Ab
958 3237 1018 3302 hoc
1055 3240 1196 3322 tempore
1234 3244 1312 3323 aput

109 3370 136 3410 ax
154 3347 300 3413 Iudaeos
337 3344 486 3409 restituto
523 3344 641 3427 templo
674 3362 735 3408 non
768 3363 870 3428 reges,
909 3346 965 3409 sed
994 3344 1152 3428 principes
1185 3346 1313 3411 luerunt

154 3472 266 3537 usque
296 3451 335 3516 ad
362 3450 594 3529 Aristobolum3
626 3470 759 3533 quorum
785 3450 970 3534 subputatio
993 3455 1171 3535 temporum
1195 3472 1255 3515 non
1279 3452 1311 3516 in

253 3695 290 3748 20
309 3697 326 3749 3
345 3692 423 3747 hiscit.
442 3694 467 3756 3,
485 3694 503 3747 4
522 3710 581 3763 sqq.

194 3824 211 3874 5
233 3818 326 3888 pinnis
346 3817 369 3870 e¹
379 3816 409 3886 9²
425 3816 542 3882 Dcmb.,·
558 3806 654 3886 pe'nnis
675 3814 844 3885 obe²p¹po
952 3815 1080 3870 exhibitis
1101 3834 1132 3883 o;
1152 3816 1312 3871 exilibitise

153 3907 297 3975 texult]
315 3906 438 3959 letabitis
459 3923 477 3957 a
541 3906 659 3975 sicutip
731 3906 885 3975 reuolutiq
940 3906 1058 3959 Ierite
1112 3906 1176 3958 8in
1196 3906 1239 3959 die
1259 3923 1311 3975 quo

154 3998 233 4053 facio
256 4014 275 4048 a
365 3996 493 4065 iniquoe
565 3996 598 4048 12
618 3994 758 4064 ezdrapf
828 3995 1028 4064 laurentry
1100 3996 1134 4049 14
1152 3994 1312 4063 babylonica

154 4088 286 4155 aoepp
297 4088 357 4151 ,ἔω
375 4082 522 4152 babylonis
542 4102 572 4150 α,·
589 4083 752 4153 babyloniae
772 4102 786 4154 p
805 4083 905 4137 Domb.
1017 4085 1048 4136 15
1070 4084 1102 4136 18
1122 4082 1213 4135 οῑάταε
1234 4082 1313 4154 hyp,-

154 4176 293 4230 bezrase
349 4174 381 4226 17
400 4173 576 4242 bestereqp
634 4172 666 4225 19
686 4188 738 4242 quo
756 4189 774 4241 9
846 4172 958 4226 iuuenes
978 4170 1141 4240 quosdamo
1200 4174 1234 4225 24
1254 4190 1312 4225 csso

156 4281 242 4334 cogn.
263 4277 347 4330 epm
364 4276 441 4329 cogn.
462 4276 521 4315 esse
538 4279 554 4315 o
573 4260 672 4315 Domb.
750 4262 785 4315 26
804 4260 981 4315 aristobolum
1000 4259 1278 4327 mea,·A1·istobulum
1297 4278 1312 4315 o

154 4350 359 4423 subpotatiop
