3192 4959
337 432 388 485 De
417 432 591 487 ciuitate
620 432 682 487 dei
709 433 775 487 lib.
804 435 860 488 XX.
890 452 966 505 cap.
994 436 1074 492 3-5.
1221 441 1284 504 431

609 628 748 695 CAPUT
770 629 810 694 V.

134 765 291 846 Quibus
339 767 565 832 sententiis
611 769 774 833 Domini
821 769 1054 835 Saluatoris
1102 770 1284 835 diuinum

187 872 391 938 indicium
414 875 598 939 futurum
622 875 662 939 in
686 875 769 940 fine
793 875 953 941 saeculi
978 875 1223 941 declaretur.

172 1015 258 1099 Ergo
295 1017 364 1100 ipse
402 1016 549 1082 Saluetor
585 1037 658 1082 cum
691 1017 874 1102 obiurgaret
906 1017 1065 1096 ciuitates,
1098 1017 1130 1082 in
1164 1019 1281 1100 quibus

102 1121 267 1187 saintutes
296 1143 428 1208 magnas
455 1124 575 1188 fecerat
598 1143 699 1207 neque
727 1123 934 1202 crediderant,
964 1129 996 1190 et
1020 1125 1064 1189 eis
1089 1125 1281 1210 alienigenas

129 1231 349 1310 anteponeret:
373 1229 517 1293 Verum
541 1231 683 1306 tamen,
708 1230 822 1314 inquit,
848 1230 937 1294 dico
962 1229 1092 1308 uobis,
1117 1231 1218 1312 Tyro
1244 1237 1282 1296 et

129 1333 271 1398 Sidoni
303 1336 521 1400 remissius
555 1336 636 1400 erit
662 1336 703 1399 in
732 1335 793 1401 die
823 1335 972 1400 iudicii
1002 1355 1116 1418 quam
1141 1336 1278 1412 uobis;

128 1445 158 1504 et
190 1443 287 1522 paulo
320 1446 395 1523 post
426 1443 518 1507 alteri
551 1443 693 1509 ciuitati:
725 1445 857 1520 Amen,
891 1443 1005 1526 inquit,
1036 1442 1125 1507 dico
1149 1443 1279 1522 nobis,

127 1549 223 1629 quia
268 1550 401 1613 terrae
448 1548 712 1615 Sodomorum
752 1549 970 1614 remissius
1014 1550 1095 1614 erit
1135 1549 1173 1612 in
1215 1549 1278 1614 die

89 1675 111 1714 n
125 1653 276 1718 iudicii
300 1675 414 1737 qnam
438 1656 516 1720 tibi
540 1656 605 1740 (hic
625 1655 867 1721 euidentissime
887 1656 1048 1739 praedicat
1067 1655 1150 1720 diem
1168 1655 1280 1722 iudicii

125 1780 195 1825 esse
214 1760 420 1846 uenturum);
446 1764 478 1826 et
501 1763 563 1827 alio
587 1764 676 1827 loco:
700 1762 789 1826 Viri
812 1762 1043 1840 Nineuitae‚
1063 1763 1176 1845 inquit,
1198 1783 1278 1828 sur-

125 1875 217 1951 gent
250 1868 288 1931 in
320 1868 478 1934 iudicio
512 1887 599 1934 cum
631 1869 897 1953 generatione
927 1869 1009 1932 ista
1038 1873 1076 1934 et
1099 1869 1276 1934 condem-

124 1974 278 2038 nabunt
302 1993 402 2050 eam3
427 1974 521 2059 quia
543 1974 842 2057 paenitentiam
867 1978 1038 2058 egerunt
1061 1975 1099 2040 in
1123 1974 1276 2058 praedi·

124 2080 287 2144 catione
310 2081 440 2158 Ionae,
467 2083 505 2146 et
528 2100 620 2146 ecce
644 2081 737 2164 plus
762 2101 875 2163 quam
902 2082 997 2146 Iona
1021 2081 1092 2146 hic.
1121 2079 1276 2166 Regina

84 2186 266 2251 nAustri
295 2190 438 2271 surget
464 2187 503 2251 in
531 2187 689 2252 iudicio
719 2207 804 2252 cum
833 2187 1102 2272 generatione
1130 2188 1213 2251 ista
1236 2191 1275 2252 et

122 2293 413 2359 condemnabit
453 2314 552 2372 eam;
595 2294 690 2378 quia
731 2295 848 2358 uenit
889 2313 908 2358 a
945 2292 1102 2358 finibus
1138 2296 1273 2358 terrae

121 2400 262 2464 audire
292 2400 540 2484 sapientiam
569 2401 808 2480 Salomonis,
844 2405 882 2466 et
910 2418 1003 2466 ecce
1030 2400 1123 2484 plns
1158 2418 1273 2481 qnam

121 2505 306 2571 Salomon
338 2506 413 2572 hic.
446 2508 534 2572 Duas
566 2527 617 2571 res
649 2508 709 2572 hoc
741 2508 813 2572 loco
847 2507 1011 2583 discimus¹
1041 2511 1073 2572 et
1101 2511 1272 2570 uenturum

120 2633 188 2679 esse
210 2614 366 2679 iudicium
390 2618 422 2678 ct
445 2633 518 2679 cum
540 2618 739 2678 mortuorum
762 2616 991 2679 resurrectione
1015 2616 1194 2677 uenturum.
1224 2613 1271 2678 De

82 2740 104 2777 ro
119 2720 278 2786 Nineuitis
302 2720 386 2785 enim
410 2722 443 2784 et
465 2721 575 2806 regina
596 2721 708 2786 Austri
731 2720 856 2802 quando
881 2721 944 2784 ista
967 2719 1102 2794 dicebat,
1128 2719 1166 2784 de
1189 2739 1271 2784 mor·

116 2829 177 2892 tuis
197 2828 268 2893 sine
286 2827 383 2893 dubio
401 2828 600 2911 loquebatur,
620 2848 701 2910 quos
723 2830 829 2892 tamen
853 2828 885 2892 in
910 2827 959 2892 die
983 2827 1093 2891 indicii
1112 2847 1269 2892 resurrec-

117 2937 204 2998 turos
232 2953 303 2998 esse
333 2934 497 3017 praedixit.
530 2933 598 2998 Nec
630 2935 701 2999 ideo
736 2934 830 2999 dixit:
866 2932 1160 3010 ‘condemnabunt‘,
1193 2933 1269 3017 quia

116 3037 175 3121 ipsi
196 3040 401 3115 iudicabunt;
427 3039 482 3105 sed
505 3041 581 3123 quia
603 3040 801 3124 exipsorum
827 3041 1048 3123 conparatione
1075 3039 1131 3105 isti
1154 3041 1267 3106 merito

116 3145 356 3211 damnabuntur.

79 3275 102 3314 u
156 3253 278 3317 Rursus
307 3254 369 3317 alio
397 3253 479 3330 loco,
509 3271 581 3317 cum
610 3253 648 3317 de
676 3253 1026 3346 hominumtbonornm
1054 3255 1265 3318 etmalorum

114 3377 193 3423 nnnc
216 3348 433 3442 permixtione,
455 3367 568 3441 postea
591 3359 799 3442 separatione,
825 3379 904 3442 quac
934 3360 1044 3442 utique
1074 3359 1124 3423 die
1152 3359 1264 3426 iudicii

113 3464 217 3530 futura
240 3466 300 3544 est,
322 3466 516 3546 loqueretur,
541 3465 686 3529 adhibuit
709 3465 952 3530 similitudinem
978 3465 1015 3529 de
1039 3465 1145 3530 tritico
1171 3467 1263 3531 semi-

113 3576 183 3637 nato
213 3572 245 3634 et
271 3569 531 3654 superseminatis
562 3571 700 3649 zizaniis,
729 3591 861 3656 eamque
891 3571 958 3636 suis
988 3590 1145 3654 exponens
1170 3571 1263 3635 disci-

113 3677 211 3758 pulis:
240 3675 315 3756 Qui
343 3678 526 3756 seminat,
555 3677 668 3762 inquit,
697 3679 843 3743 bonum
872 3697 1014 3758 semen,
1044 3682 1108 3742 est
1139 3677 1260 3742 lilius

197 3885 271 3940 cro.
292 3887 335 3953 11,
354 3885 389 3939 aa
443 3885 575 3940 enan
627 3887 905 3956 11Mt.12,41sq.
957 3887 991 3940 ae
1010 3887 1059 3940 nn.
1082 3885 1123 3950 13,
1144 3887 1177 3939 an
1197 3901 1257 3956 sqq.

145 4053 206 4107 ain
229 4056 309 4109 finem
332 4054 417 4109 futuri
432 4072 455 4124 p
524 4056 553 4109 ll
575 4020 691 4125 snrgrint
706 4073 737 4126 g;
756 4059 933 4126 resurgentp
996 4056 1027 4108 12
1047 4055 1075 4109 in
1093 4071 1154 4124 cup.
1174 4055 1259 4123 timp

115 4139 145 4192 13
163 4140 301 4210 cieruntp
384 4143 568 4197 tretonae
650 4145 684 4198 18
702 4143 754 4197 hoc
772 4143 833 4198 loco
852 4161 895 4198 res
913 4159 928 4198 o
1006 4144 1039 4197 21
1060 4146 1257 4198 resurrecturos

114 4227 292 4297 cloppem·
310 4233 423 4284 surrect.
442 4228 482 4299 pl
499 4231 599 4288 Domb.
659 4231 692 4284 24
713 4232 972 4297 condemnabuntur,
992 4248 1042 4286 con
1061 4232 1166 4286 lineola
1185 4231 1256 4286 dele-

115 4319 210 4386 tum,p
262 4318 299 4372 28
318 4334 404 4389 caque
421 4336 439 4388 p
