3192 4959
347 507 398 560 De
426 506 601 560 ciuitate
629 505 691 559 dei
718 506 783 561 lib.
812 505 1003 577 llllll.·-cap.
1031 507 1057 561 6.
1206 511 1271 574 593

121 702 302 768 confitendo
329 707 449 768 tantam
479 724 535 786 per
562 701 646 768 orbis
674 707 775 767 terrae
806 706 941 787 populos
966 706 1140 786 martyrum
1164 705 1272 768 multi-

121 810 267 874 tudinem
290 815 396 874 metus
419 829 569 874 reuocare
592 829 653 874 non
677 808 783 893 potuit
806 829 866 874 non
890 809 972 874 leuis
997 809 1180 875 offensionis
1209 813 1272 876 ani-

122 936 261 994 morum,
295 917 351 981 sed
387 917 602 982 inmensarum
640 917 864 998 nonarumque
901 935 1073 998 poenarum
1106 919 1139 981 et
1169 917 1271 1000 ipsius

122 1024 247 1100 mortis,
281 1042 361 1105 qliae
399 1023 471 1107 plus
509 1023 623 1088 ceteris
659 1023 857 1088 formidatur.
895 1021 1006 1106 Neque
1044 1025 1119 1088 tuuc
1158 1025 1272 1089 ciuitas

89 1130 255 1207 ⁵Cbristi‚
289 1130 436 1212 quamuis
469 1129 573 1195 adbuc
605 1130 859 1214 peregrinaretur
891 1131 921 1193 in
954 1131 1046 1195 tanis
1080 1133 1112 1194 et
1144 1131 1273 1196 baberet

122 1243 230 1301 tamen
259 1255 445 1320 magnorum
475 1237 601 1320 agmina
627 1231 830 1320 populorum,
855 1236 1009 1301 aduersus
1037 1236 1140 1321 inpios
1169 1257 1273 1321 perse-

122 1349 252 1410 cutores
281 1364 357 1410 suos
384 1363 440 1427 pro
469 1345 637 1428 temporali
666 1346 769 1409 salute
797 1345 966 1427 pugnauit3
1002 1343 1058 1407 sed
1090 1344 1207 1427 potius,
1236 1350 1274 1408 ut

122 1451 282 1516 obtineret
304 1455 474 1526 aeternam,
495 1471 556 1516 non
579 1451 781 1535 repugnauit.
806 1451 1001 1533 ligabantur
1019 1449 1272 1527 includebantur,

123 1557 338 1622 caedebantur
354 1558 593 1639 torquebantur,
613 1557 787 1621 urebantur
805 1556 1014 1634 laniabantur,
1034 1556 1274 1621 trucidabantur

82 1679 104 1712 ¹¹¹
125 1701 164 1710 -
192 1668 225 1729 et
247 1663 552 1746 multiplicabantur.
584 1663 655 1727 Non
680 1667 747 1727 erat
770 1663 817 1727 eis
841 1682 896 1746 pro
921 1663 1024 1727 salute
1048 1682 1188 1748 pugnare
1212 1663 1272 1728 nisi

123 1772 263 1835 salutem
288 1788 343 1852 pro
369 1769 534 1835 Salustore
559 1773 771 1834 contemnere.

169 1876 244 1942 Scio
276 1877 308 1940 in
341 1876 422 1940 libro
451 1876 612 1941 Ciceronis
643 1875 750 1954 tertio,
783 1876 846 1940 nisi
879 1877 982 1954 fallor,
1011 1877 1048 1940 de
1081 1895 1113 1941 re
1146 1877 1273 1960 publica

123 1983 281 2065 disputari
308 1983 432 2047 nullum
459 1983 580 2047 bellum
609 1983 729 2065 suscipi
758 2002 776 2047 a
804 1983 935 2048 ciuitate
964 1983 1095 2066 optima,
1125 1983 1185 2047 uisi
1218 1987 1274 2048 aut

123 2109 181 2173 pro
208 2089 271 2154 lide
300 2093 357 2154 aut
382 2108 438 2172 pro
467 2089 581 2154 salute.
621 2087 705 2167 Quid
738 2093 845 2153 autem
879 2088 963 2153 dicat
994 2108 1050 2172 pro
1085 2090 1188 2154 saluts
1220 2091 1273 2154 uel

81 2212 105 2249 ¹⁵
124 2196 271 2280 intellegi
294 2215 388 2278 quam
413 2196 547 2260 salutem
574 2196 663 2271 uelit,
684 2195 746 2260 alio
770 2197 842 2260 loco
867 2195 1100 2262 demonstrans:
1125 2195 1197 2261 ‘Sed
1223 2196 1273 2261 bis

121 2303 246 2386 poenis,
265 2303 379 2384 inqiut,
399 2321 477 2384 quas
499 2302 594 2367 etiam
610 2303 796 2367 stultissimi
812 2303 963 2380 sentiunt,
984 2305 1127 2387 egestate
1152 2302 1271 2379 exsilic,

124 2409 263 2475 uinculis
296 2409 493 2487 uerberibus,
526 2409 698 2473 elabuntur
733 2428 827 2492 saepe
864 2408 983 2491 priuati
1020 2408 1125 2473 oblata
1161 2409 1273 2473 mortis

124 2504 302 2589 celeritatc;
323 2515 510 2579 ciuitatibus
528 2518 635 2579 autem
655 2535 739 2579 mors
758 2517 830 2597 ipsa
847 2533 948 2597 poena
968 2519 1026 2591 est,
1048 2534 1128 2597 quac
1147 2515 1275 2580 uidetur·

123 2645 142 2687 a
169 2641 273 2705 poena
300 2623 445 2706 singulos
473 2622 644 2686 uindicare.
683 2622 787 2686 Debet
815 2623 897 2686 enim
929 2622 1102 2686 constituta
1133 2622 1179 2685 sic
1204 2641 1273 2686 esse

79 2737 106 2775 ²⁰
125 2730 253 2805 ciuitas,
272 2732 310 2793 ut
328 2733 455 2791 aeterna
473 2727 525 2792 sit.
548 2729 660 2810 ltaque
681 2729 789 2792 nullus
814 2729 962 2793 interitus
987 2731 1037 2792 est
1059 2728 1103 2792 rei
1127 2729 1274 2810 publicae

123 2835 288 2911 naturalis,
312 2838 350 2900 ut
377 2834 527 2912 bominis,
551 2835 584 2898 in
612 2854 675 2916 quo
698 2853 784 2899 mors
810 2853 870 2900 non
894 2834 987 2898 modo
1012 2834 1190 2899 necessaria
1214 2837 1273 2910 est,

123 2961 238 3006 uerum
266 2942 362 3005 etiam
390 2940 528 3023 optanda
554 2959 715 3025 persaepe.
754 2941 877 3006 Ciuitas
906 2946 1013 3006 autem
1042 2960 1115 3005 curu
1138 2940 1273 3019 tollitur,

124 3049 259 3124 deletur,
274 3047 499 3130 exstinguitur:
516 3047 620 3111 simile
635 3051 686 3111 est
699 3047 837 3128 quodam
853 3047 958 3126 modo,
978 3052 1015 3112 ut
1032 3066 1132 3130 parua
1150 3047 1273 3131 magnis

122 3153 336 3229 conferamus,
364 3172 401 3216 ac
429 3153 458 3216 si
487 3153 589 3216 omnis
622 3153 674 3217 bic
706 3153 846 3217 mundus
879 3154 1014 3218 intereat
1046 3156 1077 3218 et
1109 3153 1274 3218 concidat)

77 3279 105 3317 25
123 3261 195 3324 Hoc
226 3259 297 3324 ideo
331 3259 409 3323 dixit
437 3258 558 3337 Cicero,
588 3260 662 3341 quia
690 3259 843 3324 mundum
877 3278 937 3324 non
970 3260 1172 3324 interiturum
1202 3279 1273 3324 cum

123 3367 298 3432 Platonicis
327 3366 433 3430 sentit
472 3366 604 3431 Constat
632 3385 706 3450 ergo
736 3386 808 3430 eum
837 3386 892 3451 pro
927 3387 964 3432 ea
998 3369 1101 3432 salute
1130 3367 1274 3432 uoluisse

123 3475 246 3538 bellum
270 3473 391 3557 suscipi
415 3493 433 3537 a
457 3473 598 3550 ciuitate,
619 3493 681 3556 qua
705 3473 801 3538 litut
825 3479 951 3539 mancat
974 3475 1025 3539 hic
1046 3474 1170 3550 ciuitas,
1191 3473 1276 3538 sicut

216 3665 250 3717 12
269 3679 291 3718 c.
311 3663 346 3717 23

162 3788 174 3839 1
195 3789 301 3839 tantam
322 3787 483 3856 abcppc;
502 3789 608 3840 tautum
629 3787 655 3858 ρ1
728 3805 775 3858 per
794 3787 868 3842 orbis
887 3791 976 3842 terrae
995 3805 1022 3855 e;
1041 3805 1089 3857 per
1108 3788 1200 3842 orbem
1219 3793 1274 3842 ter-

123 3891 170 3928 rae
190 3874 285 3927 relic
352 3874 467 3944 populos
487 3892 542 3946 ομ·
560 3876 676 3945 populus
696 3895 749 3945 prr:
769 3893 821 3931 om.
843 3877 937 3946 atqu
956 3877 1055 3930 Domb.
1124 3877 1273 3930 martirium

120 3981 167 4032 pa
257 3962 434 4016 multitudine
454 3981 497 4033 ρα
591 3966 752 4035 2metndp
862 3966 1024 4019 offensiones
1041 3983 1071 4035 95
1091 3967 1274 4035 occasionisp

124 4053 188 4106 3in
207 4067 361 4104 mensuram
380 4052 431 4105 be¹
485 4051 683 4106 4fonuidatnr
701 4070 735 4110 m.
755 4057 776 4106 2
793 4054 977 4122 mperacripto
995 4055 1116 4106 metusc
1166 4055 1274 4122 bpere·

125 4142 250 4208 grinatur
265 4157 285 4209 ρ
384 4139 521 4208 baberep
609 4141 752 4195 docmina
767 4158 785 4210 p
875 4141 1021 4211 ttinclud.]
1042 4140 1274 4196 indedebanturb

124 4233 140 4281 9
160 4227 345 4281 caedebantur
363 4244 414 4284 om.
433 4245 451 4296 p
503 4227 602 4282 trucid.
622 4229 843 4282 cruciabanturc
895 4230 927 4283 10
947 4235 975 4283 et
994 4247 1046 4283 non
1067 4231 1163 4284 omisso
1182 4229 1274 4283 multi·

124 4317 257 4386 plicabb
319 4317 351 4369 l‘l
371 4317 502 4371 uinclise
562 4317 595 4372 18
614 4318 674 4387 ipsu
692 4321 735 4370 est
752 4318 852 4371 omium
870 4335 993 4388 poenap
1054 4319 1089 4374 20
1108 4319 1156 4383 ita,
1176 4318 1274 4374 omuao

123 4422 220 4474 que‚p
275 4406 311 4466 24
330 4405 404 4474 ricc
475 4406 520 4458 bic
539 4421 623 4458 oruc
677 4406 712 4460 26
731 4405 835 4459 bellum
855 4407 975 4460 uoluisse
997 4425 1011 4460 r

152 4531 231 4570 xxxx
245 4529 304 4579 sug.
320 4539 390 4579 opera
404 4529 481 4568 saccio
496 4526 517 4566 v
531 4539 584 4578 pm
598 4529 630 4570 n.
1205 4513 1239 4566 38
