3192 4959
315 446 379 510 220
657 446 684 499 S.
712 444 870 499 Aurelii
899 446 1116 516 Augustini

314 638 375 702 uiri
407 640 607 723 multumque
640 640 774 715 laudati3
813 642 844 706 in
879 662 940 724 quo
975 644 1101 726 quidem
1134 648 1209 709 tunc
1241 645 1377 729 figurata
1408 648 1451 709 est

314 746 448 811 mutatio
477 747 595 813 ueteris
624 748 793 813 sacerdotii
821 752 853 813 et
880 768 962 813 niuno
990 751 1119 833 inpleta,
1147 751 1272 834 ¹quando
1302 752 1451 815 infirmata
1559 746 1560 751 ’

314 859 365 916 est
396 872 476 935 quae
508 854 610 917 multa
638 857 705 918 erat
731 854 763 917 in
791 854 879 932 filiis,
908 859 945 919 nt
972 876 1091 921 nouum
1118 859 1248 923 haberet
1274 858 1307 922 in
1331 856 1450 922 Christo

313 958 526 1025 sacerdotium
550 959 679 1034 sterilis,
705 980 784 1043 quae
809 961 932 1043 peperit
951 964 1082 1043 septem.

779 1153 916 1219 onem
941 1155 978 1220 v.
1477 1214 1488 1253 ⁵

314 1297 368 1361 De
392 1296 466 1374 his,
492 1316 592 1379 quae
617 1297 660 1361 ad
683 1297 775 1362 Heli
801 1298 1051 1365 sacerdotem
1070 1300 1183 1365 horno
1204 1299 1275 1363 Dei
1293 1300 1450 1383 prophe-

311 1404 396 1469 tico
426 1404 591 1468 locutus
617 1407 679 1467 est
702 1403 866 1485 spiritu,
897 1405 1146 1489 significans
1170 1406 1451 1477 sacerdotium,

315 1510 418 1593 quod
461 1511 675 1574 secundum
717 1513 843 1575 Aaron
885 1511 1127 1577 institutum
1169 1513 1316 1589 fuerat,
1359 1512 1452 1576 aufe·

800 1618 976 1683 rendum.

357 1757 419 1823 Sed
456 1758 516 1823 hoc
555 1758 736 1824 euidentius
774 1759 814 1825 ad
851 1760 955 1842 ipsum
993 1760 1067 1825 Heli
1104 1760 1300 1825 sacerdotem
1338 1762 1490 1825 missusne

312 1865 455 1947 loquitur
477 1865 572 1930 homo
597 1866 667 1941 Dei,
697 1866 786 1931 cuins
811 1866 939 1950 quidem
964 1886 1075 1931 nomen
1100 1870 1232 1941 tacetur,
1257 1867 1314 1932 sed
1336 1868 1452 1931 intelie-

312 1972 397 2054 gitur
420 1972 524 2037 officio
549 1973 787 2057 ministerioque
811 1993 868 2039 suo
895 1974 962 2039 sine
987 1973 1184 2038 dubitatione
1207 1974 1371 2057 propheta.
1405 1973 1452 2038 Sio

313 2079 395 2141 enim
420 2080 574 2161 scriptum
599 2085 661 2144 est:
686 2081 733 2144 Et
755 2081 860 2145 uenit
883 2080 991 2146 lromo
1015 2081 1085 2145 Dei
1107 2080 1150 2145 ad
1173 2080 1263 2145 Heli
1287 2086 1323 2145 et
1348 2080 1452 2145 dixit:

311 2184 411 2249 Haec
449 2185 546 2251 dicit
582 2187 778 2252 Dominus:
813 2188 1021 2253 Reuelatus
1058 2188 1255 2252 reuelatns
1297 2206 1376 2251 sum
1414 2186 1454 2251 ad

313 2290 458 2356 domum
479 2294 599 2377 patris
618 2295 685 2373 tui,
703 2314 783 2359 cum
804 2298 931 2359 essent
949 2296 984 2359 in
1005 2297 1104 2359 terra
1118 2294 1280 2378 Aegypti
1301 2292 1400 2358 serui
1418 2293 1451 2355 in
1470 2313 1491 2352 a

313 2397 418 2463 domo
448 2399 603 2474 Pharao;
630 2406 666 2466 et
690 2402 789 2486 elegi
819 2402 963 2467 domum
992 2403 1112 2486 patris
1136 2402 1193 2465 tui
1217 2420 1257 2466 er
1281 2400 1451 2465 omnibus

313 2506 477 2588 sceptris
501 2506 622 2571 Israel
645 2508 736 2572 mihi
761 2508 975 2574 sacerdotio
999 2508 1117 2593 iungi,
1145 2512 1185 2572 ut
1209 2507 1453 2572 ascenderent

313 2611 356 2675 ad
380 2612 501 2677 altare
524 2634 645 2678 meum
667 2619 703 2679 et
722 2614 967 2679 incenderent
986 2616 1176 2681 incensum
1202 2618 1238 2679 et
1261 2617 1453 2695 portarent

311 2717 453 2801 Ephod;
488 2723 525 2783 et
556 2719 640 2784 dedi
674 2721 800 2784 domui
832 2722 952 2803 patris
985 2721 1042 2784 tui
1075 2722 1206 2797 omnia,
1241 2740 1334 2803 quae
1366 2724 1452 2785 sunt

316 2823 417 2907 ignis
441 2825 611 2890 filiorum
634 2827 763 2903 Israel,
788 2827 823 2890 in
849 2846 981 2893 escam.
1006 2828 1051 2891 Et
1074 2831 1114 2891 ut
1138 2827 1227 2910 quid
1250 2826 1451 2910 respexisti
1469 2850 1490 2887 ao

311 2930 347 2994 in
373 2931 564 2995 incensum
589 2952 708 2997 meum
734 2934 827 2997 etin
853 2934 1088 2998 sacrificium
1113 2952 1231 2998 meum
1257 2932 1451 3015 inpudenti

313 3037 421 3103 oculo
448 3042 484 3102 et
506 3038 747 3123 glorificasti
770 3041 878 3106 filios
903 3046 989 3105 tuos
1014 3061 1127 3126 super
1145 3062 1209 3121 me,
1230 3040 1452 3105 benedicere

310 3144 507 3227 primitias
528 3146 647 3210 omnis
672 3146 860 3211 sacrificii
880 3147 914 3211 in
934 3148 1053 3213 Israel
1073 3149 1108 3211 in
1128 3152 1334 3231 conspectu
1353 3150 1451 3211 meo?

311 3251 470 3333 Propter
502 3252 571 3317 hoc
604 3254 694 3317 haec
727 3254 823 3317 dicit
852 3252 1031 3319 Dominus
1059 3256 1159 3319 Deus
1188 3254 1324 3320 Israel:
1353 3252 1450 3318 Diri:
1561 3314 1562 3353 3

311 3359 450 3425 Domus
474 3364 540 3424 tua
563 3364 600 3423 et
623 3360 753 3425 domus
781 3361 902 3442 patris
933 3363 988 3425 tui
1012 3362 1230 3426 transibunt
1253 3381 1372 3427 coram
1399 3381 1451 3425 me
1468 3380 1489 3419 e

310 3485 429 3549 usque
461 3466 498 3531 in
528 3471 729 3533 aeternum.
759 3468 806 3533 dt
838 3487 934 3533 nunc
964 3469 1060 3534 dicit
1087 3470 1282 3536 Dominus:
1312 3468 1451 3551 Nequa-

312 3593 429 3655 quam,
454 3572 518 3639 sed
543 3574 811 3659 glorificantes
832 3595 887 3640 me
908 3576 1146 3659 glorificabo,
1168 3576 1287 3659 etqui
1308 3575 1452 3659 spernit
1561 3572 1562 3577 ’

400 3834 433 3887 13
452 3834 519 3903 Reg.
537 3834 559 3897 Ι,
579 3836 604 3896 2,
624 3836 729 3890 27-36

344 3958 512 4028 dseptimp
596 3958 767 4029 Saharonp
849 3960 881 4013 10
902 3960 971 4030 elip
1053 3962 1086 4015 14
1105 3960 1241 4015 reuelatus
1260 3960 1395 4015 reueletur
1410 3978 1450 4031 pp

309 4048 427 4113 Domb.,·
442 4048 578 4102 reueletur
599 4049 654 4102 αὑ1
666 4066 717 4117 ep,·
738 4050 863 4103 reuelans
883 4050 1021 4104 reuelatus
1040 4050 1120 4106 oeae
1168 4054 1200 4106 16
1220 4050 1333 4105 domne
1386 4050 1450 4122 pha·

309 4190 355 4225 rao
376 4174 447 4241 cpf
462 4172 577 4239 Domb.;
595 4172 739 4243 pharaonis
759 4173 858 4242 abpv
955 4152 1104 4246 li'septris
1124 4178 1193 4243 (stc),
1212 4176 1243 4230 in
1262 4192 1346 4246 marp.
1365 4154 1448 4230 tribu·

309 4262 401 4326 base
466 4262 498 4316 18
517 4266 643 4331 potarent
662 4263 687 4317 c¹
748 4264 780 4317 19
801 4264 909 4319 efothe
972 4266 1005 4319 23
1026 4266 1124 4336 omnis]
1143 4264 1259 4319 nominis
1279 4265 1451 4335 abcpppa

311 4352 346 4404 24
364 4350 428 4404 Diri
446 4366 532 4419 emp
