3192 4959
662 430 872 485 S.Aurelfi
900 430 1117 499 Augusffini

762 624 1015 708 uaesana.

835 788 941 795 ---—-·

798 901 935 967 CAPUT
959 900 984 964 l.

315 1044 366 1109 De
395 1044 541 1109 duobus
571 1043 769 1108 ordinibus
793 1042 1053 1127 generationis
1078 1042 1260 1109 hnmanae
1283 1045 1320 1111 in
1343 1046 1463 1110 diuer-

546 1168 607 1213 sos
631 1148 730 1213 fines
755 1148 797 1212 ab
821 1147 936 1211 initio
959 1150 1229 1231 procurrentis.
1488 1170 1500 1209 ε

358 1291 405 1355 De
433 1290 586 1354 felicitate
614 1289 752 1373 paradisi
779 1290 835 1353 uel
862 1288 900 1352 de
928 1289 998 1371 ipse
1026 1289 1171 1373 paradiso
1204 1294 1237 1355 et
1260 1290 1298 1354 de
1322 1294 1391 1356 uita
1417 1292 1463 1357 ibi

314 1397 487 1479 primorum
517 1396 680 1460 hominum
710 1414 882 1477 eorumque
905 1399 1036 1478 peceato
1061 1396 1163 1478 adque
1187 1398 1344 1480 supplicia
1367 1399 1464 1462 multi

313 1503 415 1569 multa
443 1507 620 1581 senserunt,
649 1503 751 1566 multa
775 1502 929 1580 dixerunt,
952 1503 1056 1567 multa
1078 1504 1195 1567 litteris
1219 1505 1462 1569 mandauerunt.

314 1609 380 1675 Nes
414 1629 538 1691 quoqne
576 1609 750 1673 seeundum
782 1610 956 1690 scripturas
990 1614 1115 1673 sanetas
1148 1611 1201 1674 uel
1233 1611 1318 1692 qnod
1350 1611 1382 1674 in
1416 1612 1462 1675 eis

312 1717 449 1801 legimus
473 1718 526 1781 uel
550 1716 634 1798 qued
653 1736 688 1780 en
709 1716 755 1780 eis
774 1715 959 1799 intellegere
978 1716 1143 1798 potuimus
1162 1736 1269 1781 earum
1289 1737 1462 1801 congruen-
1480 1740 1503 1779 m

312 1826 362 1887 tes
394 1823 577 1887 auctoritati
610 1822 647 1885 de
680 1822 729 1886 his
762 1822 858 1886 rebus
887 1822 919 1885 iu
949 1822 1166 1904 superioribus
1193 1824 1284 1887 libris
1313 1824 1461 1889 diximus

313 1930 519 1994 Enueleatius
544 1932 649 1994 autem
670 1930 698 1993 si
716 1928 780 1993 ista
800 1932 999 2011 quaerantur,
1018 1930 1214 2013 multiplices
1233 1931 1335 2013 adque
1353 1932 1461 1996 multi·

313 2036 423 2101 modas
455 2037 583 2120 pariunt
615 2036 857 2119 disputationes,
892 2055 971 2117 quae
1005 2037 1149 2119 pluribus
1179 2038 1363 2103 intexendae
1397 2040 1461 2104 sint

314 2143 541 2219 uoluminibus,
571 2162 665 2225 quam
693 2142 752 2206 hee
782 2162 862 2224 opus
890 2147 1080 2224 tempusque
1108 2143 1262 2225 depaseit,
1291 2145 1377 2226 qued
1399 2164 1460 2209 nen

312 2251 358 2313 ita
384 2250 508 2333 largum
536 2250 701 2329 habemus,
730 2252 767 2313 ut
794 2250 825 2313 in
851 2250 1008 2322 omnibus,
1037 2268 1116 2330 quae
1145 2252 1280 2331 pessunt
1301 2251 1458 2333 requirere
1479 2272 1502 2313 15

313 2356 408 2421 otiosi
431 2360 463 2420 et
493 2355 683 2437 semipulati,
711 2355 884 2437 paratiores
908 2355 947 2418 ad
970 2356 1227 2440 interrogandum
1251 2375 1345 2438 qnam
1370 2376 1459 2439 eape-

313 2463 412 2527 eieres
433 2462 471 2527 ad
490 2461 749 2544 intellegendum,
769 2481 827 2524 nee
847 2465 991 2543 operteat
1013 2463 1168 2527 inmorari.
1191 2463 1336 2527 Arbitrer
1352 2467 1458 2527 tamen

312 2569 390 2633 satis
414 2588 470 2633 nes
495 2568 558 2632 iarn
583 2566 697 2631 secisse
725 2569 850 2651 magnis
880 2572 911 2631 et
934 2568 1132 2656 difficillimis
1157 2569 1396 2650 quaestionibus
1421 2570 1459 2632 de

311 2674 402 2740 initio
425 2676 478 2738 uel
502 2672 611 2737 mnndi
635 2673 688 2737 uel
712 2674 834 2737 animae
857 2673 911 2737 uel
933 2674 1037 2756 ipsius
1061 2677 1185 2758 generis
1209 2675 1349 2751 humani,
1374 2675 1459 2757 quod

311 2782 342 2845 in
367 2780 429 2845 due
454 2799 568 2865 genera
591 2777 823 2857 distribuimus,
854 2801 953 2844 unum
977 2800 1096 2858 eorum,
1125 2782 1180 2862 qui
1204 2782 1381 2846 seeundum
1403 2782 1458 2845 he·
1476 2799 1500 2837 u·

311 2888 441 2964 minem,
475 2889 610 2952 alterum
640 2906 759 2961 eorum,
794 2887 848 2969 qui
881 2888 1056 2951 seeundum
1086 2888 1190 2952 Deum
1217 2888 1346 2962 uiuunt3
1379 2907 1458 2970 quas

313 2994 407 3058 etiarn
432 2994 566 3076 mystice
590 2993 788 3075 appellamus
816 2994 963 3057 ciuitates
987 2992 1076 3070 duas,
1100 2993 1161 3058 hee
1184 2999 1235 3058 est
1257 2994 1336 3058 duas
1360 2995 1457 3059 socie-

313 3104 393 3164 tates
427 3099 602 3175 heminum,
636 3118 768 3181 quarum
803 3103 852 3163 est
883 3120 945 3163 una
978 3118 1058 3181 quae
1085 3099 1320 3182 praedestinata
1348 3101 1456 3164 estin

312 3212 474 3271 aeternum
515 3225 645 3289 regnare
687 3224 758 3270 curn
801 3206 880 3282 Dee,
918 3207 1018 3269 altera
1059 3209 1221 3269 aeternum
1263 3207 1456 3289 supplicium

312 3313 417 3377 subire
450 3332 520 3377 eum
555 3312 691 3376 diabolo.
722 3311 783 3377 Sed
810 3312 872 3376 iste
900 3310 972 3376 finis
1000 3315 1050 3375 est
1077 3330 1196 3390 earum,
1225 3312 1264 3375 de
1292 3332 1354 3395 que
1383 3317 1497 3396 pestes
1574 3301 1575 3316 ,

309 3419 503 3501 loquendum
532 3422 591 3482 est.
619 3417 711 3483 Nune
740 3421 847 3481 autem
876 3418 1024 3500 quoniam
1053 3418 1091 3481 de
1120 3421 1228 3482 exortu
1256 3437 1364 3482 earum
1387 3419 1456 3483 siue

310 3526 341 3588 in
370 3524 502 3608 angelis,
531 3543 664 3605 querum
694 3543 844 3588 numerus
873 3524 1037 3607 ignoratur
1061 3544 1078 3587 a
1101 3524 1202 3600 nabis,
1232 3526 1301 3588 siue
1325 3524 1357 3587 in
1380 3524 1457 3589 dne-

311 3632 370 3695 bus
403 3630 513 3714 primis
546 3631 729 3695 hominibus
763 3630 842 3694 satis
875 3630 996 3695 dietum
1030 3633 1089 3706 est,
1121 3630 1185 3693 iarn
1217 3630 1296 3694 mihi
1328 3631 1457 3695 uidetur

311 3758 416 3801 earum
448 3738 680 3821 adgrediendus
710 3755 871 3813 excursus,
900 3757 935 3801 ex
960 3756 1022 3820 que
1051 3738 1099 3801 illi
1128 3737 1190 3801 due
1215 3756 1363 3819 generare
1388 3757 1456 3803 cee-

309 3848 433 3927 perunt,
463 3844 561 3909 donee
586 3845 730 3909 homines
757 3863 904 3927 generare
929 3846 1109 3910 cessabunt.
1132 3844 1202 3909 Hae
1226 3844 1308 3909 enim
1333 3844 1456 3909 uniuer-
1474 3866 1497 3906 ae

309 3971 380 4016 sum
409 3956 536 4033 tempus
566 3952 635 4016 siue
663 3952 837 4027 saeenlnm,
865 3952 896 4013 in
929 3970 990 4033 que
1015 3951 1131 4015 cedunt
1153 3951 1323 4015 morientes
1348 3970 1456 4017 sucee-

346 4247 1455 4318 mmmwfflmmmmwffimfflmm5

310 4336 1392 4406 mwffwmmfflwmmemmW
