3192 4959
316 463 367 516 De
396 462 570 514 ciuitate
600 460 660 516 dei
687 461 753 516 lib.
777 461 849 515 XXI.
879 479 952 531 cap.
977 462 1020 515 23.
1049 463 1092 516 24.
1217 467 1280 528 557

131 658 200 722 fieri
230 659 305 740 quia
332 677 394 722 non
421 659 537 738 potest
566 677 626 721 non
659 655 871 739 argumentari
901 657 1054 722 aduersus
1083 658 1197 734 Deum,
1227 659 1282 722 sed

131 766 242 829 diuino
270 766 388 848 potius,
414 765 489 828 duni
519 767 646 845 tempus
670 766 729 839 est,
754 764 871 826 debent
892 783 999 846 parere
1022 768 1201 848 praecepto,
1226 766 1283 846 qui

131 873 327 954 sempiterno
352 871 484 953 cupiunt
507 889 612 934 carere
637 868 806 951 supplicio.
845 870 966 934 Deinde
996 872 1088 954 quale
1113 875 1162 936 est
1184 875 1282 936 acter-

130 999 209 1043 num
247 978 440 1060 supplicium
476 996 532 1060 pro
568 977 643 1060 igne
680 976 823 1041 diuturni
854 978 1006 1060 temporis
1040 979 1218 1044 existimare
1251 981 1283 1042 et

99 1087 234 1150 suitam
263 1090 422 1149 aeternam
450 1084 574 1148 credere
601 1084 668 1147 sine
696 1084 768 1159 line,
793 1102 865 1147 cum
898 1083 1044 1149 Christus
1073 1085 1184 1150 eodem
1210 1085 1281 1167 ipso

130 1195 215 1268 loco,
238 1191 270 1255 in
294 1211 357 1254 una
380 1191 554 1272 eademque
579 1191 737 1254 sententia
761 1191 873 1256 dixerit
896 1196 1066 1274 utrumque
1094 1193 1280 1274 conplexus:

132 1298 199 1363 Sic
233 1299 354 1362 ibunt
386 1297 460 1363 isti
487 1298 527 1361 in
556 1297 808 1380 supplicium
838 1301 1054 1376 aeteruum,
1083 1299 1188 1364 iusti
1222 1319 1282 1362 au-

130 1414 211 1469 tem
234 1406 273 1469 in
298 1405 424 1468 uitam
449 1407 678 1468 aeternam?
703 1403 927 1486 sistrumque
947 1406 1281 1488 aete1·num‚profccto

130 1515 188 1576 aut
220 1515 391 1593 utrumqne
424 1529 497 1575 cum
529 1511 590 1574 fine
623 1511 808 1575 diuturnum
838 1514 893 1574 aut
921 1515 1091 1594 utrumque
1120 1512 1187 1576 sine
1219 1511 1282 1576 fine

88 1645 112 1682 ro
130 1623 323 1701 perpetuum
351 1618 446 1682 debet
473 1618 628 1700 intellegi.
665 1617 727 1680 Par
753 1618 823 1700 pari
851 1618 934 1681 enim
962 1619 1062 1683 relata
1094 1623 1180 1697 sunt,
1209 1619 1282 1683 hinc

131 1726 329 1808 supplicium
353 1726 527 1804 aeternnm,
552 1724 623 1788 inde
647 1725 717 1788 uita
739 1729 876 1791 aeterna.
900 1725 1012 1789 Dicere
1037 1729 1144 1790 autem
1166 1726 1198 1790 iu
1222 1726 1282 1790 hoc

130 1851 195 1896 uno
220 1832 395 1913 eodemque
419 1851 531 1896 sensu:
559 1831 645 1895 ‘Vita
667 1835 795 1895 aeterno
818 1834 885 1896 sine
909 1832 969 1896 fine
994 1833 1062 1910 erit,
1088 1833 1282 1915 supplicium

131 1942 297 2002 aeternum
324 1937 418 2001 finem
446 1937 588 2002 habebit’
614 1937 753 2001 multum
783 1938 955 2002 absurdum
985 1942 1043 2002 est.
1081 1939 1182 2015 Unde,
1209 1939 1283 2021 quia

131 2046 201 2109 uita
239 2050 365 2109 aeterna
404 2047 585 2108 sanctornm
625 2044 691 2107 sino
728 2045 789 2108 fine
823 2045 892 2122 erit,
926 2045 1118 2128 supplicium
1158 2063 1282 2128 quoque

87 2177 113 2216 re
131 2155 297 2215 aeternnm
321 2152 437 2233 quibus
461 2151 522 2215 erit
545 2151 640 2215 finem
664 2151 776 2232 procul
800 2151 897 2216 dubio
921 2171 982 2216 non
1006 2150 1145 2218 habebit.

561 2346 698 2414 CAPUT
721 2347 857 2414 XXIIII.

133 2491 285 2555 Contra
308 2508 441 2553 eorum
467 2508 640 2569 sensum,
662 2491 729 2573 qui
753 2491 791 2554 in
816 2488 973 2553 iudicio
997 2489 1069 2553 Dei
1095 2489 1280 2554 omnibus

213 2597 297 2661 reis
324 2598 493 2677 propter
521 2600 757 2662 sanctorum
784 2616 926 2679 preces
956 2599 1102 2679 putant
1131 2615 1220 2661 esse

579 2704 835 2785 parcendum.

84 2869 112 2907 20
176 2845 248 2909 Hoc
272 2848 379 2909 autem
403 2855 436 2909 et
458 2845 611 2910 aduersus
637 2866 691 2910 eos
715 2848 813 2922 ualet,
838 2847 892 2927 qui
917 2865 991 2910 suas
1016 2849 1144 2929 agentes
1169 2863 1281 2909 carisas

131 2955 243 3017 contra
267 2952 327 3015 Dei
355 2951 463 3016 uenire
494 2952 591 3015 uerba
618 2954 709 3016 uelut
736 2952 956 3018 misericordia
978 2952 1095 3016 maiore
1120 2955 1282 3026 conantur,

130 3059 263 3123 ntideo
288 3058 439 3122 uidelicet
462 3077 538 3122 uera
561 3058 634 3136 sint,
660 3059 735 3142 quia
758 3078 804 3134 aa,
829 3078 909 3140 quae
934 3058 1012 3122 dixit
1037 3057 1182 3122 hominos
1211 3075 1282 3121 csse

129 3184 295 3248 passuros,
323 3165 390 3247 pati
424 3165 512 3248 digni
544 3168 629 3242 sunt,
657 3184 719 3228 non
753 3166 828 3246 quia
859 3165 985 3248 passuri
1018 3169 1102 3229 sunt.
1143 3163 1282 3228 Donabit

130 3273 216 3336 enim
250 3291 314 3345 eos,
338 3271 497 3354 inquiunt,
521 3272 670 3354 precibus
700 3275 882 3336 sanctorum
912 3290 1052 3348 suorum,
1082 3273 1177 3336 etiarn
1205 3275 1282 3334 tunc

83 3401 111 3442 aa
130 3383 220 3443 tanto
250 3374 354 3462 magis
383 3377 539 3442 orantium
569 3397 624 3460 pro
652 3377 791 3442 inimicis
821 3377 900 3454 suis,
925 3379 1041 3458 quanto
1071 3381 1146 3441 sunt
1169 3377 1281 3458 utique

130 3485 318 3561 sanctiores,
347 3503 520 3565 eorumque
550 3483 708 3548 efficacior
735 3488 784 3548 est
814 3484 913 3548 oratio
943 3491 975 3547 et
999 3484 1197 3548 exauditione
1221 3483 1281 3546 Dei

130 3591 268 3675 dignior,
292 3591 355 3654 iam
379 3591 503 3654 nullum
528 3589 711 3655 habentium
736 3591 862 3655 omnino
886 3593 1060 3673 peccatum.
1094 3589 1183 3669 Quur
1206 3608 1280 3670 ergo

130 3698 242 3762 eadem
267 3697 499 3780 perfectissima
522 3697 690 3761 sanctitate
715 3701 748 3761 et
771 3700 886 3762 cuncta
911 3695 1070 3779 inpetrare
1098 3695 1280 3758 ualentibus

128 3804 353 3870 mundissimis
382 3808 414 3868 et
440 3803 748 3869 misericordissimis
777 3803 926 3888 precibus
956 3803 1051 3868 otiam
1078 3822 1134 3886 pro
1159 3801 1279 3885 angelis

223 4015 238 4066 7
257 4013 307 4067 Mt.
327 4013 371 4079 25,
388 4014 425 4068 46
516 4074 519 4079 ⁴

164 4149 326 4262 4proinde,
344 4193 376 4244 ἐκ
393 4147 547 4260 marg'pro
566 4190 673 4258 ignee
762 4189 859 4242 thie
954 4188 1107 4241 licitarum
1127 4189 1174 4240 aut
1193 4201 1280 4254 anag

130 4283 165 4336 13
186 4282 267 4335 finem
285 4297 371 4348 aspre
390 4279 430 4333 ad
447 4282 586 4333 aeternnm
607 4280 623 4333 l.
643 4281 679 4331 15
698 4295 776 4333 onae
827 4279 859 4331 13
879 4277 1003 4346 abebitg
1053 4279 1087 4330 24
1108 4277 1179 4330 enirn
1199 4293 1279 4330 onae

128 4373 166 4424 27
186 4371 362 4440 abentiump
