3192 4959
308 405 358 462 De
387 405 561 461 ciuitate
589 405 650 462 dci
678 407 744 464 lib.
771 409 858 464 XXII.
887 427 961 481 cap.
989 412 1033 465 27.
1060 412 1104 467 28.
1206 417 1269 482 655

120 620 233 666 uerum
258 605 352 678 esset,
378 601 522 666 adfirmet
545 602 648 667 dicere
672 603 823 668 uoluisse.
850 605 979 670 Inducit
1002 607 1083 670 eninr
1109 607 1270 673 hominem

118 707 274 772 reuixisse
298 711 331 772 et
353 727 496 774 narrasse
518 709 684 790 quaedam,
705 729 786 792 quae
805 711 978 776 Platonicis
998 713 1268 796 disputationibus

119 814 346 898 congruebant.
370 814 475 880 Labeo
500 815 595 880 etiam
621 815 700 880 dnos
725 816 804 882 dicit
826 837 889 884 uno
913 818 962 882 die
980 818 1081 884 fuisse
1100 820 1268 887 defunctos

119 925 151 984 et
175 919 352 986 occurrisse
375 921 513 986 inuicem
538 921 568 986 in
593 922 729 1004 quodam
760 925 911 1006 compito,
940 924 1051 990 deinde
1075 927 1115 992 ad
1138 946 1268 1011 corpora
1350 1009 1356 1018 .

88 1046 179 1091 esna
207 1027 313 1091 iussos
341 1027 442 1093 fuisso
469 1047 608 1092 remeare
637 1033 669 1093 et
697 1030 903 1096 constituisse
930 1032 1013 1097 inter
1031 1051 1066 1098 se
1089 1033 1209 1099 amicos
1232 1053 1267 1099 se

118 1153 190 1198 esse
218 1133 372 1209 uicturos,
401 1133 504 1216 adque
531 1133 577 1200 ita
600 1153 670 1200 esse
694 1136 826 1212 factum,
855 1137 953 1202 donec
979 1144 1089 1221 postea
1113 1159 1267 1206 moreren-

116 1245 179 1307 tur.
215 1239 278 1305 Sed
310 1241 364 1304 isti
393 1243 538 1304 auctores
567 1241 664 1306 talem
692 1244 954 1309 resurrectionem
983 1247 1123 1328 corporis
1150 1247 1267 1312 factam

116 1346 218 1412 fnisse
254 1351 428 1422 narrarunt,
467 1348 577 1430 quales
614 1349 742 1414 fuerunt
779 1369 898 1428 eorum,
941 1371 1021 1433 quos
1056 1353 1265 1418 resurrexisse

116 1453 266 1518 nouimus
292 1454 323 1518 et
346 1453 420 1517 hnic
445 1453 572 1534 quidem
596 1455 737 1520 redditos
761 1457 858 1534 uitae,
887 1456 943 1522 sed
966 1477 1027 1524 non
1051 1478 1087 1524 eo
1111 1460 1204 1525 modo
1228 1465 1266 1526 ut

74 1583 96 1619 ro
116 1579 178 1625 non
207 1563 404 1626 morerentur
435 1560 581 1625 ulterius.
615 1561 795 1626 Mirabilius
823 1567 929 1628 autem
959 1564 1109 1647 quiddam
1137 1565 1263 1632 Marcus

116 1666 215 1731 Varro
244 1667 336 1749 ponit
362 1667 392 1732 in
423 1667 525 1744 libris,
555 1687 635 1751 quos
660 1668 851 1753 conscripsit
877 1670 916 1735 de
945 1675 1037 1755 gente
1065 1673 1174 1756 populi
1202 1673 1264 1738 Ro·

114 1772 211 1847 mani,
241 1773 333 1838 cuius
360 1776 474 1856 putaui
500 1774 598 1838 uerba
626 1774 696 1858 ipsa
719 1775 870 1858 ponenda.
899 1775 1110 1844 ‘Genethliaci
1134 1779 1262 1862 quidam

114 1877 320 1961 scripserunt,
344 1879 458 1962 inquit,
483 1899 554 1945 csse
572 1880 604 1944 in
623 1882 824 1947 renascendis
844 1882 1027 1964 hominibus
1046 1904 1139 1966 quam
1158 1887 1263 1968 appel-

113 1987 182 2049 lant
212 1984 436 2066 παλιγγενεσίαν
471 1985 598 2064 Graeci;
637 1986 697 2052 hac
734 1989 929 2070 scripsemnt
966 1989 1076 2054 confici
1108 1991 1138 2055 in
1173 1992 1262 2056 annis

71 2116 95 2156 rs
113 2110 245 2156 numero
273 2092 511 2178 quadringentis
536 2093 755 2177 quadraginta,
784 2095 821 2158 ut
843 2093 927 2158 idem
957 2113 1072 2178 corpus
1097 2100 1128 2161 et
1152 2097 1260 2162 eadem

112 2197 229 2275 anima,
262 2217 341 2281 quae
371 2199 488 2264 fuerint
521 2201 687 2265 coniuncta
718 2201 749 2264 in
784 2199 911 2265 homine
940 2202 1119 2285 aliquando,
1150 2203 1261 2268 eadem

111 2325 221 2371 rursus
245 2305 375 2372 redeant
396 2306 428 2370 in
453 2306 727 2372 coniunctionem)
755 2307 821 2371 Iste
846 2307 942 2372 Varro
967 2308 1096 2390 quidem
1120 2309 1260 2402 siueilli

112 2411 306 2494 genethliaci
328 2412 434 2478 nescio
458 2412 513 2496 qui
536 2415 609 2494 (non
634 2413 716 2477 eninr
740 2413 868 2478 nomina
887 2433 996 2478 eorum
1015 2415 1164 2497 prodidit,
1184 2436 1259 2499 quo·

111 2538 182 2582 rum
212 2519 474 2584 commemorauit
502 2519 705 2606 sententiam)
734 2521 854 2602 aliquid
884 2521 1039 2599 dixerunt,
1072 2522 1260 2604 quodlicet

68 2651 92 2688 eo
111 2626 230 2690 falsum
258 2626 301 2690 sit
330 2625 417 2710 (cum
447 2626 530 2690 enim
559 2626 657 2690 semel
686 2627 724 2690 ad
753 2627 862 2691 eadem
891 2646 1021 2711 corpora
1048 2648 1128 2712 quae
1152 2647 1259 2712 gesse·

110 2735 186 2796 runt
212 2729 335 2796 animae
362 2731 522 2811 redierint,
551 2750 723 2814 numquam
757 2752 794 2797 ea
822 2737 897 2798 suut
923 2739 1036 2816 postea
1065 2735 1257 2821 relicturae),

109 2849 216 2902 tamen
246 2839 347 2903 multa
373 2838 462 2903 illius
489 2839 759 2921 inpossibilitatis,
789 2859 852 2923 qua
883 2844 992 2905 contra
1018 2860 1075 2907 nos
1103 2843 1158 2907 isti
1190 2864 1258 2927 gar·

108 2945 204 3011 riunt.
229 2947 415 3029 argumenta
438 2945 590 3011 conneliit
613 2949 645 3010 ct
669 2946 814 3012 destruit.
838 2944 900 3026 Qui
924 2948 1007 3011 enim
1031 2948 1091 3014 hoc
1115 2949 1258 3015 sentiunt

109 3051 180 3116 siue
204 3057 380 3128 senserunt,
409 3071 471 3117 non
495 3053 541 3117 eis
565 3051 671 3118 nisum
696 3057 745 3118 est
769 3051 836 3117 fieri
860 3073 920 3119 non
944 3073 1049 3136 posse,
1073 3059 1111 3120 ut
1135 3055 1257 3140 dilapsa

63 3183 89 3224 en
108 3157 265 3222 cadauera
296 3159 327 3222 in
361 3177 453 3224 auras
486 3159 517 3223 in
547 3160 724 3243 puluerem,
761 3159 793 3224 in
822 3159 958 3225 cinerem
985 3161 1017 3226 in
1051 3181 1187 3240 umores,
1224 3163 1256 3227 in

107 3283 239 3348 corpora
265 3265 463 3330 uescentium
492 3265 666 3331 bestiarum
696 3266 749 3331 uel
771 3266 914 3350 ipsorum
943 3286 1068 3350 quoqne
1091 3269 1255 3334 hominum

106 3369 145 3433 ad
169 3369 201 3434 id
226 3389 335 3436 rursus
359 3373 499 3448 redeant,
524 3373 609 3455 quod
633 3374 770 3438 suerunt.
797 3372 997 3457 Quapropter
1018 3375 1110 3441 Plato
1131 3379 1163 3441 et
1181 3377 1256 3442 Por·

102 3477 246 3560 phyrius,
271 3478 323 3542 uel
346 3477 454 3561 potius
479 3480 672 3562 quicumque
695 3479 769 3546 illos
794 3479 934 3566 diligunt
956 3485 996 3546 et'
1006 3482 1109 3547 adhuc
1129 3483 1253 3562 uiuunt,

196 3651 271 3706 21³1.
290 3668 346 3722 rep.
366 3653 426 3717 614,
446 3653 468 3707 Β

144 3775 156 3826 1
178 3777 252 3828 esset
270 3791 403 3845 neppam·
423 3792 481 3831 esse
502 3777 571 3846 bpa
589 3777 688 3832 Donat.
766 3778 885 3833 noluisse
902 3795 920 3848 9
993 3781 1008 3831 5
1027 3779 1127 3833 tunicor
1146 3795 1175 3832 se
1195 3795 1254 3835 esse

105 3863 331 3932 tqpmeecmn
352 3865 512 3921 acDomb.
569 3869 601 3920 12
622 3866 883 3937 eeseponendaqo
955 3867 1099 3937 quidemp
1160 3870 1192 3922 13
1210 3869 1253 3923 in·

104 3951 304 4021 soripsernntt
392 3955 424 4007 14
443 3953 494 4010 hac
513 3956 678 4025 scripserunt
694 3973 726 4026 9,·
744 3955 814 4010 hanc
833 3957 1000 4025 scripserunt
1019 3973 1051 4022 a,·
1068 3957 1118 4010 has
1137 3958 1252 4026 scripse·

103 4045 167 4094 runt
191 4058 223 4106 α,·
244 4039 373 4111 adscripe.
398 4041 427 4106 b,·
451 4045 576 4114 asscrips.
596 4063 624 4114 ρ,·
647 4045 758 4114 ascrips.
778 4061 806 4112 e;
822 4061 874 4099 orn.
891 4062 911 4113 p
1003 4046 1036 4098 16
1055 4045 1148 4099 eadem
1167 4063 1219 4101 om.
1239 4061 1253 4102 e

106 4131 136 4183 17
158 4129 348 4184 coniunctione
362 4147 385 4199 p
460 4133 492 4186 19
511 4133 534 4185 ei
553 4133 693 4203 aliquidy
764 4133 796 4186 21
819 4149 859 4201 ea,
878 4149 912 4186 m.
932 4137 952 4188 2
969 4134 1152 4202 mperoetpro
1171 4135 1214 4202 ad,
1234 4154 1252 4190 u

102 4221 199 4286 postea
217 4220 316 4272 sunto
406 4220 532 4276 relecturi
550 4221 593 4292 9¹;
616 4221 748 4294 relicdnre
769 4221 813 4288 b¹,·
831 4221 952 4293 rediture
972 4239 990 4274 n
1081 4224 1115 4276 ‘22
1135 4225 1219 4295 multe
1239 4243 1253 4280 e

100 4309 270 4374 ancarano
324 4310 357 4362 at
377 4323 481 4364 rursum
501 4310 601 4364 Doonb.
657 4311 691 4362 28
711 4311 755 4366 uel
775 4310 896 4364 adhucc
