3192 4959
637 407 663 460 S.
691 405 849 458 Aurelii
876 405 1095 474 Augustini

752 597 889 664 CAPUT
912 599 985 663 XII.

293 742 344 806 De
370 742 548 824 opinione
573 759 711 816 eorum,
731 741 793 823 qui
818 741 1021 824 primorum
1041 743 1251 823 temporum
1269 741 1440 807 homines

293 855 366 913 tam
395 850 617 932 longaeuos,
647 867 755 929 quam
790 848 983 926 scribitur,
1015 848 1138 912 fuisse
1170 867 1239 912 non
1272 849 1440 913 credunt.

337 988 447 1072 Neque
479 989 562 1053 enim
597 989 661 1052 ullo
695 991 789 1054 modo
824 989 971 1054 audiendi
1005 992 1088 1066 sunt,
1119 990 1173 1072 qui
1205 993 1318 1072 putant
1350 989 1443 1054 aliter

292 1116 388 1162 annos
421 1095 486 1160 illis
520 1095 717 1179 temporibus
751 1100 951 1178 conputatos,
980 1096 1012 1160 id
1046 1098 1095 1160 est
1124 1098 1230 1160 tantae
1263 1096 1441 1175 breuitatis,
1475 1118 1491 1160 e

292 1207 329 1266 ut
361 1221 443 1268 unus
478 1221 577 1265 annus
605 1206 714 1266 noster
743 1201 851 1265 decem
879 1202 952 1266 illos
982 1203 1133 1266 babuisse
1166 1204 1321 1269 credatur.
1359 1201 1442 1282 Qua-

292 1313 429 1392 propter,
453 1309 612 1390 inquiunt,
637 1326 708 1372 cum
735 1308 870 1372 audierit
893 1308 1029 1391 quisque
1052 1309 1106 1372 uel
1129 1309 1243 1394 legerit
1265 1313 1442 1393 nongentos

293 1433 389 1479 annos
424 1433 582 1497 quemque
614 1413 741 1489 uixisse,
772 1413 867 1478 debet
899 1415 1081 1498 intellegere
1114 1416 1298 1499 nonaginta3
1332 1415 1442 1479 decem

293 1518 409 1602 quippe
437 1519 485 1584 illi
514 1521 585 1583 anni
614 1539 696 1584 unus
726 1523 776 1584 est
802 1524 909 1584 noster
933 1523 965 1584 et
987 1521 1095 1584 decem
1119 1521 1219 1586 nostri
1242 1524 1370 1585 centum
1393 1521 1442 1585 illi

292 1627 431 1690 fuerunt.
469 1627 515 1689 Ao
543 1646 600 1709 per
626 1627 698 1704 hoc,
722 1629 760 1690 ut
786 1629 909 1709 putant,
933 1626 1049 1710 uiginti
1075 1627 1173 1691 trium
1201 1647 1352 1692 annornm
1379 1627 1442 1691 luit
1462 1653 1491 1692 ιο

291 1731 404 1807 Adam,
433 1731 556 1812 quando
586 1733 696 1816 genuit
725 1731 813 1809 Setb,
842 1733 969 1815 etipse
1004 1732 1082 1798 Seth
1114 1734 1230 1817 uiginti
1262 1733 1378 1818 agebat
1410 1739 1443 1797 et

293 1859 346 1902 ser
379 1857 515 1914 menses,
545 1839 670 1920 quaudo
704 1859 739 1902 er
772 1839 827 1903 illo
862 1843 955 1904 natus
989 1843 1038 1904 est
1065 1841 1160 1917 linos,
1190 1859 1269 1922 qnos
1302 1840 1442 1924 appellet

294 1945 451 2027 scriptura
475 1944 629 2009 ducentos
654 1948 685 2008 et
708 1944 847 2027 quinque
872 1963 983 2021 annos3
1018 1946 1165 2027 quonism
1194 1945 1279 2009 sicut
1305 1944 1360 2008 isti
1389 1965 1441 2009 su·

294 2051 465 2131 spirantur,
485 2069 620 2133 quorum
640 2051 826 2131 exponimus
846 2050 1036 2134 opinionem,
1054 2071 1154 2114 unum
1172 2071 1298 2127 annum,
1314 2051 1441 2131 qualem

292 2176 373 2220 nunc
404 2157 569 2232 babemus,
602 2157 633 2220 in
668 2157 775 2220 decern
810 2161 917 2239 partes
949 2157 997 2220 illi
1031 2157 1216 2221 diuidebant
1247 2160 1280 2221 et
1311 2157 1441 2222 easdem
1461 2179 1488 2218 re

293 2267 398 2344 partes
423 2283 518 2328 annos
543 2263 713 2340 uocabant;
739 2282 871 2345 quarum
894 2263 1032 2347 partium
1056 2263 1153 2328 babet
1171 2283 1234 2328 uua
1251 2263 1442 2346 quadratum

294 2369 460 2451 senarium,
486 2389 522 2435 eo
551 2369 635 2454 quod
663 2389 718 2434 ser
745 2369 856 2433 diebus
880 2370 968 2434 Deus
997 2370 1164 2452 perfecerit
1190 2390 1285 2453 opera
1312 2390 1380 2446 sua,
1404 2372 1442 2434 ut

293 2477 324 2539 in
355 2477 490 2558 septimo
519 2477 732 2558 requiesceret
756 2476 809 2558 (de
837 2495 900 2558 que
927 2495 959 2539 re
988 2477 1019 2540 in
1046 2477 1127 2542 libro
1152 2477 1331 2554 undecimo,
1356 2478 1442 2542 sicut

293 2583 393 2665 potui,
414 2583 603 2666 disputari);
629 2583 751 2647 seriens
776 2587 883 2646 autem
907 2583 985 2659 seni,
1005 2583 1060 2664 qui
1083 2603 1232 2647 numerus
1251 2583 1441 2666 quadratum

293 2690 451 2752 senarium
475 2688 561 2766 iacit,
581 2690 712 2774 triginta
737 2707 789 2752 ser
814 2688 882 2752 dies
903 2693 991 2763 sunt;
1016 2689 1070 2770 qui
1089 2689 1294 2773 multiplicati
1312 2689 1441 2753 deciens
1459 2717 1489 2757 eo
1582 2760 1583 2775 ,

222 2869 225 2876 Α
294 2797 332 2860 ad
359 2799 519 2861 trecentos
548 2797 710 2880 sexaginta
740 2795 939 2877 perueniunt,
968 2796 1000 2859 id
1033 2801 1083 2860 est
1115 2797 1281 2861 duodecim
1314 2815 1441 2860 menses
1582 2780 1583 2791 ¹

292 2903 430 2966 lunares.
468 2903 601 2985 Propter
628 2903 766 2986 quinque
795 2903 863 2968 dies
892 2903 976 2966 enim
1003 2903 1154 2984 reliquos,
1184 2903 1299 2986 quibus
1328 2903 1441 2968 solaris

294 3029 393 3073 annus
430 3009 579 3092 inpletur,
614 3014 646 3073 et
678 3009 740 3074 diei
778 3009 994 3092 quadrantem.
1031 3007 1160 3093 propter
1199 3029 1293 3093 quem
1331 3014 1443 3092 quater

294 3116 425 3180 ductum
455 3135 490 3181 eo
520 3137 610 3192 anno,
638 3135 701 3200 quo
730 3116 906 3181 bissextum
934 3120 1061 3195 uocant,
1089 3137 1173 3181 unus
1204 3117 1271 3182 dies
1295 3117 1445 3192 adicitur,

295 3221 489 3286 addebantur
521 3242 539 3286 a
570 3223 734 3286 ueteribus
767 3225 881 3305 postea
913 3222 991 3298 dies,
1019 3225 1057 3284 ut
1084 3226 1262 3287 occurreret
1289 3242 1441 3287 numerus
1461 3247 1489 3286 ae
1581 3284 1582 3289 ,

294 3347 454 3404 annorum,
484 3347 563 3410 quos
597 3329 664 3393 dies
697 3329 832 3393 Romani
865 3329 1066 3392 intercalares
1099 3329 1266 3394 uocabant.
1304 3329 1442 3393 Proinde
1581 3320 1582 3329 ³

294 3435 389 3499 etiem
409 3435 504 3512 Eoos,
524 3455 619 3516 quem
638 3436 748 3520 genuit
768 3435 856 3512 Seth,
877 3435 985 3499 decem
1011 3439 1043 3500 et
1065 3453 1179 3499 nouem
1199 3435 1314 3518 agebat
1332 3455 1441 3513 annos,

294 3541 419 3625 quando
444 3561 479 3606 ex
503 3542 558 3607 illo
583 3548 676 3607 uatus
702 3547 751 3608 est
774 3543 860 3606 lilius
885 3543 952 3607 eius
978 3541 1105 3620 Cainan,
1131 3561 1210 3624 quos
1239 3561 1336 3608 annos
1364 3542 1443 3606 dicit

384 3733 418 3787 18
438 3735 495 3787 et

331 3857 345 3908 7
366 3857 499 3926 nelegerit
517 3857 551 3910 V¹
589 3857 605 3910 8
621 3873 754 3927 quemque
774 3857 847 3912 Vbe
851 3875 873 3926 p
884 3879 902 3912 α
913 3864 937 3924 f
947 3857 1062 3926 Domb.;
1081 3873 1244 3927 quemquam
1259 3874 1318 3924 ov;
1331 3874 1412 3926 quern
1427 3878 1441 3930 ρ

295 3947 399 3998 9unus
418 3963 503 3999 annus
523 3949 597 4000 estc
670 3947 703 4000 10
723 3947 824 4016 uiginti
841 3949 924 4002 trium
942 3964 994 4002 om.
1014 3965 1033 4002 a
1109 3965 1238 4002 annorum
1256 3949 1443 4017 superscripto

295 4049 365 4100 cxxx,
385 4039 410 4087 et
428 4036 460 4087 io
477 4051 563 4104 mory.
584 4051 652 4090 corr.
671 4051 705 4090 m.
725 4034 757 4088 In
778 4034 924 4090 biblioteca
942 4037 1066 4091 babetur.
1087 4055 1109 4091 c.
1127 4053 1193 4098 m„
1214 4053 1232 4090 α
1360 4037 1391 4089 11
1413 4042 1443 4090 et

295 4128 360 4176 ante
377 4123 435 4192 ipse
455 4139 506 4178 om.
530 4123 557 4176 V
626 4123 726 4191 egebat
744 4141 821 4190 mee.,·
838 4124 991 4180 habebeto
1047 4127 1079 4180 16
1097 4125 1211 4179 heberet
1229 4123 1250 4178 ι’
1309 4125 1341 4178 17
1360 4141 1444 4179 ecee

295 4228 354 4265 eum
374 4227 487 4275 come
587 4211 661 4266 Deus
680 4229 725 4266 sex
745 4211 874 4268 diebnsv
963 4213 998 4266 20
1017 4218 1046 4267 et
1064 4230 1117 4276 ser.
1137 4217 1165 4268 et
1183 4217 1334 4282 nr.2cup.
1352 4213 1443 4268 lino

295 4301 352 4354 dies
372 4316 422 4356 om.
442 4317 461 4354 o
534 4303 597 4354 sunt
615 4316 691 4368 nrss.;
709 4299 811 4355 fiuntc
878 4303 913 4356 23
933 4291 1067 4371 qnepe'te
