3192 4959
325 456 390 518 400
669 451 696 505 S.
724 451 880 506 Aurelii
908 449 1126 520 Augustini

325 647 424 712 lium
467 647 573 712 caeli
610 651 649 711 et
686 647 861 711 omnium
903 645 1144 729 repentium,
1188 663 1289 728 quae
1331 651 1461 728 repunt

326 773 447 835 snper
469 756 628 817 terram.
652 753 851 816 Rationalem
870 753 992 817 factum
1012 752 1051 816 ad
1069 753 1243 836 imaginem
1263 771 1354 816 suam
1374 752 1462 816 noluit

325 861 386 924 nisi
405 859 680 924 inrationabilibus
701 859 870 933 dominari;
892 879 952 923 non
973 858 1134 922 hominem
1154 859 1285 923 homini.
1306 858 1362 922 sed
1380 858 1464 921 homi·

325 987 396 1030 nem
428 965 545 1048 pecori.
578 966 655 1030 Iade
683 967 776 1047 primi
805 965 883 1030 iusti
911 969 1055 1047 pastores
1078 984 1228 1049 pecorum
1256 966 1360 1049 magis
1384 983 1464 1046 quam

325 1093 416 1156 reges
440 1073 605 1136 hominum
630 1070 797 1136 constituti
821 1075 905 1146 sunt,
932 1076 967 1134 ut
992 1072 1088 1134 etiam
1112 1071 1158 1135 sic
1181 1073 1359 1136 insinuaret
1378 1070 1464 1145 Deus,
1488 1091 1496 1128 s

326 1179 403 1262 quid
425 1179 570 1262 postulet
592 1177 667 1242 ordo
693 1171 919 1252 creaturarum,
944 1177 1020 1259 quid
1040 1177 1146 1261 exigat
1165 1179 1316 1241 meritum
1336 1180 1464 1260 peceato·

325 1305 406 1349 rum.
450 1284 600 1350 Condicio
640 1284 756 1366 quippe
800 1283 966 1348 seruitutis
1003 1283 1071 1347 iure
1108 1283 1307 1368 intellegitur
1342 1283 1464 1366 inposita

325 1391 495 1474 peccatori.
534 1390 669 1454 Proinde
707 1409 863 1472 nusquam
902 1389 1130 1473 scripturarum
1167 1390 1306 1474 legimus
1340 1409 1464 1465 seruum,

327 1502 496 1580 antequam
522 1498 583 1561 hoc
610 1496 767 1561 uocabulo
796 1496 864 1560 Noe
889 1497 994 1560 iustus
1019 1501 1183 1579 paccatum
1214 1496 1273 1560 lilii
1296 1497 1465 1560 uindicaret.

326 1605 449 1669 Nomen
477 1605 586 1685 itaque
613 1603 699 1667 istuc
727 1602 822 1686 eulpa
848 1603 975 1681 meruit,
1005 1622 1066 1668 non
1095 1608 1216 1667 natura.
1247 1601 1344 1688 Origo
1372 1607 1463 1666 autem
1480 1621 1497 1660 u

327 1710 476 1775 uocabnli
501 1727 665 1774 seruorum
688 1709 719 1772 in
743 1709 855 1772 Latina
878 1709 988 1792 lingua
1010 1707 1083 1773 inde
1107 1708 1246 1773 creditur·
1265 1709 1369 1783 dueta,
1393 1707 1464 1790 quod

328 1816 372 1893 hi,
396 1817 451 1898 qui
475 1816 542 1880 iure
565 1817 642 1880 belli
661 1818 793 1896 possent
813 1815 924 1883 occidi.
945 1836 963 1880 a
980 1815 1160 1880 uictoribus
1181 1835 1254 1880 oum
1273 1816 1465 1880 seruabantur

330 1922 415 1988 serui
445 1923 573 1998 fiebant,
607 1942 625 1986 a
657 1922 811 1986 seruando
841 1922 1007 2004 appellati;
1042 1922 1127 2004 quod
1156 1923 1253 1987 etiam
1282 1922 1388 2004 ipsum
1410 1920 1464 1984 sine

329 2028 452 2111 peccati
479 2029 591 2092 merito
620 2047 681 2093 non
710 2031 769 2092 est.
797 2027 879 2092 Nam
905 2032 937 2092 et
960 2047 1032 2093 cum
1056 2029 1179 2094 iustum
1204 2029 1327 2113 geritur
1347 2028 1464 2102 bollum

329 2155 385 2217 pro
417 2138 547 2218 peccato
580 2153 596 2199 e
630 2135 783 2199 contrario
818 2134 1002 2210 dimicatum
1037 2139 1069 2200 et
1098 2137 1200 2202 omnis
1228 2136 1374 2212 uictoria,
1403 2152 1497 2198 cumo

330 2242 427 2307 etiam
462 2241 556 2305 malis
593 2240 750 2322 prouenit,
788 2240 897 2305 diuino
936 2241 1052 2306 iudicio
1095 2241 1199 2306 uictos
1237 2242 1385 2306 humiliat
1422 2238 1465 2303 uel

331 2348 500 2414 emendans
528 2349 659 2430 peccata
686 2348 739 2410 uel
767 2347 913 2430 puniens.
944 2347 1049 2412 Testis
1079 2351 1128 2412 est
1154 2349 1249 2412 horno
1273 2347 1334 2412 Dei
1358 2345 1465 2411 Daniel.

330 2475 403 2520 cum
426 2455 457 2518 in
482 2453 668 2536 captiuitate
691 2453 818 2535 positus
843 2457 973 2536 peccate
1001 2459 1114 2518 suaet
1141 2458 1273 2537 peccata
1296 2453 1403 2538 populi
1423 2451 1464 2516 sui

330 2561 499 2626 confitetur
531 2562 598 2625 Deo
632 2563 664 2624 et
696 2561 776 2624 lrauo
809 2579 878 2624 esse
913 2579 1041 2625 causam
1074 2561 1162 2625 illius
1196 2560 1392 2643 captiuitatis
1422 2559 1464 2642 pio

329 2668 437 2733 dolore
459 2673 605 2732 testatur.
630 2666 737 2731 Prima
761 2687 835 2751 orgo
860 2667 1025 2731 seruitutis
1050 2685 1147 2732 causa
1169 2672 1337 2750 peccatum
1360 2669 1414 2742 est,
1435 2667 1497 2727 uta

329 2774 423 2839 homo
457 2775 576 2838 homini
610 2773 803 2838 condicionis
836 2774 964 2838 uinculo
1001 2773 1202 2849 subductum
1235 2774 1319 2856 quod
1350 2792 1406 2838 non
1434 2769 1464 2832 fit

329 2880 390 2945 nisi
423 2880 489 2945 Deo
522 2881 693 2955 iudicante,
727 2882 806 2963 aput
838 2899 932 2962 quem
967 2899 1028 2944 non
1060 2884 1109 2944 est
1140 2880 1293 2963 iniquitas
1327 2885 1358 2944 et
1387 2877 1464 2943 nouit

330 2987 472 3051 diuersas
491 3006 608 3069 poenas
627 2987 748 3051 meritis
769 2987 958 3051 distribuere
979 2987 1241 3069 delinquentium.
1263 2985 1354 3052 Sicut
1371 2989 1462 3049 autem

330 3088 485 3174 supernus
517 3093 675 3157 Dominus
710 3094 801 3158 dicit:
836 3091 984 3171 Omnia,
1018 3093 1085 3177 qui
1118 3093 1222 3158 facit
1254 3095 1463 3177 peccatum,

330 3219 474 3264 seruus
509 3203 571 3264 est
601 3201 773 3281 peccati,
807 3219 843 3264 ao
874 3219 928 3283 per
961 3200 1021 3264 hoc
1054 3200 1148 3264 multi
1182 3199 1310 3283 quidem
1338 3194 1496 3281 religiosis

330 3306 465 3370 dominis
492 3306 624 3388 iniquiS‚
658 3326 719 3371 non
749 3311 853 3370 tamen
882 3306 990 3370 liberis
1021 3307 1183 3371 seruiunt:
1217 3309 1243 3370 A
1273 3327 1348 3390 quo
1376 3303 1463 3370 euim

331 3412 421 3493 quis
451 3411 644 3475 deuictus
669 3417 741 3489 est,
770 3411 863 3475 huic
894 3417 933 3475 et
957 3433 1101 3476 seruus
1126 3412 1320 3478 addictus
1344 3415 1408 3478 est.
1429 3409 1463 3472 Et

330 3519 439 3599 utique
462 3516 587 3581 felicius
612 3518 751 3581 seruitus
773 3517 902 3595 homini,
928 3538 1022 3600 quam
1042 3517 1176 3595 libidini,
1197 3539 1270 3583 cum
1291 3517 1462 3584 saeuissimo

331 3623 494 3688 dominatu
523 3628 629 3688 uastat
662 3624 756 3687 corda
785 3625 977 3702 mortalium,
1006 3627 1043 3688 ul
1075 3625 1153 3689 alias
1189 3628 1346 3704 omittam,
1376 3619 1462 3687 libido

419 3865 523 3920 llGen.
544 3867 569 3929 9,
588 3868 623 3920 25
662 3868 694 3920 17
715 3867 784 3921 Dan.
805 3867 829 3932 9,
850 3870 865 3921 5
885 3883 943 3936 sqq.
981 3867 1015 3919 24
1035 3865 1073 3919 Io.
1093 3866 1119 3930 8,
1139 3867 1173 3921 34
1217 3867 1251 3920 26
1270 3869 1296 3920 2.
1316 3868 1384 3921 Petr.
1398 3863 1460 3926 219

365 3993 380 4046 7
402 3992 628 4058 candidioresque
647 3991 686 4043 od
702 3992 839 4060 peccatori
858 3992 889 4044 in
906 4008 992 4060 Μαι-9.
1012 4009 1026 4044 e
1097 3991 1167 4060 iure]
1186 3990 1266 4046 iudae
1283 4010 1301 4062 y
1362 3991 1378 4044 8
1394 4005 1458 4042 narn·

330 4097 409 4148 quem
424 4080 467 4132 uel
486 4081 514 4131 in
533 4080 672 4148 scripturis
687 4097 709 4146 p
747 4080 780 4132 10
800 4083 990 4149 nominataeque
1004 4081 1031 4150 9¹
1088 4079 1160 4133 istuc
1178 4097 1230 4150 eq;
1250 4080 1324 4134 istud
1341 4097 1356 4134 o
1372 4074 1457 4132 Doord.

331 4168 504 4236 l2aom.q
577 4169 842 4237 conserbabaniurp
916 4174 1059 4222 seruantur
1077 4184 1099 4222 e·
1137 4169 1169 4222 13
1188 4175 1217 4222 et
1235 4170 1342 4237 seruip
1389 4167 1417 4218 15
1433 4161 1455 4227 el

330 4260 359 4310 et
378 4274 396 4308 u
469 4256 762 4324 edamur·q.,o;om.
783 4275 802 4309 o
859 4259 890 4310 17
911 4258 1027 4325 puniaris
1045 4274 1063 4326 q
1116 4257 1151 4311 24
1170 4258 1327 4328 superiusq
1375 4249 1453 4306 Μ·

330 4345 407 4396 cilius
425 4345 450 4396 e¹
505 4345 539 4396 29
560 4345 620 4398 aliis
634 4361 653 4414 q
