3192 4959
346 465 396 517 De
425 464 600 517 ciuitate
628 463 690 517 dei
717 463 782 517 lib.
811 463 895 517 XVII.
925 480 1000 533 cap.
1031 464 1071 517 18.
1213 468 1275 530 255

134 664 163 722 et
188 661 333 723 mortuos
360 658 523 723 iudicabit.
551 656 632 722 Nem
658 658 812 722 Dominus
842 658 910 741 ipse
934 660 1025 723 lesus
1048 660 1148 723 istum
1171 659 1277 741 ipsum

133 766 315 831 traditorem
348 784 443 829 suum
475 784 531 847 per
563 784 675 847 panem
708 768 887 847 porrectum
921 765 1089 829 ostendens
1123 766 1276 847 apostolis

133 873 211 937 hunc
245 873 343 936 etiam
375 892 504 935 uersum
542 871 656 953 psalmi
692 872 788 935 huius
822 874 1083 937 commemorauit
1115 876 1148 936 et
1179 874 1210 936 in
1243 892 1277 937 se

134 979 207 1042 dirit
229 979 401 1061 inpletum:
423 975 494 1055 Qui
513 977 648 1040 edebat
670 996 783 1059 panos
807 996 918 1053 meos,
940 978 1139 1062 ampliauit
1164 1000 1278 1062 super

106 1105 184 1150 ome
211 1087 439 1149 calcaneum.
472 1082 565 1162 Quod
593 1086 700 1147 autem
730 1084 788 1147 ait:
817 1084 857 1147 In
887 1103 993 1165 quem
1023 1087 1185 1167 speraui,
1215 1106 1275 1151 uon

134 1193 276 1276 congruit
304 1191 412 1274 capiti,
441 1190 497 1255 sad
526 1191 657 1272 corpori.
681 1189 794 1271 Neque
819 1190 901 1253 enim
926 1191 1088 1255 nesciebat
1112 1212 1184 1257 eum
1207 1193 1275 1275 ipse

135 1297 288 1375 Saluator,
309 1298 347 1362 de
368 1318 430 1380 quo
449 1301 522 1362 ante
541 1299 604 1361 iam
624 1298 758 1364 dixerat:
777 1298 881 1362 Unus
907 1318 946 1361 er
965 1298 1073 1362 uobis
1098 1298 1275 1364 diabolus

134 1410 195 1469 est.
221 1405 285 1470 Sed
309 1405 392 1469 solet
414 1405 445 1469 in
469 1424 504 1469 se
527 1405 740 1469 membrorum
764 1423 895 1467 suorum
919 1405 1086 1469 transferre
1109 1426 1276 1487 personam

133 1517 162 1575 et
192 1513 255 1577 sibi
288 1512 426 1576 tribuere
460 1511 545 1594 quod
577 1515 663 1575 esset
693 1511 833 1587 illorum,
868 1510 941 1592 quia
974 1528 1070 1595 caput
1103 1516 1136 1577 et
1162 1532 1275 1597 corpus

97 1640 118 1678 n
133 1639 210 1684 rmus
234 1624 285 1683 est
308 1619 468 1691 Christus:
498 1618 582 1683 unde
605 1618 686 1683 illud
710 1620 814 1683 estin
840 1618 1021 1702 euangelio:
1052 1618 1214 1699 llsuriui,
1240 1622 1277 1683 et

133 1726 292 1791 dedistis
325 1726 417 1789 mihi
450 1724 685 1802 manducare,
719 1726 804 1806 quod
838 1744 995 1808 exponens
1030 1727 1087 1790 eit:
1123 1724 1275 1803 Quando

132 1834 192 1897 uni
218 1854 260 1897 en
289 1832 454 1897 minimis
482 1832 576 1895 meis
604 1832 768 1909 lecistis,
798 1832 891 1895 mihi
914 1831 1076 1898 fecistis.
1104 1831 1143 1897 Se
1167 1833 1275 1915 itaque

134 1940 206 2005 dixit
232 1959 389 2022 sperasse,
418 1938 500 2021 quod
525 1942 601 2003 tunc
623 1945 829 2020 sperauerant
853 1938 890 2002 de
919 1939 999 2003 Iuda
1023 1939 1173 2021 discipuli
1196 1940 1274 2017 eius,

133 2048 253 2128 quando
277 2050 328 2110 est
351 2050 595 2110 connumeratus
619 2046 784 2128 apostolis.

95 2173 117 2210 1⁵
172 2154 282 2219 Iudaei
305 2157 412 2217 eutem
437 2152 611 2218 Christum.
637 2171 730 2235 quem
755 2155 891 2234 sperant,
915 2153 1102 2216 moriturum
1124 2172 1274 2217 essenon

132 2263 265 2342 sperant.
289 2260 365 2323 Ideo
389 2278 482 2341 quem
507 2259 556 2323 lex
580 2264 612 2323 et
634 2260 806 2343 prophetae
830 2258 1106 2333 adnuntianerunt,
1130 2264 1275 2323 nostrum

132 2386 198 2431 esse
224 2387 286 2431 nou
315 2369 439 2448 putant,
468 2367 524 2430 sed
552 2366 658 2430 nescio
688 2386 782 2449 quem
803 2386 909 2442 suum,
934 2384 1027 2447 quem
1052 2366 1112 2429 sibi
1137 2366 1273 2430 alienum

131 2492 149 2535 a
178 2474 289 2537 mortis
322 2473 468 2553 passione
502 2473 692 2557 confingunt.
724 2473 800 2537 Ideo
834 2472 971 2536 mirabili
1004 2472 1144 2535 uanitate
1173 2472 1274 2555 adque

131 2581 279 2644 caecitate
298 2580 404 2658 uerba,
424 2598 505 2661 quae
524 2578 701 2661 posuimus,
721 2599 781 2643 non
803 2584 937 2643 mortem
957 2582 989 2642 et
1002 2578 1274 2655 resurrectionem,

92 2687 185 2751 used
221 2706 367 2751 somnum
406 2689 439 2749 et
471 2686 710 2770 euigilationem
744 2685 942 2769 significasse
975 2685 1180 2749 contendunt.
1214 2684 1276 2749 Sed

132 2793 245 2856 clamat
276 2792 322 2855 eis
355 2791 450 2854 etiam
483 2791 628 2873 psalmus
663 2791 792 2871 quintus
827 2790 984 2854 decimus:
1017 2790 1175 2873 Propter
1207 2792 1274 2855 hoc

132 2899 372 2962 iucundstnm
406 2902 467 2962 est
500 2917 562 2961 cor
591 2916 713 2961 meum
743 2902 778 2961 et
810 2896 999 2961 exultauit
1026 2896 1158 2981 lingua
1185 2918 1273 2973 mea,

132 3005 281 3087 insuper
309 3010 345 3068 et
373 3023 456 3068 caro
486 3023 566 3067 mea
593 3004 810 3086 requiescet
832 3004 868 3067 in
899 3023 977 3085 spe3
1008 3005 1179 3086 quoniam
1204 3024 1273 3069 non

133 3110 366 3193 derelinques
392 3110 549 3175 animam
573 3128 688 3173 meam
711 3108 746 3172 in
771 3108 928 3187 inferno,
948 3129 1014 3174 nec
1040 3110 1145 3175 dabis
1171 3130 1274 3175 sanc-

92 3220 207 3281 astnm
233 3222 338 3281 tuum
366 3217 496 3281 uidere
524 3215 814 3297 corruptionem.
845 3212 923 3293 Quis
952 3217 983 3279 in
1013 3236 1048 3280 ea
1077 3236 1131 3299 spe
1156 3216 1275 3281 diceret

132 3324 323 3406 requieuisse
361 3341 485 3387 carnem
523 3341 625 3398 suam,
663 3326 700 3385 ut
736 3340 795 3385 non
835 3322 985 3386 derelicta
1017 3323 1121 3387 anima
1153 3343 1210 3388 sua
1242 3325 1273 3388 in

133 3430 258 3507 inferno,
290 3430 347 3495 sed
380 3429 443 3493 cito
477 3428 516 3493 ad
544 3448 613 3493 eam
641 3428 790 3491 redeunte
818 3428 1041 3505 reuiuesceret,
1070 3449 1108 3493 ne
1137 3449 1274 3495 corrum-

134 3542 262 3619 peretur,
296 3538 382 3601 sicut
414 3534 567 3600 cadauera
601 3534 759 3618 corrumpi
788 3534 901 3612 solent,
932 3536 994 3599 nisi
1022 3535 1075 3617 qui
1105 3536 1272 3601 distentio

215 3726 475 3790 410.13,18;2o
518 3726 590 3779 ilo.
611 3727 636 3788 6,
657 3726 703 3791 70,
725 3726 766 3791 13,
786 3726 819 3779 21
863 3726 899 3779 10
918 3726 966 3779 Mt.
988 3727 1031 3794 25,
1051 3728 1085 3780 35
1129 3728 1273 3782 111b.40

136 3814 165 3867 21
183 3816 224 3870 Pe.
246 3818 383 3886 15,9sq.

169 3940 180 3991 l
199 3938 260 3993 Icus
278 3957 331 3995 om.
351 3960 365 4011 p
434 3941 451 3993 4
470 3955 544 3992 meos
563 3956 614 3993 om.
634 3956 648 3992 e
713 3940 728 3991 7
749 3956 818 3991 uuus
839 3956 869 3993 ex
888 3938 966 3992 uobis
985 3956 1028 3991 me
1047 3938 1138 3993 tradet
1158 3944 1185 3993 et
1204 3957 1272 3994 unus

138 4043 165 4079 ex
182 4028 254 4082 uobis
273 4029 398 4083 diabolus
418 4032 460 4081 est
480 4047 493 4097 ρ
512 4027 620 4090 Domo,
641 4044 671 4080 ex
691 4026 770 4079 uobis
788 4043 832 4081 me
850 4027 942 4081 tradet
960 4044 1029 4081 corr.
1048 4044 1081 4080 m.
1102 4029 1133 4079 in
1151 4044 1237 4097 marp.
1257 4028 1272 4081 b

139 4117 166 4169 ll
185 4115 314 4187 dedistip
375 4119 408 4171 15
428 4120 604 4186 sperauerant
623 4114 652 4170 b²
710 4133 763 4168 non
783 4116 903 4186 sperent]
924 4134 977 4169 non
997 4118 1129 4185 putentd
1187 4118 1219 4170 18
1239 4118 1272 4169 ad

138 4205 221 4257 mortis
238 4206 391 4275 passionem
410 4205 426 4259 d
552 4202 726 4273 arlucum]
746 4203 880 4256 laetatum
900 4220 918 4257 a
1023 4204 1155 4257 exultauit
1175 4208 1202 4257 et
1220 4205 1271 4273 rlq.

139 4292 251 4357 quoniam
271 4294 299 4356 (l.
319 4297 371 4359 23)
392 4294 408 4347 b
482 4294 517 4346 23
536 4292 716 4361 requiescite
779 4293 814 4345 24
833 4308 919 4345 mrem
939 4297 966 4345 ct
985 4292 1037 4360 rlq.
1057 4292 1118 4361 quis
1137 4292 1166 4360 (l.
1187 4294 1237 4361 25)
1257 4293 1272 4345 b

138 4378 325 4452 ininfernu9¹
379 4382 413 4435 27
433 4398 483 4435 nec
502 4380 551 4449 09¹
