3192 4959
330 388 380 441 De
409 389 584 442 ciuitate
612 387 675 443 dei
702 390 768 444 lib.
795 389 911 444 XVIIII.
940 407 1016 461 esp.
1044 393 1069 446 5.
1098 391 1123 446 6.
1240 395 1301 460 381

144 585 320 661 amariore,
344 589 460 668 quanto
484 606 544 670 per
567 587 690 652 deletor
712 587 783 662 fuit,
809 605 889 670 quae
913 606 987 652 uera
1009 590 1122 670 putate
1146 591 1205 663 est,
1230 607 1303 653 cum

144 694 353 759 astutissime
389 693 583 777 fingeretur?
619 695 753 776 Propter
788 693 876 777 quod
914 695 1053 758 omnium
1091 699 1219 776 pectora
1256 695 1303 760 sic

142 799 302 883 adtingit,
325 803 363 865 ut
385 803 480 884 coget
501 799 534 864 in
558 801 725 884 gemitum,
745 800 831 882 quod
855 801 900 864 eit
918 799 1059 865 Tullius:
1083 799 1208 866 ‘Nullae
1227 805 1303 866 sunt

142 907 343 972 occultiores
375 906 508 972 insidiae
541 926 636 990 quom
667 908 737 985 hae,
775 926 855 989 quse
892 908 993 971 latent
1027 907 1059 971 in
1098 908 1301 974 simulatione

108 1013 248 1078 ooffioii
281 1021 338 1078 eut
369 1015 400 1077 iu
435 1013 541 1096 aliquo
573 1013 818 1079 necessitudinis
851 1013 985 1078 nomine.
1018 1011 1100 1078 Nem
1130 1034 1214 1094 eum,
1247 1015 1302 1097 qui

140 1120 254 1202 pelam
281 1124 330 1184 est
353 1119 565 1198 aduersarius,
588 1120 681 1185 focile
705 1118 846 1186 cauendo
871 1120 972 1185 nitere
995 1121 1114 1203 possim
1140 1122 1200 1187 hoc
1225 1141 1299 1186 uero

141 1227 315 1292 oecultum
329 1227 515 1292 intestinum
537 1246 573 1292 ec
593 1227 806 1291 domesticum
825 1227 945 1291 melum
964 1245 1025 1292 non
1046 1227 1149 1294 solum
1165 1229 1300 1308 exsistit,

138 1354 263 1399 nerum
291 1334 388 1399 etiem
416 1333 576 1416 obprimit‚
605 1338 774 1416 antequem
802 1334 982 1416 prospicere
1010 1334 1112 1417 adque
1141 1335 1300 1418 explorare

139 1439 316 1521 potueris?
345 1440 480 1522 Propter
512 1440 596 1522 quod
628 1439 725 1504 etiem
757 1439 866 1503 diuina
893 1459 953 1504 uox
981 1439 1050 1502 illu:
1078 1439 1125 1505 Et
1152 1441 1298 1506 Inimici

96 1565 121 1602 ιο
138 1547 314 1612 hominis
339 1546 543 1612 domestici
566 1546 647 1610 eius
672 1565 746 1610 cum
769 1565 886 1629 magno
907 1546 1013 1611 dolore
1037 1547 1298 1626 commenditus,

138 1655 231 1735 quin,
268 1653 331 1718 etsi
364 1653 500 1736 quisque
526 1657 592 1718 tem
619 1653 711 1718 fortis
741 1653 793 1730 stt,
828 1657 864 1716 ut
892 1671 992 1734 aequo
1021 1653 1125 1718 animo
1150 1655 1295 1736 perferat,

136 1763 194 1826 uel
227 1766 298 1826 tom
326 1761 474 1845 uigilans,
503 1764 540 1825 ut
566 1760 699 1842 prunido
729 1760 861 1825 oonsilio
892 1763 1013 1838 causet,
1038 1780 1119 1842 quse
1143 1761 1296 1826 aduersus

137 1889 219 1934 eum
248 1867 382 1933 molitur
405 1867 546 1931 amicitia
569 1866 728 1944 simulate,
753 1885 863 1931 eorum
890 1871 995 1930 temen
1020 1866 1183 1932 hominum
1207 1867 1298 1951 perfi-

136 1975 260 2042 dorum
284 1975 378 2049 malo,
402 1993 475 2038 oum
500 1993 554 2038 eos
578 1993 648 2040 esse
673 1975 830 2057 pessimos
854 1973 1021 2055 experitur,
1047 1975 1074 2038 si
1100 1974 1169 2058 ipse
1193 1975 1295 2042 bonus

92 2096 118 2136 1⁶
137 2085 201 2160 est,
229 2081 373 2166 maniter
396 2080 593 2145 excrucietur
615 2099 744 2146 necesse
769 2084 828 2158 est,
853 2080 922 2144 sine
942 2099 1066 2163 semper
1083 2081 1159 2146 meli
1177 2082 1296 2147 fuerint

136 2194 172 2255 et
207 2209 246 2254 so
279 2188 379 2252 bonos
411 2186 565 2264 finxerim,
604 2187 674 2252 siue
706 2187 737 2251 in
769 2187 864 2252 istem
898 2186 1053 2251 malitiam
1085 2205 1121 2250 ex
1153 2188 1293 2254 bonitate

134 2295 263 2362 mutati
287 2294 359 2359 sint.
385 2293 419 2358 Si
444 2312 518 2377 ergo
542 2293 667 2372 domus,
691 2313 857 2358 commune
881 2293 1062 2377 perfugium
1080 2294 1113 2357 in
1132 2293 1181 2358 his
1201 2295 1293 2361 mulis

134 2401 279 2468 humani
311 2401 445 2486 generis,
477 2404 549 2467 tuta
584 2420 644 2465 non
683 2405 742 2475 est,
780 2401 856 2482 quid
894 2401 1019 2475 ciuitas,
1058 2419 1137 2483 ques
1176 2405 1292 2484 quanto

133 2511 245 2574 maior
269 2510 328 2586 est,
347 2510 436 2571 tanto
455 2507 559 2571 forum
584 2507 652 2571 eius
671 2506 784 2600 litibus
805 2509 837 2570 et
855 2507 1005 2572 ciuilibus
1025 2509 1058 2572 et
1076 2509 1291 2574 criminalibus

91 2617 283 2699 replemus,
321 2614 446 2680 etiarnsi
483 2613 647 2695 quiescent
687 2630 748 2677 non
786 2615 891 2679 solum
928 2615 1138 2692 turbulentae,
1181 2595 1291 2679 uerum

134 2722 274 2804 saepius
312 2722 344 2784 et
379 2723 527 2784 cruentae
565 2718 737 2784 seditiones
769 2739 806 2785 ee
838 2721 923 2784 belle
955 2721 1072 2796 ciuilis
1106 2740 1124 2785 a
1157 2741 1290 2804 quorum

133 2827 267 2894 enentis
291 2829 367 2890 sunt
384 2824 554 2907 aliquando
574 2825 693 2890 liberae
712 2826 871 2904 ciuitates,
891 2845 909 2890 e
927 2827 1077 2910 periculis
1095 2831 1290 2910 numquam?

606 3037 744 3103 CAPUT
768 3037 820 3102 VI.

130 3182 186 3246 De
219 3199 346 3243 errore
365 3180 610 3243 humanorum
636 3178 878 3259 indictorum,
908 3200 990 3244 cum
1014 3180 1158 3246 uerItes
1181 3182 1236 3246 lat
1263 3186 1286 3247 t.

86 3343 111 3380 se
178 3319 272 3402 Quid
303 3322 373 3404 ipse
400 3321 520 3385 iudicia
547 3321 711 3386 hominum
740 3321 778 3386 de
807 3321 1003 3398 hominibus,
1036 3341 1116 3406 quae
1150 3323 1286 3388 ciuitati·

128 3430 194 3494 bus
234 3428 268 3491 in
299 3427 496 3510 quantolibet
537 3446 614 3510 pace
656 3427 858 3492 manentibus
896 3428 1007 3492 deesse
1045 3448 1105 3492 non
1141 3434 1285 3511 possunt,

129 3535 247 3620 qualia
273 3538 423 3617 putemus
451 3553 533 3608 esse,
562 3553 657 3616 quam
687 3535 812 3610 misere,
843 3555 937 3616 quam
968 3535 1122 3599 dolende?
1152 3533 1284 3613 Quando

128 3641 265 3726 quidem
286 3639 319 3703 hi
337 3639 490 3718 iudicant,
510 3641 562 3722 qui
583 3639 790 3705 conscientias
811 3659 928 3716 eorum,
949 3641 986 3705 de
1002 3642 1118 3724 quibus
1133 3641 1283 3721 iudicent,

128 3767 264 3813 cernere
286 3749 457 3830 nequeunt.
481 3745 572 3811 Unde
596 3766 689 3829 saepe
709 3750 868 3830 coguntur
885 3748 1050 3812 tormentis
1070 3749 1283 3813 innocentium

223 3992 241 4045 3
261 3989 337 4047 verr.
357 3995 410 4047 eet.
429 3992 455 4056 2,
475 3993 500 4053 1,
521 3993 554 4046 15
609 3988 625 4040 9
644 3991 694 4045 Mt.
715 3991 757 4058 10,
776 3993 811 4046 36

165 4117 289 4184 dquam
307 4113 360 4167 hue
379 4130 429 4168 ono.
448 4115 473 4167 e¹
537 4115 702 4184 6possesp
772 4116 956 4170 umerorum
974 4131 1034 4184 nup.
1054 4116 1139 4185 ΠΜ
1211 4116 1280 4187 oum]

127 4221 184 4274 qno
200 4221 225 4272 p
301 4203 334 4257 lo
354 4203 419 4264 eius,
438 4221 474 4257 m.
493 4207 509 4256 1
526 4219 560 4257 ee
578 4204 643 4256 einis
662 4220 740 4269 corn,
757 4221 775 4274 p
848 4206 882 4258 22
902 4205 989 4258 sinte
1061 4205 1095 4258 26
1115 4203 1208 4258 deesse
1226 4221 1281 4260 uon

124 4295 249 4364 possunt
266 4290 296 4344 in
316 4291 487 4361 quantalibet
505 4308 571 4362 pnce
589 4296 708 4346 monent
728 4309 741 4346 e
