3192 4959
311 476 363 528 De
391 476 566 529 ciuitate
594 474 656 529 dei
683 474 748 529 lib.
773 476 874 531 xvffl.
904 494 978 547 cap.
1003 480 1045 533 51.
1075 480 1117 535 52.
1230 483 1294 545 355

140 672 203 736 hoc
237 673 361 753 putant,
394 670 550 753 exquisite
583 673 616 736 et
646 671 809 755 ingeniose
842 671 897 735 illa
925 671 1052 755 singula
1079 673 1129 738 hia
1158 674 1295 757 singulis

139 782 316 861 conparata
346 778 526 861 uideantur,
558 797 619 843 non
650 778 837 862 prophetico
871 779 996 862 spiritu,
1030 780 1086 844 sed
1115 782 1294 847 coniectura

138 886 262 951 mentis
280 884 446 964 humanae,
470 904 552 968 qnae
575 886 744 968 aliqnando
763 885 803 951 ad
821 906 933 951 uerum
952 888 1107 971 peruenit,
1126 887 1294 971 aliquando

138 992 277 1056 fallitur.

107 1118 121 1157 a
186 1096 275 1177 Quid
299 1098 393 1175 enim,
417 1098 472 1181 qni
495 1098 557 1163 hoc
580 1099 733 1175 sentiunt,
763 1098 880 1163 dicturi
904 1102 981 1163 sunt
1004 1100 1042 1163 de
1064 1103 1295 1183 persecutione,

139 1224 203 1288 qua
237 1205 308 1287 ipse
335 1204 492 1271 Dominus
524 1205 692 1270 crucifixus
720 1209 791 1269 est?
820 1206 851 1269 in
876 1224 938 1287 quo
963 1224 1033 1270 eam
1056 1226 1186 1273 numero
1210 1211 1295 1291 posi-

137 1312 226 1375 turi?
262 1310 297 1375 Si
330 1314 436 1376 autem
469 1312 528 1377 hac
562 1316 690 1397 excepta
722 1315 905 1379 existimant
937 1314 1182 1399 conputandum,
1216 1320 1295 1381 tam-

137 1438 237 1500 quam
269 1419 343 1483 illae
375 1420 585 1484 numerandae
619 1421 693 1497 siut,
721 1441 802 1503 quae
831 1421 870 1486 ad
898 1440 1013 1505 corpus
1037 1422 1204 1505 pertinent,
1232 1442 1293 1487 non

135 1546 202 1609 qua
236 1526 346 1609 ipsum
374 1532 470 1609 caput
498 1531 548 1592 est
575 1528 752 1609 adpetitum
782 1532 814 1593 et
842 1528 999 1595 occisum:
1033 1528 1108 1610 quid
1137 1532 1233 1613 agent
1256 1529 1294 1593 de

94 1654 119 1688 ιο
137 1634 206 1699 illa.
238 1652 330 1713 quiae,
354 1637 467 1716 postea
490 1654 586 1717 quam
610 1635 756 1700 Christus
782 1634 948 1699 adscendit
969 1637 1001 1699 in
1026 1638 1159 1708 caelum,
1184 1635 1295 1700 Hiero·

137 1740 278 1823 solymis
310 1740 394 1804 facta
426 1744 485 1815 est,
519 1741 575 1806 ubi
606 1741 720 1807 beatus
754 1742 933 1823 Stephanus
961 1742 1122 1825 lapidatus
1151 1745 1209 1819 est,
1239 1742 1294 1807 ubi

136 1848 279 1912 Iacobus
303 1848 401 1911 frater
418 1848 567 1914 Iohannis
587 1849 693 1933 gladio
712 1849 903 1925 trucidatus,
923 1848 978 1912 ubi
998 1848 1161 1931 apostolus
1180 1848 1293 1913 Petrus

136 1957 175 2017 ut
204 1954 406 2019 occideretur
431 1956 577 2019 inclusus
606 1958 640 2019 et
663 1976 718 2037 per
747 1956 896 2040 angelum
919 1955 1084 2035 liberatus,
1112 1955 1169 2019 ubi
1191 1955 1295 2038 fugati

136 2060 244 2142 adque
270 2060 406 2142 dispersi
425 2060 464 2125 de
483 2062 714 2145 Hierosolymis
738 2063 863 2139 fratrea,
888 2062 942 2125 ubi
962 2061 1088 2139 Saulus,
1110 2063 1163 2145 qui
1182 2064 1295 2143 postea

91 2184 117 2222 ¹⁵
136 2167 263 2232 Paulus
298 2168 462 2249 apostolus
495 2168 599 2233 factus
633 2172 692 2246 est,
729 2168 879 2233 uastabat
916 2168 1095 2245 ecclesiam,
1134 2168 1189 2232 ubi
1224 2168 1293 2251 ipse

135 2292 270 2356 quoque
298 2274 361 2338 iam
385 2274 491 2351 fidem,
520 2294 616 2357 quam
643 2274 902 2357 persequebatur,
932 2273 1163 2357 euangelicam,
1189 2275 1294 2356 qualia

133 2380 288 2457 faciebat,
318 2382 366 2445 est
394 2400 520 2463 passus,
549 2382 619 2445 siue
641 2401 698 2464 per
718 2380 870 2445 Iudaeam
899 2381 967 2445 siue
991 2398 1046 2461 per
1070 2380 1147 2443 alias
1173 2384 1292 2463 gentes,

134 2507 344 2570 quacumque
373 2488 535 2555 Christum
563 2489 820 2554 lementissimus
848 2488 1072 2572 praedicabat?
1102 2487 1190 2568 Quor
1217 2504 1291 2569 ergo

133 2596 181 2660 eis
218 2616 239 2659 a
269 2595 395 2661 Nerone
427 2596 556 2661 uidetur
588 2596 784 2671 ordiendum,
819 2614 891 2660 cum
920 2595 959 2659 ad
986 2594 1121 2659 Neronis
1150 2600 1293 2677 tempora

87 2717 113 2754 ¹⁰
131 2702 220 2766 inter
245 2703 463 2767 atrocissimas
488 2704 736 2785 persecutiones,
761 2702 799 2766 de
824 2702 940 2785 quibus
969 2702 1063 2765 nimis
1086 2702 1219 2785 longum
1244 2704 1294 2763 est

131 2812 255 2873 cuncta
284 2808 397 2885 dicere,
428 2810 562 2874 ecclesia
587 2810 755 2875 crescendo
779 2809 979 2891 peruenerit?
1005 2806 1147 2889 Quodsi
1172 2826 1190 2871 a
1212 2806 1293 2889 regi-

130 2914 194 2979 bus
227 2915 330 2979 sactas
362 2917 599 2998 persecutiones
631 2916 663 2981 in
696 2935 827 2981 numero
857 2916 1037 2981 existimant
1065 2933 1135 2979 esse
1164 2912 1291 2977 dehere:

128 3039 183 3084 rex
215 3022 281 3085 fuit
304 3022 458 3099 Herodes,
483 3023 537 3105 qui
562 3024 657 3087 etiam
681 3026 755 3105 post
777 3023 966 3087 adscensum
989 3021 1117 3086 Domini
1142 3018 1292 3104 grauissi-

129 3146 221 3191 mam
250 3128 337 3192 fecit.
367 3129 489 3195 Deinde
517 3129 593 3213 quid
620 3130 811 3213 respondent
839 3130 934 3194 etiam
968 3129 1005 3193 de
1033 3128 1166 3203 Iuliano,
1196 3144 1290 3208 quem

83 3250 111 3288 ²⁵
129 3252 195 3298 non
232 3240 401 3300 numerant
429 3237 460 3302 in
490 3238 621 3302 decem?
653 3240 700 3301 An
728 3237 798 3319 ipse
828 3237 962 3301 nonest
991 3234 1157 3299 ecclesiam
1185 3251 1291 3315 perse·

130 3344 243 3417 cutus,
279 3342 334 3423 qui
367 3342 563 3409 Christianos
603 3344 749 3408 liberales
786 3344 911 3407 litteras
950 3343 1060 3407 docere
1098 3358 1134 3405 ec
1171 3339 1291 3403 discere

129 3448 266 3511 uetuit?
295 3448 361 3513 Sub
390 3470 451 3533 quo
481 3450 721 3515 Valentinianus
749 3450 859 3527 maior,
889 3448 943 3531 qui
972 3450 1047 3531 post
1078 3465 1150 3511 eum
1174 3444 1288 3508 tertius

127 3552 310 3635 imperator
340 3556 413 3635 luit,
445 3556 519 3622 fidei
548 3556 744 3623 Christianae
772 3556 937 3620 confessor
964 3554 1086 3618 exstitit
1112 3550 1289 3632 milltiaque

128 3660 284 3742 priuatus
312 3667 376 3737 est;
407 3666 445 3728 ut
473 3664 620 3730 omittam
650 3684 729 3747 quae
758 3666 835 3747 aput
858 3662 1062 3727 Antiochiam
1092 3660 1195 3725 facere
1220 3676 1289 3721 coe-

82 3783 111 3821 oo
128 3776 236 3849 perat,
269 3770 332 3835 nisi
363 3771 459 3836 nnius
491 3770 670 3835 fidelissimi
702 3774 734 3835 et
771 3768 1024 3836 constantissimi
1061 3766 1195 3839 iuuenis,
1235 3764 1289 3846 qui

165 4087 282 4156 aquia.
300 4087 332 4139 in
349 4103 435 4157 marp.
456 4102 550 4154 quac
613 4084 854 4138 mulctarentur
917 4085 949 4136 11
971 4086 1013 4136 est
1031 4080 1106 4143 tolie,
1126 4078 1196 4133 talia
1212 4080 1287 4131 nn.2

126 4177 161 4231 in
178 4178 240 4245 fine
258 4192 396 4241 monac
469 4175 502 4229 18
522 4185 718 4244 quaquuquec
803 4174 835 4228 21
859 4176 955 4227 cuncta
973 4188 1034 4239 sup.
1054 4170 1102 4223 la'n.
1124 4185 1142 4221 c
1228 4182 1283 4219 cre·

128 4264 236 4321 scendo
255 4270 336 4319 alra
354 4265 403 4318 lin.
425 4281 444 4317 a
564 4264 599 4317 24
618 4264 701 4317 etiam
719 4262 889 4330 septima
1010 4260 1043 4312 25
1064 4274 1098 4312 nn
1117 4273 1171 4311 non
1190 4255 1287 4325 ipsep

125 4386 157 4437 ct
176 4382 274 4452 ipsse
331 4380 365 4434 27
384 4344 516 4442 metuite
570 4378 605 4433 28
623 4379 689 4448 quie
706 4376 804 4432 fidele
875 4377 983 4443 militie,
1003 4376 1102 4428 omisso
1122 4387 1217 4443 que,e

1178 4476 1229 4531 23*
