3192 4959
356 494 408 546 De
436 492 610 547 ciuitate
639 491 701 546 dei
723 490 789 548 lib.
814 491 884 545 XXI.
910 507 986 561 cap.
1005 491 1029 545 3.
1049 491 1076 546 4.
1226 491 1290 556 517

140 692 284 774 cogunt?
311 689 382 754 Non
408 692 458 754 eat
479 687 580 773 igitur
601 688 816 753 necessarium
841 688 966 750 futurae
989 685 1101 750 mortis
1126 703 1290 768 argumen-

141 803 211 861 tum
237 797 335 861 dolor.

600 986 736 1052 CAPUT
759 987 833 1051 IIII.

141 1133 193 1197 De
216 1131 460 1196 naturalibus
485 1130 676 1212 exemplis,
702 1148 857 1212 quorum
879 1127 1135 1193 consideratio
1157 1126 1291 1191 doceat

111 1248 257 1321 eposse
294 1238 394 1303 inter
430 1237 623 1302 cruciatus
661 1235 834 1300 uiuentie
871 1253 1026 1317 corpora
1062 1251 1288 1315 permanere.

186 1396 386 1480 Quapropter
409 1397 446 1474 si,
470 1399 507 1460 ut
531 1396 727 1478 seripserunt
750 1396 805 1476 qni
828 1398 957 1459 naturas
981 1393 1164 1458 animalium
1190 1391 1290 1457 cumo-

141 1507 209 1571 sius
232 1505 433 1588 indagarunt,
458 1503 656 1568 salamandra
677 1503 710 1567 in
733 1503 863 1586 ignibus
887 1503 972 1567 uitrit
995 1505 1027 1566 et
1046 1499 1174 1582 quidam
1192 1499 1289 1563 notis-

140 1614 214 1677 simi
238 1611 366 1677 Siciliae
390 1614 525 1688 montes,
551 1610 606 1692 qui
628 1613 718 1674 tanta
740 1610 893 1692 temporis
918 1608 1125 1673 diuturnitate
1145 1626 1180 1671 ao
1199 1611 1289 1670 uetu-

141 1724 223 1784 state
248 1738 349 1800 usque
373 1736 456 1781 nune
480 1736 516 1781 ac
539 1717 687 1799 deinceps
715 1717 852 1781 flammis
877 1719 1024 1780 aestuant
1051 1716 1152 1798 adque
1175 1715 1290 1800 integri

97 1827 355 1910 1⁰pcrsenerant,
388 1825 466 1888 satis
494 1823 598 1888 idonei
625 1826 725 1887 testes
754 1826 830 1887 aunt
857 1842 918 1888 non
947 1842 1049 1900 omne,
1083 1823 1167 1905 quod
1191 1821 1288 1901 ardet,

141 1933 268 2002 absumi
290 1935 323 1995 et
346 1931 450 1994 anima
472 1930 592 1994 indicat
615 1949 677 1994 non
702 1949 804 2007 omne,
829 1930 913 2012 quod
933 1930 1038 1994 dolere
1057 1934 1174 2013 potest,
1193 1949 1289 2012 posse

140 2041 237 2103 etiam
271 2038 366 2102 mori:
400 2038 476 2120 quid
508 2036 612 2102 adhuc
641 2036 777 2100 anobis
805 2056 909 2100 rerum
933 2041 1109 2120 poscuntur
1137 2039 1288 2119 exempla,

141 2145 258 2227 quibus
292 2143 462 2208 doceamus
490 2162 551 2207 non
580 2162 650 2207 esse
679 2143 875 2223 incredibile,
908 2147 944 2207 ut
972 2144 1136 2208 homiuum
1160 2163 1290 2226 corpora

140 2251 333 2333 sempiterno
358 2250 515 2332 supplicio
533 2249 718 2332 punitorum
748 2254 779 2313 et
802 2250 832 2313 in
857 2249 929 2332 igne
953 2251 1089 2314 animam
1114 2271 1174 2315 uon
1198 2251 1289 2316 amit-

95 2373 122 2411 1⁵
140 2362 210 2422 tant
246 2361 278 2422 et
315 2358 381 2420 sine
420 2357 608 2421 detrimento
646 2357 775 2421 ardeant
813 2359 844 2420 at
877 2358 944 2421 sine
976 2357 1106 2422 interitu
1142 2358 1289 2423 doleant?

140 2465 281 2527 Habebit
305 2464 387 2527 enim
410 2468 487 2527 tunc
509 2463 605 2528 istam
630 2463 733 2528 carnis
758 2463 939 2528 substantia
961 2465 1148 2546 qualitatem
1172 2465 1209 2529 ab
1233 2465 1289 2530 illo

140 2572 285 2647 inditam,
312 2571 366 2652 qui
390 2574 455 2633 tam
478 2571 575 2634 miras
599 2574 631 2633 et
654 2571 758 2634 uarias
779 2574 827 2635 tot
845 2572 941 2636 rebus
960 2571 1083 2648 indidit,
1105 2592 1183 2655 quas
1202 2573 1288 2646 uide-

140 2698 223 2754 mns,
249 2680 286 2740 ut
309 2697 372 2754 eas,
398 2677 472 2758 qnia
494 2676 614 2740 multae
639 2679 722 2754 sunt,
748 2696 807 2741 non
831 2677 991 2744 miramur.
1017 2675 1096 2756 Quis
1121 2678 1203 2743 enim
1227 2679 1289 2744 nisi

138 2786 228 2849 Dens
253 2788 375 2848 creator
399 2784 538 2849 omnium
563 2783 651 2848 dedit
674 2784 759 2848 carni
782 2785 917 2866 pauonis
941 2785 1120 2850 mortuina
1144 2789 1288 2867 putesce-

87 2908 116 2946 ro
138 2895 207 2956 ret?
232 2891 326 2971 Quod
350 2909 422 2953 cum
447 2890 591 2954 auditum
615 2890 800 2954 incredibile
823 2891 996 2970 uideretur,
1022 2893 1129 2956 euenit
1152 2897 1188 2957 ut
1212 2896 1289 2975 aput

139 2998 364 3081 Carthaginem
400 2997 492 3061 nobis
531 3001 621 3061 cocta
657 2997 866 3080 adponeretur
898 2999 976 3063 haec
1009 3000 1088 3073 anis,
1126 2999 1164 3065 de
1198 3001 1287 3064 ouirrs

135 3110 267 3187 pectore
302 3105 483 3186 pulparum,
521 3107 675 3184 quantum
711 3103 819 3168 uisum
856 3109 915 3183 est,
954 3105 1136 3190 decerptum
1170 3109 1288 3172 seruari

131 3211 308 3286 iussimus;
348 3209 433 3292 qnod
463 3213 538 3293 post
570 3210 690 3275 dierum
725 3214 850 3276 tantum
889 3214 1042 3295 spatium,
1077 3218 1193 3297 quanto
1227 3215 1288 3280 alia

134 3335 210 3381 caro
240 3335 459 3398 quaecumque
487 3319 578 3380 cocta
603 3321 794 3399 putesceret,
824 3319 983 3400 prolatum
1011 3321 1113 3402 adque
1146 3322 1288 3386 oblatum

79 3444 111 3484 aa
132 3424 238 3488 nihilo
275 3427 420 3487 nostrum
457 3423 588 3488 offendit
620 3425 782 3488 olfactum.
821 3426 966 3508 Itemque
1003 3428 1177 3510 repositum
1214 3431 1289 3510 post

133 3531 207 3594 dies
241 3530 379 3611 amplios
413 3549 507 3612 quam
540 3531 670 3613 triginta
701 3532 786 3595 idem
819 3532 903 3614 qnod
937 3536 1002 3596 erat
1033 3534 1199 3598 inuentum
1228 3539 1286 3611 est,

130 3638 286 3719 idemque
314 3641 388 3720 post
416 3658 541 3713 aunum,
571 3639 631 3702 nisi
660 3639 744 3720 quod
768 3641 966 3722 aliquantum
991 3641 1204 3722 corpulentiae
1229 3642 1286 3706 sic-

129 3745 233 3809 cioris
267 3749 299 3808 et
328 3745 547 3809 contractioris
575 3745 647 3808 fuit.
682 3745 759 3824 Quis
789 3748 897 3828 paleae
922 3746 1008 3811 dedit
1035 3749 1088 3811 uel
1112 3751 1177 3811 tarn
1201 3747 1287 3832 frigi-

176 3953 296 4020 ligitnr
315 3953 449 4022 abepp5
467 3969 532 4022 ergo
550 3969 566 4006 o
584 3953 683 4007 Dorub.
752 3957 769 4008 6
788 3955 812 4007 si
832 3958 862 4008 nt
882 3972 935 4024 po;
954 3956 1006 4008 sibi
1022 3973 1054 4024 p,·
1073 3957 1144 4008 sicut
1164 3956 1288 4024 obepa

125 4044 147 4096 8
173 4040 355 4094 diuturnitate
375 4043 505 4110 temporis
525 4046 641 4110 atqueo
756 4045 772 4096 9
792 4061 823 4096 ac
843 4043 968 4112 deinceps
989 4045 1094 4112 bcqp;
1113 4048 1140 4098 et
1160 4044 1286 4114 deinceps

124 4149 145 4186 v
169 4129 271 4183 Domb.
347 4132 497 4196 exestuant,
515 4147 549 4187 aa.
570 4131 637 4184 2iu
655 4148 755 4194 r·ae.,e
821 4133 852 4184 14
873 4133 900 4184 in
919 4135 982 4200 igne
1003 4149 1133 4200 neppam·
1151 4133 1179 4184 in
1199 4134 1285 4186 orrab

122 4218 237 4276 Domb.
311 4220 344 4272 17
365 4218 413 4271 scd
431 4235 486 4271 aar.
508 4219 523 4272 b
597 4221 630 4273 19
649 4226 674 4272 et
693 4222 727 4272 ‘24
746 4222 901 4288 putesceret
920 4221 969 4288 ep¹
988 4221 1101 4287 Dorab.;
1120 4224 1287 4290 putresceret

122 4307 272 4376 abp²po
347 4307 969 4377 adeodatumbepmaudituoppllouo.
1047 4311 1081 4363 25
1102 4309 1187 4364 nihilo
1207 4326 1287 4380 69]),-

121 4397 242 4454 nihilo
296 4397 330 4450 28
350 4401 398 4450 aut
416 4398 475 4466 quia
493 4414 511 4465 p
582 4398 626 4450 uel
645 4414 695 4450 om.
710 4415 732 4466 p
