3192 4959
316 472 379 534 532
667 469 693 520 S.
722 466 880 520 Aurelii
910 465 1124 534 Augustini

314 663 382 727 Deo
414 662 585 744 petiuisset
612 661 663 725 uir
686 664 815 725 sanetus
839 663 930 726 Iesus
954 661 1054 738 Neue,
1081 662 1178 727 donee
1204 665 1353 744 coeptum
1373 679 1442 743 proe-

313 768 394 833 lium
423 769 558 832 uietoria
584 768 778 844 terminaret,
814 772 845 831 et
871 771 1044 832 retrorsum
1072 769 1202 845 redisse,
1231 771 1269 832 ut
1296 768 1362 852 regi
1385 767 1443 830 ilre-

315 873 404 938 ehiae
429 872 610 955 quindecim
633 875 707 937 anni
730 873 768 936 ad
792 872 965 936 uiuendum
991 873 1090 936 additi
1115 874 1174 938 hoe
1199 875 1295 938 etiam
1319 873 1443 957 prodigio

314 980 518 1064 promissioni
555 979 616 1042 Dei
654 979 907 1063 significarentur
943 978 1103 1045 adiuncto.
1129 979 1202 1045 'Sed
1238 981 1302 1044 ista
1340 999 1445 1062 quoque

314 1087 479 1167 miracula,
509 1105 589 1167 quee
613 1086 735 1149 meritis
759 1088 835 1150 sunt
859 1104 1009 1150 concessa
1033 1089 1223 1164 sanctorum,
1253 1087 1375 1169 quando
1397 1105 1445 1149 ere·
1469 1108 1478 1145 s

316 1193 397 1257 dunt
418 1194 474 1257 isti
497 1194 592 1268 faeta,
615 1193 748 1273 magieis
772 1192 893 1256 artibus
913 1193 1068 1256 tribuunt.
1090 1193 1178 1258 Unde
1197 1193 1278 1258 illud
1299 1198 1356 1272 est,
1379 1191 1447 1274 quod

315 1301 462 1382 superius
486 1299 732 1363 commemoraui
757 1298 873 1362 dixisse
898 1298 1089 1383 Vergilium:

508 1444 615 1502 Sistere
638 1461 743 1518 aquom
766 1444 863 1502 duuiis
888 1447 917 1502 et
939 1447 1051 1502 uertere
1076 1445 1173 1503 sidera
1195 1446 1283 1502 retro.

315 1582 398 1645 Nem
431 1586 463 1645 et
493 1581 628 1644 fluuium
662 1581 791 1644 stetisse
820 1581 967 1663 superius
994 1581 1189 1662 inferiusque
1217 1580 1358 1659 fluxisse,
1388 1599 1447 1644 euru

316 1691 455 1773 populns
475 1690 533 1753 Dei
553 1690 683 1753 duetore
702 1708 797 1770 supra
816 1693 989 1752 memorato
1009 1689 1082 1752 lesu
1102 1687 1192 1751 Naue
1208 1689 1295 1752 uiam
1315 1696 1448 1770 carperet,
1463 1712 1481 1750 u

316 1802 349 1861 et
381 1797 475 1861 Helie
501 1797 657 1878 prophete
684 1797 867 1859 transeunte
896 1814 932 1858 ae
959 1798 1071 1876 postea
1099 1794 1257 1876 discipulo
1286 1794 1355 1859 eius
1375 1793 1448 1858 Heli·

316 1922 390 1968 saeo
414 1903 446 1966 id
471 1922 540 1966 esse
564 1903 684 1966 factum
709 1902 739 1964 in
761 1901 859 1965 saeris
878 1900 994 1964 litteris
1013 1901 1162 1984 legimus,
1183 1903 1215 1965 et
1233 1906 1318 1966 retro
1338 1919 1449 1965 uersum

316 2010 416 2074 luisse
439 2009 612 2072 marimum
636 2007 725 2072 sidus
748 2011 900 2090 regnante
923 2006 1058 2071 Ezechiae
1088 2007 1182 2072 modo
1206 2007 1449 2072 commemoraui-

315 2136 397 2180 mus.
437 2115 528 2196 Quod
560 2134 635 2178 uero
669 2117 706 2177 de
738 2113 885 2177 Lucifero
918 2112 1016 2177 Varro
1050 2114 1190 2198 scripsit,
1227 2133 1290 2179 non
1323 2114 1450 2180 estillic

317 2223 438 2287 dietum
462 2222 557 2285 alieui
582 2221 702 2303 petenti
726 2219 847 2284 homini
870 2219 901 2283 id
925 2219 1025 2284 fuisse
1050 2239 1248 2287 eoncessum.
1466 2243 1483 2281 n

360 2329 431 2393 Non
461 2347 535 2411 ergo
564 2326 602 2390 de
632 2326 745 2390 notitia
768 2331 950 2390 naturarum
979 2325 1147 2408 caliginem
1171 2327 1233 2390 sibi
1256 2327 1374 2392 facient
1394 2327 1450 2390 infi-

317 2434 415 2510 deles,
454 2434 546 2516 quesi
582 2452 643 2497 nou
675 2433 779 2514 possit
812 2433 842 2496 in
876 2433 982 2514 alique
1013 2451 1046 2496 re
1080 2431 1236 2497 diuinitus
1269 2433 1334 2498 fieri
1367 2433 1449 2506 aliud,

316 2541 468 2623 quamdiu
493 2541 561 2604 eius
585 2544 697 2603 natura
720 2560 776 2621 per
795 2540 964 2602 humanam
990 2558 1080 2602 suem
1105 2543 1329 2622 experientiam
1352 2558 1451 2623 eogno-

316 2654 446 2724 ueruut;
472 2647 618 2730 quamuis
643 2649 675 2711 et
697 2646 777 2728 ipsa,
804 2645 938 2728 quaein
962 2665 1069 2709 rerum
1093 2653 1204 2710 natura
1224 2648 1370 2712 omnibus
1388 2651 1451 2709 note

316 2759 402 2832 sunt,
436 2773 497 2819 nou
530 2753 635 2817 minus
667 2753 748 2817 mire
775 2753 849 2828 siut,
883 2758 1052 2834 essentque
1081 2753 1238 2835 stupenda
1270 2753 1485 2818 consideran-s

315 2861 404 2925 tibus
437 2861 570 2937 eunetis,
605 2860 641 2935 si,
666 2859 804 2922 solerent
836 2858 980 2922 homines
1022 2858 1129 2922 miruri
1170 2859 1250 2924 mira
1292 2859 1352 2924 nisi
1384 2877 1450 2922 rare.

317 2966 398 3046 Quis
426 2966 508 3029 enim
537 2966 684 3030 consulta
711 2965 832 3029 ratione
860 2983 920 3029 non
945 2964 1053 3028 uideat
1076 2965 1108 3027 in
1136 2963 1302 3031 hominum
1325 2967 1450 3031 innume·

316 3072 410 3135 rabili
437 3071 664 3135 numerositate
693 3076 726 3134 et
748 3075 836 3134 tanta
859 3075 990 3134 naturae
1019 3070 1230 3136 similitudine
1259 3073 1350 3136 ualde
1371 3072 1452 3136 mire-

317 3179 424 3242 biliter
456 3177 503 3241 sio
529 3177 644 3241 habere
673 3177 818 3260 singulos
848 3177 990 3260 singulas
1018 3177 1127 3253 facies,
1162 3181 1199 3240 ut
1226 3179 1290 3242 nisi
1318 3179 1394 3242 inter
1423 3193 1452 3236 se

317 3284 439 3350 similes
464 3287 581 3360 essent,
605 3303 665 3349 nou
692 3283 922 3348 discerneretur
946 3283 1069 3365 speeies
1089 3303 1196 3348 eorum
1218 3286 1256 3349 ab
1277 3283 1451 3349 animalibus
1467 3304 1487 3342 s

319 3391 447 3467 ceteris;
473 3393 505 3455 et
527 3410 637 3455 rursus
661 3390 829 3456 nisiinter
853 3409 886 3454 se
915 3390 1088 3455 dissimiles
1118 3395 1236 3470 essent,
1265 3412 1323 3456 nou
1347 3390 1451 3454 discer-

317 3502 466 3562 nerentur
499 3498 617 3581 singuli
654 3499 691 3563 ab
725 3497 908 3562 hominibus
942 3497 1077 3563 ceteris?
1111 3496 1198 3576 Quos
1233 3517 1307 3583 ergo
1343 3495 1452 3561 similes

316 3603 515 3682 eonfitemur,
549 3603 677 3668 eosdem
705 3603 878 3668 dissimiles
911 3604 1099 3670 inserimus,
1129 3603 1190 3668 Sed
1219 3605 1390 3669 mirabilior
1410 3605 1452 3664 est

407 3794 613 3856 2Esdi.38‚8
667 3794 770 3848 Sdeu.
790 3793 856 3860 llll,
873 3794 926 3848 489
1001 3795 1150 3860 Milesi,
1171 3793 1204 3848 18
1262 3789 1452 3864 llReg.llll.

319 3886 345 3946 2,
364 3883 394 3946 8;
416 3885 449 3936 14

354 4007 626 4060 rumunnense
672 4007 849 4060 saeuiunt
895 4007 1116 4076 tpromissionis
1130 4023 1152 4075 p
1199 4005 1454 4070 tisseriusomisso

318 4111 412 4162 quse
467 4096 497 4146 ll
520 4093 611 4162 Helie]
630 4094 719 4148 aliod
772 4097 805 4148 12
823 4093 931 4147 idernb
985 4097 1016 4149 15
1035 4095 1139 4148 homini
1157 4096 1298 4164 petentis
1350 4095 1381 4148 16
1397 4089 1454 4145 Neu

319 4182 405 4235 unet
482 4183 692 4252 sacientsibip
765 4184 798 4236 17
819 4183 920 4236 eliasb
996 4183 1028 4236 le
1047 4183 1207 4236 usturamb
1282 4184 1453 4254 cognorerunt

316 4271 405 4324 emb
469 4271 504 4323 20
524 4272 588 4340 sint]
609 4273 702 4324 esset
775 4273 807 4324 21
831 4273 920 4325 cunuti
939 4272 1058 4324 solerent
1077 4271 1092 4324 t
1164 4273 1199 4325 25
1219 4271 1456 4332 discemerentura

318 4361 353 4412 26
373 4363 402 4411 et
423 4375 514 4411 mrsus
536 4375 620 4427 reoque
645 4361 683 4412 ud
702 4362 798 4414 ceteris
818 4377 868 4414 orn.
885 4377 904 4430 g
1012 4377 1102 4414 rursus
1121 4361 1228 4429 bepo,·
1246 4378 1346 4415 rursum
1363 4353 1453 4412 Dant.
