3192 4959
321 440 386 503 482
664 438 691 496 S.
718 437 878 492 Aurelii
905 439 1123 508 Augustini

319 634 457 697 cultores
495 651 570 697 suos
607 653 625 696 a
655 633 904 698 contemtoribus
942 635 1031 698 suis?
1069 635 1116 698 De
1154 634 1270 718 quibus
1303 632 1450 717 sequentia

318 743 501 802 conterens:
526 739 571 803 Et
594 739 899 818 comminabitur,
923 739 1036 822 inquit.
1062 740 1359 815 contumacibus,
1382 740 1448 804 siue.

317 847 355 908 ut
382 846 427 909 ait
453 845 535 908 alius
562 845 727 927 interpres,
754 845 975 912 incredulis.
1007 846 1075 910 Nec
1102 849 1179 910 tuuc
1211 845 1448 911 comminabitur.

317 952 375 1015 sed
398 971 478 1033 quae
500 971 585 1017 nunc
604 952 752 1016 dicuntur
770 952 946 1030 minaciter,
965 957 1041 1017 tunc
1060 952 1233 1017 efficaciter
1250 952 1447 1034 inplebuntur.
1542 945 1543 1008 i

316 1059 410 1124 licce
435 1060 531 1124 enim
556 1059 746 1134 Dominus,
770 1058 884 1140 inquit,
908 1063 950 1123 ut
973 1058 1073 1143 ignis
1096 1059 1228 1124 ueniet
1250 1063 1286 1123 et
1309 1062 1349 1123 ut
1370 1061 1446 1122 tem·
1470 1081 1480 1119 a

315 1169 446 1248 pestes
478 1183 610 1228 currus
644 1163 736 1241 eius,
769 1164 924 1228 reddere
956 1165 993 1228 in
1026 1164 1289 1248 indignatione
1321 1164 1446 1230 uindic-

314 1273 390 1334 tam
423 1274 459 1335 et
490 1272 744 1335 uastationem
777 1272 813 1335 in
842 1271 993 1334 flamma
1020 1271 1131 1356 ignis.
1174 1271 1213 1336 Ιη
1246 1270 1331 1355 igne
1364 1271 1445 1336 enim

313 1377 466 1441 Domini
502 1377 738 1442 iudicabitur
774 1378 893 1442 omnis
932 1380 1032 1442 terra
1069 1381 1105 1442 et
1141 1377 1177 1442 in
1216 1377 1340 1461 gladio
1375 1378 1444 1441 eius

314 1484 433 1549 omnis
471 1503 570 1561 caro;
607 1483 720 1548 multi
756 1485 951 1548 uulnerati
984 1488 1092 1549 erunt
1127 1505 1144 1548 a
1177 1484 1344 1550 Domino.
1380 1483 1444 1549 Siue

311 1590 397 1674 igue,
423 1591 492 1654 siue
515 1593 716 1672 tempestate,
746 1590 816 1654 siue
849 1589 955 1673 gladio
984 1609 1117 1673 poenam
1144 1590 1255 1655 iudicii
1287 1590 1442 1675 significat:
1458 1615 1477 1652 o

312 1696 437 1779 quaudo
466 1695 594 1778 quidem
617 1696 723 1778 ipsum
747 1697 919 1760 Dominum
945 1697 1035 1780 quasi
1058 1696 1163 1780 ignem
1188 1697 1268 1761 dicit·
1290 1717 1356 1762 esse
1377 1715 1443 1759 uen-

309 1807 427 1881 turum,
452 1803 498 1867 eis
521 1803 661 1884 protecto
681 1803 797 1884 quibus
822 1803 963 1884 poenalis
983 1804 1043 1868 erit
1061 1804 1130 1868 eius
1150 1803 1318 1868 aduentus.
1337 1803 1441 1868 Currus

309 1929 384 1975 uero
413 1911 482 1976 eius
510 1908 597 1995 (nam
620 1909 786 1991 pluraliter
809 1909 887 1974 dicti
915 1911 1002 1992 sunt)
1027 1910 1170 1994 angelica
1197 1910 1368 1975 ministeria
1389 1927 1440 1973 uon

307 2015 563 2081 incouuenienter
590 2015 775 2096 accipimus.
805 2015 897 2095 Quod
925 2019 1032 2080 autem
1060 2016 1105 2080 ait
1132 2036 1258 2080 omnem
1284 2020 1392 2080 terram
1415 2019 1440 2076 et

308 2141 432 2186 omnem
466 2142 593 2187 carnem
625 2122 656 2186 in
690 2123 758 2188 eius
790 2123 864 2206 igne
898 2127 930 2188 et
960 2122 1065 2207 gladio
1098 2121 1242 2200 iudicari,
1271 2143 1329 2188 uon
1355 2121 1474 2185 etiamn

306 2228 358 2292 bic
395 2228 556 2311 spiritales
591 2228 818 2312 intellegamus
855 2231 887 2292 et
919 2231 1057 2305 sanctos,
1095 2228 1151 2292 sed
1182 2233 1320 2293 terrenos
1351 2227 1439 2308 adque

306 2334 456 2412 carnales,
481 2335 519 2398 de
544 2335 691 2417 qualibus
716 2335 838 2399 dictum
863 2337 925 2399 est:
951 2332 1020 2412 Qui
1044 2338 1192 2399 terrena
1216 2334 1376 2418 sapiunt.
1398 2338 1437 2395 et:

306 2438 443 2522 Sapere
477 2441 682 2505 secuudum
714 2460 862 2506 caruem
895 2460 992 2506 mors
1022 2444 1092 2514 est;
1127 2445 1160 2505 et
1186 2443 1297 2523 quales
1325 2438 1435 2504 omniuo

305 2565 376 2612 caro
414 2547 615 2629 appellantur
650 2567 669 2610 a
704 2547 852 2624 Domino,
889 2548 945 2612 ubi
984 2547 1074 2612 dicit:
1108 2546 1186 2612 Non
1220 2543 1436 2629 permanebit

304 2654 466 2736 spiritus
489 2673 593 2718 meus
617 2653 653 2717 in
677 2654 894 2718 homiuibus
919 2654 1021 2730 istis,
1046 2653 1218 2736 quoniam
1246 2671 1326 2718 caro
1351 2653 1432 2716 sunt.
1448 2675 1468 2714 aa

303 2756 508 2836 Quod-uero
546 2759 599 2824 bic
635 2761 777 2842 positum
814 2764 877 2826 est:
916 2761 1031 2826 Multi
1068 2760 1260 2824 uulnerati
1292 2762 1432 2823 erunta

302 2865 469 2944 Domino,
501 2867 563 2931 isto
592 2868 647 2932 fist
674 2869 806 2932 uulnere
834 2887 919 2932 mors
949 2868 1098 2933 secunde.
1131 2868 1243 2932 Potest
1266 2865 1386 2949 quidem
1406 2871 1431 2926 et

300 2971 385 3055 ignis
419 2977 451 3036 et
483 2973 610 3056 gladius
643 2976 675 3036 et
706 2975 824 3038 uulnus
858 2975 959 3057 accipi
991 2975 1022 3039 in
1050 2974 1141 3040 bono.
1173 2973 1255 3037 Nam
1284 2975 1315 3036 et
1339 2971 1429 3054 iguem

300 3077 455 3143 Dominus
488 3080 570 3144 uelle
604 3100 638 3144 se
671 3081 749 3144 dixit
779 3081 906 3145 mittere
938 3081 970 3144 in
999 3081 1163 3158 mundum,
1197 3082 1230 3144 et
1257 3079 1343 3144 uisae
1369 3079 1429 3140 suut

298 3184 363 3249 illis
385 3185 512 3268 linguae
536 3186 658 3251 diuisae
676 3189 767 3252 uelut
784 3187 878 3272 ignis
899 3188 1022 3270 quando
1042 3187 1130 3252 uenit
1147 3187 1286 3267 Spiritus
1304 3187 1426 3249 sanctus:
1442 3207 1463 3247 s

299 3296 346 3356 et:
376 3291 455 3357 Nou
487 3294 584 3369 ueni,
616 3294 721 3376 inquit
752 3295 837 3359 idem
870 3295 1036 3372 Dominus,
1070 3311 1199 3378 pacem
1231 3295 1376 3358 mittere
1399 3288 1427 3350 iu

298 3403 443 3476 terram,
482 3400 546 3464 sed
586 3401 763 3484 gladium,
803 3405 835 3466 et
871 3419 1047 3467 sermonem
1080 3401 1140 3466 Dei
1177 3400 1255 3464 dicit
1292 3399 1428 3481 scriptura

298 3504 440 3587 gladium
471 3505 521 3571 bis
550 3511 680 3572 acutum
708 3511 837 3591 propter
864 3508 964 3573 aciem
992 3508 1150 3592 geminam
1183 3509 1426 3572 testamentorum

383 3765 454 3819 bib.
474 3767 518 3832 66,
539 3770 571 3821 15
590 3784 630 3836 sq.
687 3769 719 3822 17
738 3767 810 3824 Phil.
831 3767 855 3834 3,
877 3770 909 3823 19
965 3768 998 3823 18
1018 3769 1094 3824 Rom.
1114 3769 1175 3826 8.6
1243 3763 1424 3824 redemta

294 3853 328 3907 23
347 3854 392 3908 Lc.
415 3857 456 3917 12,
474 3857 509 3909 49
564 3857 758 3920 alietas
814 3857 848 3911 26
868 3857 916 3911 Mt.
938 3859 978 3925 10,
998 3859 1033 3912 34
1087 3859 1121 3912 28
1140 3858 1224 3912 chr.
1244 3861 1270 3920 4,
1291 3859 1322 3912 12

328 3977 345 4029 3
365 3981 396 4030 ut
415 3978 485 4032 alius
503 3979 699 4049 interpretatus
719 3980 795 4034 estb
887 3987 944 4033 turn
965 3983 980 4036 b
1063 3984 1078 4037 7
1098 3983 1129 4036 In
1149 3999 1201 4038 om.
1218 4001 1237 4054 9
1326 3994 1365 4038 eut
1381 3979 1420 4036 reli

294 4064 338 4118 diri
357 4083 376 4118 a
464 4067 691 4121 Sindicabuntur
710 4071 735 4137 ιη1
829 4071 858 4124 il
881 4071 1026 4124 Dominum
1045 4071 1132 4126 emb
1225 4075 1258 4127 12
1279 4071 1420 4126 eiuraritr

295 4155 327 4208 13
348 4155 422 4208 eisb
493 4157 567 4226 nam]
588 4165 622 4226 qt
650 4158 792 4227 inruep
866 4157 976 4227 dictap
1042 4160 1074 4214 15
1094 4161 1234 4230 etgludio
1254 4163 1417 4230 abeoppa:

294 4248 322 4294 et
340 4242 368 4294 in
388 4243 514 4313 gladioo
561 4248 594 4300 16
612 4246 671 4314 sed]
692 4252 721 4299 et
738 4247 778 4314 e¹,·
795 4249 883 4302 om.b
932 4249 964 4302 18
985 4253 1013 4302 et
1032 4249 1115 4320 qual]
1137 4251 1277 4322 equalesp
1321 4246 1417 4304 aauul-
1542 4243 1543 4286 l

294 4347 358 4384 nere
377 4333 457 4386 licto
510 4335 545 4386 25
564 4336 640 4388 uenit
658 4352 743 4390 orme
