3192 4959
644 363 671 416 S.
699 362 856 416 Aurelii
883 362 1100 433 Augustini

743 556 880 622 CAPUT
904 556 1005 621 XXII.

301 696 413 776 Quod
446 717 489 763 eo
522 701 706 780 tempore
733 697 856 761 Roma
883 697 940 761 sit
968 696 1144 789 condita,
1173 716 1249 779 quo
1281 716 1432 781 regnum

299 806 562 890 Assyriorum
595 804 817 869 intercidit
850 806 889 869 et
922 821 996 886 quo
1025 802 1222 869 Ezechias
1250 802 1433 887 regnabat

687 921 692 937 ·
787 912 826 975 in
851 910 959 975 luda.

344 1051 394 1116 Ne
426 1053 537 1117 multis
570 1071 683 1127 morer,
713 1053 840 1118 condita
872 1055 922 1118 est
954 1050 1070 1117 ciuitas
1093 1050 1195 1116 Roma
1226 1052 1318 1115 uelut
1349 1050 1468 1115 alteas

301 1158 444 1242 Babylon
468 1163 500 1223 et
523 1160 615 1224 uelut
632 1160 746 1243 prioris
764 1160 831 1225 filia
849 1159 1033 1243 Babylonis,
1052 1177 1108 1241 per
1127 1178 1220 1240 quam
1241 1156 1308 1223 Deo
1327 1156 1436 1241 placuit

302 1266 409 1332 orbem
434 1265 592 1331 debellare
616 1270 768 1332 terrarum
794 1268 881 1331 etin
905 1286 1001 1331 uuam
1026 1264 1213 1331 societatem
1236 1262 1435 1347 reipublicae

301 1374 474 1457 legumque
501 1373 690 1456 perductum
717 1374 811 1459 longe
837 1374 964 1456 lateque
992 1392 1113 1455 pacare.
1140 1371 1239 1435 Erant
1271 1372 1352 1437 euim
1381 1370 1435 1433 ianr

302 1479 414 1561 populi
437 1479 537 1543 ualidi
561 1484 594 1543 et
616 1480 715 1545 fortes
739 1482 771 1544 et
794 1480 890 1545 armis
919 1484 1029 1564 gentes
1059 1480 1258 1553 exercitatae,
1284 1497 1362 1561 quiae
1383 1494 1435 1540 non
1550 1514 1551 1517 =

303 1586 398 1650 facile
431 1586 586 1662 cederent,
623 1590 654 1650 et
688 1606 767 1668 quas
801 1605 879 1670 opus
913 1591 999 1652 essct
1029 1588 1214 1671 ingentibus
1245 1584 1391 1669 perieulis
1411 1586 1472 1645 eto
1550 1596 1551 1657 j

304 1694 483 1757 uastatione
501 1692 662 1775 utrimque
680 1712 742 1757 non
761 1714 860 1777 parua
878 1693 981 1775 adque
1000 1693 1155 1759 horrendo
1172 1692 1281 1757 labore
1301 1686 1437 1775 superui
1547 1724 1551 1743 τ

304 1798 387 1863 Nam
420 1800 544 1881 quando
576 1820 709 1884 regnum
741 1800 945 1883 Assyriorum
976 1803 1077 1865 totam
1109 1819 1207 1883 paene
1235 1798 1344 1863 Asiam
1375 1796 1438 1859 sub·
1547 1797 1550 1860 ἶ

304 1905 440 1989 ingenit,
463 1906 542 1975 lieet
563 1906 708 1971 bellando
732 1907 931 1984 sitientum,
954 1926 1016 1972 non
1039 1909 1145 1971 tamen
1168 1906 1307 1971 multum
1331 1901 1438 1987 asperis
1549 1952 1550 1997 3

306 2014 339 2075 et
362 2011 547 2077 difficilibus
566 2012 660 2078 bellis
682 2013 751 2078 fieri
773 2013 890 2096 potuit,
915 2013 989 2095 quia
1011 2013 1105 2078 rudes
1125 2012 1229 2077 adhuc
1248 2011 1287 2075 ad
1305 2010 1439 2076 resisten·
1549 2038 1550 2063 t

307 2118 383 2182 dum
416 2122 527 2201 gentes
561 2123 650 2183 erant
680 2139 738 2185 nee
765 2123 831 2184 tam
861 2122 980 2185 multae
1008 2121 1061 2185 uel
1087 2138 1232 2204 magnae.
1261 2116 1297 2183 Si
1324 2116 1440 2199 quidem
1455 2129 1473 2170 1⁵

306 2227 381 2305 poet
401 2224 483 2290 illud
506 2226 678 2291 maximum
702 2226 804 2309 adque
828 2226 1007 2292 uniuersale
1031 2225 1200 2299 diluuium,
1226 2244 1299 2289 cunr
1327 2224 1358 2287 in
1379 2240 1440 2285 area
1549 2232 1550 2239 ’

307 2330 376 2395 Noe
409 2336 481 2397 octo
514 2333 575 2397 soli
603 2333 748 2398 homines
777 2336 957 2409 euaserunt,
986 2332 1058 2397 anni
1085 2351 1147 2397 non
1179 2332 1281 2396 multo
1315 2328 1440 2413 amplius

308 2456 402 2519 quam
429 2439 518 2503 mille
545 2440 744 2514 transierant,
774 2440 896 2521 quaudo
925 2440 1027 2504 Ninus
1054 2439 1165 2504 Asiam
1192 2442 1293 2504 totam
1326 2437 1442 2517 excepta

310 2543 401 2608 India
424 2545 620 2629 subiuganit.
643 2546 743 2611 Roma
765 2566 842 2612 uero
866 2550 915 2611 tot
938 2550 1048 2629 gentes
1073 2542 1128 2633 [et]
1154 2543 1292 2609 Orientis
1316 2545 1348 2607 et
1365 2538 1443 2607 Occi-

310 2649 425 2729 dentis‚
449 2672 527 2733 quas
550 2652 683 2735 imperio
706 2653 847 2717 Romano
873 2651 1017 2716 subditas
1042 2652 1211 2729 cernimus,
1235 2669 1296 2715 non
1321 2668 1357 2713 ea
1374 2647 1443 2712 cele·
1457 2662 1476 2699 ²⁰

309 2756 403 2821 ritate
435 2776 471 2821 ae
503 2758 658 2825 facilitate
689 2758 880 2841 perdomuit,
914 2757 1063 2841 quoniam
1096 2757 1250 2839 paulatim
1285 2750 1442 2821 crescendo

309 2863 458 2928 robustas
482 2884 535 2929 eas
560 2868 592 2929 et
608 2866 789 2945 bellicosas,
809 2884 935 2947 quaqua
953 2884 1082 2929 uersum
1101 2864 1304 2941 dilatabatur,
1323 2860 1442 2926 inuenit.

310 2969 465 3053 Tempore
487 2971 597 3056 igitur,
616 2990 678 3055 quo
697 2972 798 3037 Roma
817 2971 944 3037 condita
963 2974 1022 3047 est,
1041 2972 1180 3054 populus
1199 2970 1299 3035 Israel
1321 2966 1445 3035 habebat

310 3076 343 3139 in
366 3079 450 3141 terra
470 3077 692 3160 promissionis
716 3098 813 3144 annos
842 3077 1062 3161 septingentos
1091 3077 1199 3141 decem
1232 3078 1265 3140 et
1298 3078 1378 3140 octo.
1407 3070 1445 3137 Er

313 3182 429 3264 quibus
460 3182 577 3267 uiginti
608 3187 733 3267 septem
760 3184 919 3267 pertinent
946 3181 984 3247 ad
1012 3182 1119 3246 lesum
1148 3180 1248 3258 Naue,
1278 3178 1387 3245 deinde
1413 3172 1444 3239 ad
1460 3192 1479 3231 2⁵

312 3290 441 3371 tempus
463 3289 606 3355 iudicum
629 3291 761 3355 trecenti
784 3290 899 3374 uiginti
922 3308 1048 3353 nouem.
1081 3288 1126 3351 Ex
1150 3306 1211 3371 qno
1237 3290 1343 3353 autem
1366 3300 1446 3367 reges

312 3393 360 3458 ibi
382 3414 453 3461 esse
476 3400 654 3481 coeperant,
678 3397 750 3461 anni
774 3400 863 3461 erant
884 3396 1020 3461 trecenti
1044 3394 1206 3479 sexaginta
1229 3393 1301 3459 duo.
1342 3392 1382 3457 st
1402 3404 1446 3453 rer

314 3503 391 3566 tune
423 3505 490 3567 erat
520 3503 552 3567 in
584 3503 674 3582 Iuda,
702 3502 794 3567 euius
822 3520 935 3567 nomen
965 3504 1031 3566 erat
1057 3500 1163 3565 Achaz
1195 3501 1259 3577 uel,
1288 3499 1372 3565 sieut
1401 3492 1447 3561 alii

315 3612 498 3689 conpetant,
527 3610 582 3691 qui
610 3610 639 3675 ei
671 3609 829 3674 successit
855 3608 1019 3685 Ezechias,
1048 3626 1142 3690 quem
1175 3606 1303 3689 quidem
1335 3602 1448 3669 constat

315 3714 470 3795 optimum
495 3720 527 3780 et
548 3715 730 3801 piissimum
752 3734 859 3801 regem
878 3714 1007 3780 Romuli
1026 3732 1176 3799 regnasse
1199 3710 1403 3794 temporibus.
1418 3708 1447 3772 Iu
1462 3730 1482 3771 a
1554 3704 1555 3708 ’

352 3924 515 3995 eregnauic
528 3942 550 3995 p
624 3926 655 3981 ll
676 3943 803 3999 superare
822 3927 846 3981 e¹
921 3928 954 3981 15
973 3942 1022 3979 nec
1040 3928 1132 3979 tamen
1151 3938 1192 3991 ep
1282 3920 1327 3973 nel
1344 3930 1449 3987 magnae

316 4029 390 4076 maen
410 4013 454 4067 uel
473 4018 529 4070 tam
547 4031 696 4084 magnaeo
757 4016 789 4070 16
808 4014 920 4084 illurnq
993 4017 1021 4067 et
1038 4012 1145 4070 uniuc
1204 4010 1238 4063 18
1257 4009 1449 4063 sancierunt

318 4103 351 4155 19
371 4106 399 4155 et
418 4109 484 4157 ante
503 4103 624 4158 Orientis
642 4120 692 4159 om.
713 4120 727 4157 a
733 4121 777 4175 912
850 4105 882 4157 21
904 4101 1049 4157 crescendo
1069 4100 1146 4155 codd.
1161 4104 1277 4168 praeter
1296 4116 1317 4169 ρ,
1327 4113 1356 4163 υ,-
1374 4096 1449 4149 iucre-
1557 4092 1558 4117 ¹

317 4190 417 4245 scendo
436 4210 450 4262 ρ
469 4192 568 4247 Dornb.
623 4194 658 4247 24
677 4192 798 4262 decimo
852 4193 887 4247 25
906 4192 1046 4261 hiesumy
1103 4190 1138 4243 26
1156 4186 1196 4241 ibi
1213 4202 1326 4257 regeso
1378 4180 1449 4237 asin
1553 4202 1556 4243 l

316 4293 377 4347 arcp.
397 4279 446 4335 lin.
465 4298 479 4334 e
