3192 4959
370 454 420 506 De
450 452 622 506 ciuitate
651 452 713 505 dei
739 449 804 507 lib.
833 451 890 505 XX.
920 469 994 521 cap.
1023 453 1048 505 6.
1077 453 1101 507 7.
1244 453 1308 516 439

619 644 756 710 CAPUT
781 644 852 708 Vll.

159 791 213 853 De
235 790 390 853 duabus
410 786 788 852 resurrectionibus
810 791 847 852 et
866 787 910 850 de
934 786 1048 851 mille
1073 787 1187 851 annis
1213 787 1309 870 quid

159 898 197 961 in
237 895 477 979 apocalypsi
508 895 705 959 Iohannis
739 895 939 978 scriptum
977 893 1032 958 sit
1064 898 1103 958 et
1135 893 1230 976 quid
1264 894 1309 958 de

418 1001 476 1065 eis
501 998 815 1064 rationabiliter
838 1000 1054 1066 sentiatur,

134 1169 145 1203 a
205 1145 253 1208 De
281 1144 331 1207 his
360 1143 484 1208 duabus
511 1143 797 1207 resurrectionibus
826 1141 910 1206 idern
933 1142 1089 1206 lohannes
1114 1141 1312 1225 euangelista

159 1252 191 1314 in
224 1251 318 1327 libro,
351 1248 405 1331 qui
438 1247 556 1311 dicitur
586 1248 797 1330 apocalypsis,
831 1267 867 1312 eo
900 1248 993 1312 modo
1025 1247 1154 1312 locutus
1187 1253 1246 1323 est,
1275 1250 1312 1312 ut

160 1376 269 1420 earum
312 1355 412 1438 prima
448 1373 466 1415 a
504 1353 693 1435 quibusdam
732 1354 848 1416 nostris
890 1372 950 1417 non
988 1353 1148 1417 intellecta
1183 1354 1314 1434 insuper

160 1463 257 1526 etiam
286 1462 317 1524 in
346 1460 498 1544 quasdam
527 1460 678 1524 ridiculas
706 1459 831 1524 fabulas
855 1463 1039 1524 uerteretur.
1062 1459 1117 1523 Ait
1140 1459 1256 1542 quippe
1279 1459 1311 1523 in

160 1571 242 1633 libro
280 1571 455 1632 memorato
492 1566 647 1631 Iohannes
685 1566 867 1649 apostolus:
911 1565 958 1630 llt
999 1566 1087 1630 uidi
1124 1567 1311 1650 angelum

124 1675 480 1740 tabescendentem
514 1674 558 1737 de
587 1675 710 1751 caelo,
743 1673 956 1737 habentem
987 1675 1141 1738 clauom
1173 1673 1313 1757 abyssi

163 1787 203 1846 et
226 1785 409 1846 catenam
433 1783 470 1844 in
496 1800 611 1844 manu
635 1800 715 1845 sua.
737 1778 784 1844 llt
807 1782 945 1845 tenuit
964 1780 1175 1846 draconem
1194 1780 1313 1844 illurn

163 1892 394 1971 serpentem
420 1889 640 1968 antiquum,
666 1887 733 1969 qui
758 1887 1071 1970 cognominatus
1097 1891 1159 1953 est
1182 1887 1313 1951 diabo-

163 1998 228 2059 lus
258 2000 296 2059 et
325 1997 504 2071 satanas3
536 1990 599 2080 [et]
623 1993 833 2078 adligauit
855 1993 975 2058 illurn
999 1994 1112 2059 mille
1137 1993 1250 2059 annis
1276 1997 1314 2057 et

163 2102 281 2166 misit
298 2101 417 2165 illum
437 2102 475 2164 in
495 2100 702 2184 abyssum
724 2102 763 2163 et
787 2100 918 2164 clusit
937 2101 1315 2184 etsignauitsuper

124 2228 263 2285 acum,
287 2212 428 2273 utnon
452 2207 669 2272 seduceret
692 2207 942 2289 iamgentes‚
963 2207 1315 2271 donecfiniantur

163 2315 279 2378 mille
317 2314 422 2390 anni3
460 2317 554 2396 post
591 2312 687 2376 haec
728 2317 892 2396 oportet
932 2333 1015 2377 eum
1057 2314 1165 2378 solui
1197 2313 1314 2378 breui

163 2425 356 2503 tempore.
388 2421 437 2484 Et
468 2420 554 2483 uidi
588 2419 704 2484 sedes
734 2428 773 2484 et
801 2420 992 2484 sedentes
1021 2439 1143 2503 super
1166 2439 1242 2498 eas,
1277 2421 1316 2484 et

164 2527 365 2592 iudicium
390 2527 524 2591 datum
550 2530 620 2590 est.
644 2527 693 2590 Et
717 2526 871 2590 animae
898 2527 1124 2591 occisorum
1149 2529 1316 2609 propter

163 2635 450 2700 testimonium
487 2636 581 2699 Iesu
615 2639 653 2698 ct
689 2637 857 2716 propter
890 2635 1056 2699 uerbum
1089 2635 1171 2710 Dei,
1210 2638 1249 2697 et
1281 2635 1314 2698 si

125 2741 233 2824 aqui
262 2761 336 2806 non
365 2741 642 2806 adorauerunt
669 2743 845 2806 bestiam
875 2761 944 2806 nec
976 2741 1189 2824 imaginem
1215 2741 1314 2818 eiua,

163 2868 293 2930 neque
322 2853 567 2930 acceperunt
594 2848 912 2932 inscriptionem
941 2848 979 2911 in
1007 2848 1142 2912 fronte
1176 2849 1245 2910 aut
1276 2845 1313 2910 in

163 2975 281 3020 manu
315 2974 397 3027 sua,
432 2958 470 3019 et
497 2959 775 3039 regnauerunt
808 2975 892 3019 oum
923 2956 1018 3019 Iesu
1046 2954 1158 3018 mille
1183 2953 1314 3028 annis3

165 3062 321 3144 reliqui
346 3081 480 3126 eorum
505 3081 577 3125 non
604 3062 804 3136 aixerunt,
830 3061 953 3126 donec
978 3061 1183 3125 finiantur
1203 3059 1316 3124 mille

165 3169 268 3233 anni.
301 3169 408 3233 Haeo
440 3169 694 3233 resurrectio
723 3169 849 3251 prima
873 3171 945 3234 est.
971 3167 1122 3232 Beatus
1147 3170 1186 3232 et
1210 3187 1316 3231 sano·

123 3279 230 3340 atus
277 3277 352 3350 est,
392 3273 460 3355 qui
501 3273 624 3337 hebet
660 3274 697 3338 in
735 3275 807 3337 lrac
844 3273 970 3356 prima
1012 3273 1316 3338 resurrectione

164 3385 331 3464 partem.
360 3381 401 3443 ln
431 3381 529 3444 istis
559 3381 737 3445 secunda
765 3399 870 3444 mors
899 3399 972 3445 non
998 3379 1119 3444 habet
1143 3381 1317 3462 poteste-

164 3493 257 3559 tem;
284 3486 357 3549 sed
382 3489 500 3550 erunt
523 3487 762 3552 sacerdotes
787 3487 860 3550 Dei
885 3490 923 3550 et
943 3483 1098 3550 Christi
1122 3489 1160 3549 et
1183 3505 1316 3568 regna-

164 3594 266 3657 bunt
295 3612 381 3656 cum
410 3612 452 3658 eo
482 3593 595 3658 mille
625 3594 749 3658 annis.
780 3591 843 3671 Qui
871 3596 1000 3676 propter
1023 3592 1101 3656 baec
1124 3592 1220 3656 buius
1243 3593 1318 3656 libri

164 3700 263 3763 uerba
285 3700 419 3780 primam
442 3701 707 3763 resurrectionem
731 3700 871 3764 futuram
899 3699 1053 3780 suspicati
1078 3701 1154 3762 sunt
1177 3718 1316 3781 corpora-

122 3805 238 3883 alem,
272 3807 354 3869 inter
390 3811 494 3869 cetera
532 3807 665 3870 maxime
703 3826 833 3871 numero
871 3824 1021 3869 annorum
1060 3804 1147 3868 mille
1184 3805 1318 3887 permoti

256 4015 272 4066 9
293 4013 377 4080 Apoc.
396 4013 439 4078 20,
462 4014 473 4064 l
496 4030 554 4082 sqq.

201 4139 218 4189 2
237 4136 445 4190 resurrectionis
462 4138 507 4204 ys
595 4137 627 4190 13
647 4139 675 4189 et
695 4142 760 4189 arcte
779 4135 862 4204 arllig.
883 4151 934 4189 ona
954 4135 1001 4202 ey¹
1010 4151 1031 4203 p
1044 4155 1057 4205 ρ
1069 4135 1111 4187 αλ
1186 4137 1218 4188 14
1237 4136 1319 4190 clusit

167 4226 309 4295 a¹be¹pp
329 4224 442 4291 Domb.,·
461 4227 559 4279 clausit
580 4223 725 4295 o²e²pav
780 4225 945 4294 significauit
966 4225 981 4276 b
1031 4226 1062 4278 17
1084 4227 1111 4278 ot
1130 4230 1194 4277 orale
1212 4225 1317 4278 sedent.

168 4365 314 4401 ercaume
408 4367 495 4419 super,
516 4353 546 4404 in
565 4367 649 4419 uturp.
669 4367 791 4420 supra,e
846 4350 879 4403 20
900 4349 1104 4403 adorauerinte
1158 4349 1190 4402 21
1211 4365 1261 4402 noc
1281 4350 1319 4404 be
