3192 4959
352 486 399 537 lle
428 486 603 538 ciuitate
632 485 692 538 dei
721 487 786 539 lib.
815 485 900 539 XXII.
929 503 1004 555 oap.
1033 487 1077 541 24.
1218 491 1282 553 649

135 680 210 741 srrnt
242 697 391 762 aggerem
421 683 571 744 coartato.
606 679 633 742 si
661 679 779 742 uellem
808 680 899 743 uelut
927 680 1086 764 conligata
1117 681 1283 745 inuoluere

135 783 259 848 soluere
289 785 392 868 adque
416 786 585 863 discutere,
616 788 732 866 quanta
757 785 835 848 mibi
858 804 947 849 mora
970 789 1056 850 esset
1077 783 1108 847 in
1133 783 1281 868 singulis.

134 890 250 972 quibus
278 891 416 972 plurima
444 891 659 956 eontinentur!
691 893 731 956 dr
758 891 835 956 haeo
864 892 968 956 omnia
997 893 1183 954 miserorum
1207 894 1282 956 sunt

134 995 417 1081 damnatorumque
446 998 573 1074 solacia,
602 1017 663 1062 non
691 998 831 1080 praemia
859 999 1032 1062 beatorum.
1066 997 1153 1078 Quae
1182 998 1282 1080 igitur

103 1103 189 1166 oilla
214 1107 299 1175 sunt,
329 1105 356 1168 si
385 1107 433 1169 tot
461 1110 493 1168 ot
517 1105 593 1170 talia
621 1123 657 1167 ao
684 1108 772 1168 tanta
802 1112 877 1168 sient
900 1105 985 1168 ista?
1015 1103 1098 1182 Quid
1123 1104 1211 1168 dabit
1233 1104 1279 1168 eis

133 1229 213 1290 quos
238 1210 488 1291 praedestinabit
511 1211 548 1274 ad
577 1211 688 1287 uitam,
717 1211 770 1294 qui
800 1212 877 1274 baeo
901 1210 988 1274 dedit
1011 1212 1106 1274 etiam
1131 1211 1176 1274 eis
1200 1229 1279 1292 quos

132 1317 382 1398 praedestinauit
406 1317 443 1382 ad
468 1321 624 1381 mortem?
649 1315 736 1395 Quae
761 1319 842 1381 bona
860 1317 890 1380 in
911 1317 967 1381 illa
986 1319 1078 1382 beata
1097 1318 1164 1380 uita
1184 1318 1280 1381 faciet

133 1439 187 1486 eos
213 1442 348 1502 sumere,
372 1443 428 1506 pro
449 1425 563 1507 quibus
582 1424 613 1486 in
634 1423 692 1487 buo
712 1425 829 1487 misera
846 1423 1045 1506 unigenitum
1065 1443 1157 1488 suum
1178 1423 1280 1487 filium

134 1529 238 1593 uoluit
262 1529 420 1612 usquead
445 1535 578 1595 mortem
602 1531 685 1594 mala
710 1534 795 1595 tanta
819 1531 979 1613 perferre?
1005 1529 1093 1594 Unde
1114 1531 1278 1613 apostolus

90 1653 113 1689 ¹⁰
132 1635 169 1698 de
199 1637 278 1717 ipsis
307 1638 337 1700 in
367 1637 447 1702 illud
476 1657 607 1721 regnum
636 1637 878 1720 praedestinatis
911 1637 1060 1718 loquens:
1094 1637 1170 1717 Qui
1196 1655 1279 1718 pro-

131 1741 231 1824 prio,
255 1744 369 1826 inquit,
394 1743 489 1809 silio
514 1763 587 1807 non
611 1743 809 1826 pepercit.
834 1745 905 1808 sed
927 1737 1140 1826 pro'nobis
1160 1743 1278 1808 omni·

130 1849 205 1913 bus
229 1850 408 1914 tradidit
431 1869 526 1926 eum,
552 1869 626 1933 quo
653 1849 765 1915 modo
790 1870 863 1914 non
888 1854 927 1914 et
947 1869 1032 1914 oum
1051 1851 1125 1915 illo
1147 1849 1278 1914 omnia

130 1955 249 2020 nobis
275 1955 466 2020 donabit?
491 1957 570 2021 Cum
597 1957 671 2020 baeo
696 1957 866 2039 promissio
892 1956 1101 2038 complebitur,
1122 1955 1197 2038 quid
1222 1955 1278 2020 eri-

131 2063 221 2128 mus!
261 2062 370 2144 qualos
408 2063 543 2127 erimus!
582 2062 669 2142 erao
706 2063 787 2127 bona
824 2063 855 2126 in
892 2063 949 2127 illo
986 2081 1083 2146 regno
1116 2062 1278 2143 accepturi

88 2186 111 2222 n
130 2187 255 2245 eumue,
285 2168 409 2250 quando
439 2169 565 2252 quidem
596 2169 721 2234 Christo
752 2169 904 2234 moriente
933 2189 988 2253 pro
1013 2169 1104 2233 nobis
1127 2170 1191 2232 tale
1213 2169 1275 2232 iam

129 2276 249 2359 pignus
280 2276 476 2358 aooepimus!
508 2273 618 2353 Qualis
650 2277 710 2340 orit
738 2276 871 2359 spiritus
900 2275 1036 2339 hominis
1066 2275 1190 2338 nullum
1214 2293 1279 2338 om-

129 2383 204 2446 nino
233 2381 350 2445 habens
380 2381 507 2456 uitium,
537 2401 593 2445 neo
618 2381 677 2447 sub
708 2402 770 2465 quo
793 2383 905 2458 iaceat,
935 2400 992 2445 neo
1017 2381 1068 2445 oui
1092 2380 1193 2458 cedat,
1222 2400 1279 2444 neo

128 2490 240 2551 contra
268 2487 351 2568 quod
380 2489 493 2552 saltem
522 2487 726 2553 laudabiliter
753 2489 894 2566 dimicet,
923 2487 1127 2578 pacatissima
1158 2487 1279 2551 uirtute

129 2593 308 2676 perfectus!
338 2593 454 2658 Rerum
483 2595 527 2658 ibi
557 2595 695 2659 omnium
726 2599 853 2678 quante,
882 2615 975 2677 quam
999 2593 1153 2676 speciosa,
1183 2612 1277 2674 quam

85 2719 111 2756 eo
129 2704 220 2764 certa
244 2701 385 2778 seientia,
410 2702 477 2764 sine
498 2720 599 2765 errore
624 2703 729 2785 aliquo
753 2703 806 2766 uel
830 2702 947 2778 labore,
970 2700 1026 2766 ubi
1044 2701 1104 2764 Dei
1123 2699 1279 2782 sapientia

128 2806 168 2870 de
194 2807 264 2888 ipso
290 2827 347 2870 suo
372 2809 457 2872 sonte
481 2808 650 2889 potabitur,
680 2827 751 2872 oum
782 2826 908 2872 summa
930 2807 1091 2882 felicitate,
1120 2806 1188 2870 sine
1212 2805 1279 2869 ulla

127 2911 347 2990 difficultate!¹
364 2911 463 2990 Quale
488 2914 547 2977 erit
571 2932 695 2995 eorpus,
721 2913 805 2995 quod
830 2912 916 2978 omni
941 2913 1033 2978 modo
1058 2913 1183 2995 spiritui
1204 2913 1275 2976 sub·

127 3019 233 3082 ditum
258 3022 290 3082 ot
313 3038 349 3084 eo
374 3018 568 3084 sufficienter
591 3019 790 3084 uiuificatum
809 3021 906 3084 nullis
926 3020 1085 3086 alimoniis
1103 3018 1275 3104 indigebit!

125 3123 200 3187 Non
229 3124 311 3188 enim
343 3126 487 3202 animale,
519 3126 574 3189 sed
598 3126 739 3208 spiritale
764 3127 833 3202 erit,
863 3126 981 3190 babens
1011 3125 1275 3207 quidemcarnis

80 3251 107 3290 ae
126 3231 184 3295 sed
210 3231 278 3295 sino
302 3231 368 3294 ulla
392 3231 507 3296 carnali
532 3232 731 3314 corruptione
756 3231 978 3296 substantiam.

222 3439 254 3491 10
272 3438 348 3491 Rom.
369 3438 394 3506 8,
414 3439 448 3492 32

164 3607 326 3674 laggerem
346 3609 442 3660 sunto
497 3571 686 3671 3miserordm
699 3625 717 3676 9
771 3611 838 3660 bac
858 3607 925 3660 talia
944 3612 1000 3660 eto
1059 3563 1272 3676 qnidd‘bitueisb

123 3696 149 3762 6,
171 3695 196 3760 7,
219 3694 252 3746 10
270 3693 463 3764 praedistinp
531 3697 547 3749 6
567 3694 731 3764 praedestin.
750 3696 892 3763 usquead
911 3696 949 3748 eis
969 3713 1035 3764 qnos
1056 3711 1107 3750 om.
1127 3695 1142 3747 b
1215 3694 1271 3763 qui]

121 3784 182 3854 sip
257 3781 358 3836 liacit
378 3799 423 3834 eos
443 3799 470 3849 e;
488 3782 571 3836 facite
591 3799 656 3852 osy
727 3783 992 3837 Sl'iliumouumo
1062 3785 1093 3836 ll
1115 3781 1170 3836 filio
1191 3798 1272 3836 suoe

124 3872 158 3924 18
178 3870 307 3940 saltimp
362 3871 395 3924 22
415 3870 512 3925 Talee
