3192 4959
328 447 392 510 626
674 442 701 498 S.
728 442 884 496 Aurelii
913 441 1131 511 Augustini

326 639 554 712 mulierem
581 637 665 702 unde
694 641 726 701 et
754 637 920 720 apostolus
950 637 1201 702 aedificationem
1231 637 1311 702 dicit
1340 637 1456 720 corporis
1549 657 1550 678 ¹

328 744 457 819 Christi,
482 743 568 826 quod
591 747 641 808 est
666 742 811 807 ecelesia.
838 743 989 809 Oreatura
1008 746 1057 808 est
1077 762 1151 828 ergo
1172 743 1232 808 Dei
1256 745 1375 808 femina
1395 744 1457 806 slent

325 851 391 925 nnn
416 849 473 914 sed
496 852 534 914 ut
557 849 595 914 de
618 849 687 913 uiro
712 849 812 926 fieret,
838 849 945 916 unitas
970 849 1206 924 commendata;
1231 853 1269 914 ut
1293 854 1398 915 autem
1415 848 1456 912 illo

324 957 418 1022 modo
442 957 541 1035 lieret,
570 955 728 1034 Christus,
752 960 790 1020 ut
813 955 934 1020 dictum
959 961 1018 1032 est,
1047 977 1063 1021 e
1102 956 1238 1022 ecclesia
1260 956 1397 1042 figurata
1415 958 1457 1018 est.

327 1062 389 1143 Qui
412 1083 487 1148 ergo
510 1066 682 1146 utrumque
706 1082 816 1128 serum
839 1063 990 1142 instituit,
1011 1065 1183 1146 utrumque
1202 1065 1363 1128 restituet
1386 1062 1488 1128 lieni-a

325 1189 386 1252 que
408 1171 478 1252 ipse
500 1171 592 1235 Iesus
614 1170 830 1253 interrogatus
855 1191 874 1234 e
897 1169 1099 1247 Sadducaeis,
1125 1171 1181 1252 qui
1199 1171 1360 1254 negabant
1378 1187 1458 1234 resar-

323 1277 507 1353 rectionem,
550 1276 642 1341 ouius
675 1279 800 1358 septem
837 1275 970 1340 fratrum
1003 1277 1064 1339 erit
1099 1295 1186 1354 uror,
1224 1295 1322 1358 quam
1360 1273 1457 1358 singuli

325 1383 515 1461 habuerunt,
542 1382 618 1447 dum
646 1382 782 1464 quisque
811 1401 919 1447 eornm
947 1382 1048 1447 uellet
1077 1381 1218 1446 defuncti
1243 1401 1363 1458 semen,
1393 1383 1459 1446 siout

324 1489 374 1553 ler
387 1491 598 1572 praeceperat,
615 1489 765 1554 excitare:
780 1487 951 1565 Erratis,
966 1487 1080 1571 inquit,
1095 1490 1333 1553 nescientes
1355 1487 1459 1569 scrip-

324 1599 449 1674 turas,
485 1615 611 1678 neque
645 1594 843 1660 uirtutem
878 1595 966 1671 Dei3
1010 1598 1042 1659 et
1074 1614 1145 1660 cum
1183 1596 1276 1660 locus
1312 1599 1404 1672 esset,
1431 1595 1487 1657 uta

326 1703 461 1768 diceret:
493 1703 551 1767 ‘De
579 1721 642 1784 qua
671 1702 754 1767 enim
781 1720 832 1767 me
861 1702 1075 1787 interrogatis,
1109 1703 1160 1767 uir
1187 1703 1248 1767 erit
1276 1703 1372 1766 etiam
1393 1703 1458 1784 ipsa,

323 1829 383 1874 non
411 1809 548 1888 mulier’,
580 1829 642 1874 non
669 1810 730 1874 hoo
759 1808 848 1886 dixit,
882 1809 938 1874 sed
971 1809 1066 1875 dixit:
1097 1809 1140 1872 In
1174 1809 1458 1873 resurrectione

325 1917 428 1980 enim
452 1935 580 1999 neque
604 1916 757 1980 nubent
780 1935 910 1998 neque
933 1935 1078 1982 uxores
1103 1915 1264 1986 ducent.
1290 1915 1357 1979 sed
1382 1917 1459 1978 sunt

324 2023 435 2087 sicut
476 2023 614 2107 angeli
649 2023 722 2088 Dei
764 2023 803 2086 in
845 2023 976 2100 caelo;
1020 2023 1169 2106 aequales
1206 2023 1319 2104 utique
1354 2020 1457 2104 angelis

322 2129 550 2194 inmortalitate
573 2148 609 2194 ac
631 2129 797 2205 felicitate,
827 2149 887 2195 non
913 2149 1021 2205 carne3
1046 2130 1132 2194 sicut
1154 2147 1212 2194 nec
1235 2127 1489 2194 resurrectionen

324 2255 387 2318 qua
422 2255 482 2301 non
519 2236 726 2320 indiguerunt
758 2236 872 2320 angeli,
907 2236 1055 2318 quoniam
1087 2255 1145 2300 nee
1178 2235 1259 2299 mori
1296 2235 1458 2319 potuemut

323 2341 461 2426 Nuptias
490 2361 565 2427 ergo
589 2342 745 2407 Dominus
769 2343 894 2407 futuras
924 2343 1056 2427 negauit
1084 2361 1155 2406 esse
1178 2341 1210 2406 in
1234 2340 1457 2414 resurrectum,

322 2469 384 2514 non
408 2450 552 2527 feminas,
583 2451 615 2513 et
636 2449 679 2513 ibi
704 2451 846 2534 negauit,
875 2449 930 2515 nbi
953 2450 1028 2514 talis
1053 2449 1198 2531 quaestio
1222 2448 1410 2522 uertebatur,
1430 2447 1458 2508 ut

324 2573 393 2619 eam
420 2557 536 2637 negato
566 2573 643 2620 seru
670 2554 820 2620 muliebri
848 2554 996 2620 celeriore
1027 2555 1182 2620 facilitate
1216 2554 1409 2630 dissoluerat,
1436 2551 1457 2615 si

322 2679 395 2725 enm
418 2661 463 2726 ibi
487 2665 707 2744 praenosceret
729 2682 791 2727 non
814 2663 976 2740 futurum3
1001 2664 1098 2727 immo
1124 2662 1219 2726 etiam
1243 2661 1383 2725 futurum
1400 2676 1490 2723 essee

322 2767 464 2832 firmauit
490 2767 641 2832 dicendo:
673 2767 758 2832 Non
786 2768 950 2846 nubent,
984 2769 1069 2851 quod
1097 2767 1136 2832 ad
1164 2766 1299 2831 feminas
1327 2763 1456 2849 pertinet

323 2893 392 2938 nec
422 2892 566 2938 urores
595 2873 753 2955 ducent,
782 2874 869 2956 quod
893 2874 932 2938 ad
955 2875 1052 2939 uiros.
1084 2875 1185 2938 Erunt
1209 2893 1295 2960 ergo,
1319 2869 1456 2957 quesnel

323 2980 441 3044 nubere
465 2979 518 3045 hic
542 2981 657 3057 solent,
680 2980 734 3044 uel
758 2980 874 3045 ducere
894 2999 1022 3056 uxores3
1048 2981 1104 3045 sed
1126 2981 1171 3045 ibi
1190 2980 1251 3046 hoo
1269 3000 1329 3045 non
1347 2976 1454 3044 facient.

757 3173 896 3240 OAPUT
919 3174 1037 3238 XVIII.

323 3314 377 3378 De
403 3314 491 3379 uiro
520 3315 714 3398 perfecto,
748 3315 787 3378 id
816 3319 880 3380 est
909 3313 1085 3393 Christo,
1115 3319 1154 3379 et
1181 3331 1347 3397 corpore
1369 3311 1487 3377 eiusne

414 3421 456 3485 id
479 3425 541 3487 est
564 3423 755 3500 ecclesia,
780 3441 880 3503 quae
905 3425 968 3487 est
990 3423 1125 3504 ipsius
1148 3421 1373 3505 plenitudo.

365 3561 503 3627 Proinde
528 3563 612 3646 qnod
636 3563 681 3627 ait
704 3563 879 3644 apostolus,
901 3583 1089 3629 occursuros
1108 3583 1166 3630 nos
1187 3582 1297 3628 omnes
1317 3564 1347 3626 in
1365 3561 1451 3624 uirum

323 3669 510 3752 perlectum,
538 3669 639 3735 totius
666 3669 771 3752 ipsius
801 3669 1073 3735 ciocumstantiam
1099 3669 1248 3734 lectionis
1278 3666 1452 3733 considerare

323 3773 484 3853 debemus,
514 3794 594 3856 quae
622 3775 668 3839 ite
693 3775 861 3840 sehabet:
894 3773 969 3854 Qui
994 3773 1221 3850 descendit,
1245 3774 1358 3857 inquii,
1379 3771 1452 3853 ipse

412 4017 556 4088 impul,
577 4021 609 4071 12
651 4018 798 4082 elatea,
819 4019 854 4072 29
902 4019 935 4072 12
953 4018 1003 4073 Mt.
1022 4018 1066 4086 22,
1085 4018 1120 4072 30
1166 4017 1200 4072 29
1220 4017 1291 4088 Epir.
1311 4016 1381 4082 4,1o
1402 4027 1450 4082 sqq,

355 4169 490 4222 fetam.
507 4185 525 4236 p
596 4170 660 4221 6et
679 4167 772 4237 ipseo
849 4170 881 4222 13
900 4183 988 4238 neque
1008 4167 1112 4222 nubent
1131 4183 1182 4222 om.
1203 4167 1229 4221 οἱ
1312 4170 1371 4221 sunt
1387 4159 1452 4218 codd.

317 4263 430 4324 praeter
449 4275 476 4326 ρ,·
495 4259 574 4309 erunt
593 4275 607 4325 ρ
625 4257 725 4312 Domb.
828 4258 859 4310 l‘l
881 4273 939 4310 esse
959 4257 1073 4326 negauit
1091 4257 1190 4310 Domo.
1297 4256 1331 4310 22
1349 4263 1453 4322 nequet

320 4347 355 4398 23
374 4345 419 4398 uel
439 4345 486 4414 qni
505 4344 634 4399 duceret
705 4347 756 4398 hoc
775 4361 827 4400 orn.
848 4363 861 4413 ρ
881 4345 980 4400 Domo.
1053 4345 1159 4400 faciant
1177 4344 1229 4414 ⁶¹⁹
