3192 4959
375 407 427 462 De
456 409 630 463 ciuitate
659 408 720 462 dei
748 408 814 463 lib.
842 408 926 462 XXII.
955 426 1030 481 cap.
1059 411 1084 466 8.
1240 415 1300 478 601

156 627 228 670 sum
261 607 395 672 uerbum
426 606 580 689 proterret
606 605 639 669 in
668 603 842 680 Christum,
870 603 1020 687 religiosa
1048 604 1226 668 urbanitate
1259 623 1305 667 re-

156 712 323 795 spondisse
351 712 466 776 fertur:
493 711 672 789 ‘Putabam
699 709 813 792 iuquit,
841 729 992 793 magnum
1022 710 1142 793 aliquid
1171 715 1203 775 te
1226 709 1305 773 milri

156 820 258 884 luisse
286 819 466 884 dicturam.l
493 818 605 900 Adque
627 817 684 882 illa
706 817 770 881 iam
794 817 1044 892 exhorrescente,
1072 837 1144 883 mox
1168 817 1304 882 addidit:

156 923 251 1004 ‘Quid
270 925 386 1010 grande
404 924 481 990 fecit
504 924 650 990 Christus
673 943 783 988 sanare
803 943 960 1002 canorum,
981 925 1035 1007 qui
1055 923 1305 1006 quadriduanum

126 1035 318 1098 emortuum
342 1031 548 1098 susscitauitl'
580 1031 648 1095 Hoc
681 1049 740 1112 ego
770 1049 841 1094 cum
866 1030 1027 1095 audissem
1050 1035 1083 1096 et
1105 1032 1307 1096 uehementer·

157 1139 373 1203 stomacharer
397 1139 430 1202 in
454 1138 512 1202 illa
535 1137 666 1203 ciuitate
689 1137 791 1219 adque
819 1137 849 1200 iu
875 1137 931 1201 illa
953 1156 1086 1221 persona
1110 1157 1171 1202 uon
1196 1137 1306 1218 utique

158 1245 293 1310 obscura
324 1246 446 1310 factum
473 1249 539 1308 tarn
566 1245 677 1328 iugens
705 1243 896 1309 miraculum
924 1244 971 1308 sic
999 1244 1107 1322 latere,
1140 1244 1212 1308 bino
1237 1262 1306 1307 eam

157 1355 190 1415 et
214 1351 441 1416 admonendam
467 1354 500 1414 et
518 1370 615 1434 paene
639 1350 868 1434 obiurgandam
884 1351 1008 1431 putaui.
1029 1348 1117 1428 Quae
1136 1369 1207 1414 curn
1227 1351 1308 1414 milri

156 1457 374 1539 respondisset
397 1476 458 1522 non
483 1477 517 1522 se
540 1457 614 1521 inde
638 1457 789 1533 tacuisse,
814 1457 959 1539 quaesiui
983 1456 1021 1521 ab
1046 1457 1103 1535 eis,
1128 1476 1206 1539 quas
1225 1458 1306 1521 forte

115 1590 138 1627 n
158 1568 235 1629 tunc
259 1568 417 1629 matronas
441 1563 653 1628 amicissimas
682 1583 789 1628 secum
820 1564 966 1642 babebat,
992 1567 1100 1628 utrum
1127 1563 1188 1629 hoc
1216 1558 1307 1628 autea

157 1671 304 1736 scissent.
333 1671 576 1754 Responderunt
599 1690 633 1735 se
658 1671 783 1737 omuino
803 1671 954 1736 nescisse.
974 1672 1067 1746 Ecce,
1085 1671 1223 1753 inquam,
1244 1689 1306 1752 quo

157 1777 252 1842 modo
280 1797 342 1842 uon
370 1781 468 1853 taces,
496 1781 533 1842 ut
561 1796 619 1842 uec
642 1777 724 1842 istae
747 1777 890 1854 audiant,
916 1797 995 1861 quae
1019 1777 1080 1842 tibi
1107 1782 1194 1842 tanta
1217 1777 1306 1842 iami-

157 1884 297 1948 lisritatc
324 1883 509 1968 iunguntur.
536 1884 579 1948 Ilt
606 1885 680 1964 quia
702 1884 843 1948 breuiter
869 1883 907 1946 ab
933 1903 975 1948 ca
992 1884 1222 1966 quaesiueram,
1246 1883 1307 1948 ieci

158 1994 205 2070 ut,
233 1990 301 2055 illis
329 1989 533 2054 audientibus
557 1990 759 2072 multumque
787 1990 978 2056 mirantibus
1002 1995 1040 2055 et·
1056 1989 1308 2074 glorificantibus

115 2121 139 2155 rs
158 2097 274 2174 Deum,
311 2100 415 2160 totum
449 2115 489 2160 ex·
517 2097 636 2174 ordine,
673 2116 766 2180 quem
805 2096 1006 2163 admodum
1039 2101 1167 2180 gestum
1200 2096 1306 2173 fuerit,

156 2203 321 2268 indicaret.

201 2309 364 2374 Medicum
389 2310 545 2392 quendam
570 2311 746 2394 podagrum
768 2311 800 2375 in
826 2311 934 2376 eadem
954 2311 1031 2376 urbe
1051 2310 1150 2374 luisse
1170 2309 1305 2382 ssimum

157 2417 214 2496 qui
237 2435 310 2480 cum
334 2415 479 2480 dedisset
500 2435 613 2480 nomen
638 2415 678 2479 ad
701 2416 896 2499 baptismum
921 2420 952 2480 et
970 2416 1070 2498 pridie
1089 2434 1182 2499 quam
1204 2414 1307 2494 bapti·

157 2526 283 2587 caretur
309 2521 342 2585 in
371 2523 491 2587 somnis
520 2542 539 2586 a
564 2522 671 2604 pueris
699 2522 807 2606 nigris¹
828 2521 962 2600 cirratis,
991 2540 1071 2605 qnos
1100 2520 1309 2603 intellegebat

112 2629 339 2707 eudaemones,
362 2629 516 2712 baptizari
539 2628 650 2693 eodem
674 2649 755 2693 anuo
778 2628 957 2710 prohibitus
981 2627 1098 2693 fuisset
1117 2627 1226 2710 eisque
1246 2645 1305 2690 uon

157 2737 381 2819 obtemperans
405 2736 501 2800 etiam
525 2736 785 2800 conculcantibus
810 2735 905 2817 pedes
926 2735 994 2800 eius
1013 2735 1044 2798 in
1066 2735 1205 2800 dolorem
1224 2753 1308 2798 acer-

155 2842 285 2920 rimum,
314 2844 439 2926 qualem
466 2861 640 2924 numquam
669 2846 815 2925 expertus
839 2846 898 2920 est,
927 2845 1117 2918 aestuasset,
1140 2840 1307 2924 magisque

157 2967 214 3014 eos
251 2949 382 3013 uincens
418 2950 550 3014 lauacro·
583 2948 838 3033 regenerationis,
876 2952 913 3013 ut
946 2951 1088 3024 uouerat,
1127 2946 1212 3010 ablui
1246 2965 1306 3011 nou

156 3055 350 3131 distulisset,
382 3055 414 3118 in
442 3055 633 3137 baptismate
661 3056 731 3136 ipso
759 3073 821 3119 non
849 3055 954 3120 solum
982 3054 1100 3132 dolore,
1133 3073 1195 3136 quo
1223 3055 1309 3118 ultra

111 3161 292 3226 assolitam
319 3163 527 3241 cruciabatur,
554 3181 665 3226 uerum
694 3162 789 3227 etiarn
818 3161 957 3246 podagra
984 3161 1124 3226 caruisse
1153 3179 1210 3225 nec
1244 3180 1307 3224 arn·

156 3268 256 3351 plius,
281 3287 353 3332 cum
377 3268 432 3333 diu
451 3271 564 3352 postea
582 3269 725 3346 uixisset,
744 3268 841 3351 pedes
861 3268 1001 3333 doluisse
1021 3269 1096 3348 quis
1112 3267 1222 3332 uouit?
1241 3265 1308 3330 Nos

155 3379 265 3439 tamen
280 3376 428 3438 nouimus
444 3379 476 3440 et
488 3375 674 3457 paucissimi
689 3375 801 3440 fratres
818 3374 856 3439 ad
872 3393 952 3456 quos
966 3373 999 3438 id
1014 3373 1120 3456 potuit
1132 3374 1307 3455 peruenire.

203 3481 249 3544 Eu
272 3481 369 3546 mimo
393 3481 521 3564 quidam
546 3480 761 3546 Carrubitanus
785 3501 846 3545 nou
867 3483 971 3544 solum
992 3499 1010 3544 a
1029 3480 1177 3562 paralysi,
1197 3499 1305 3543 uerrrm

250 3740 325 3796 510.
347 3741 377 3794 ll

195 3861 355 3934 9'respond.
374 3865 442 3919 mibi
458 3883 477 3935 9
548 3870 577 3919 et
595 3882 682 3919 noue
733 3867 766 3918 10
786 3869 849 3920 aute
869 3867 1002 3919 asciscant
1019 3881 1037 3934 y
1088 3865 1120 3916 12
1140 3881 1192 3916 non
1213 3863 1307 3931 ‹rara.p¹

159 3957 192 4007 17
208 3955 241 4007 ia
253 3970 354 4024 marm:
367 3954 400 4007 de
414 3953 535 4024 podagro
549 3953 653 4008 medico
669 3954 696 4007 iu
710 3953 876 4023 baptismate
891 3957 984 4007 curato
998 3971 1016 4022 p
1068 3951 1202 4005 medicum
1222 3968 1306 4020 queu-

158 4045 222 4098 dam
240 4043 391 4112 podagrum
410 4043 438 4096 in
458 4042 552 4096 eadem
571 4042 636 4096 urbe
655 4044 754 4097 scimus
772 4042 856 4096 luisse
877 4059 895 4094 a
954 4041 1164 4112 podagricum'b
1224 4039 1307 4092 luisse

159 4134 259 4186 scimus
278 4149 329 4188 om.
346 4132 436 4200 bopo
454 4132 552 4186 Domb.
590 4133 624 4185 22
644 4134 797 4186 aestuasset
813 4149 844 4200 p,·
863 4131 999 4185 extitisset
1018 4130 1116 4183 ornisso
1136 4127 1308 4182 antecedente

160 4221 362 4290 estcp,·isaet
381 4221 620 4291 abpaoDomb.
676 4223 711 4274 24
730 4218 833 4290 quodp
887 4219 972 4272 28ira
991 4217 1144 4286 marpsde
1164 4218 1306 4288 paralitico

160 4315 188 4364 et
205 4309 358 4380 ponderoso
378 4312 505 4380 curstop
577 4311 720 4363 exminimo
740 4309 784 4362 ab
859 4309 1015 4362 curbitanus
1036 4325 1050 4360 c
