3192 4959
302 471 354 526 De
382 472 557 526 ciuitate
585 471 647 526 dei
674 470 739 527 lib.
766 470 868 525 XVIII.
898 488 973 543 cap.
1004 471 1116 527 18-20.
1214 474 1279 538 293

134 669 163 729 et
178 666 399 731 Hebraeorum
418 666 512 730 iudex
531 664 679 742 Samson3
700 668 754 749 qui
774 684 847 731 cum
867 666 1054 731 mirabiliter
1071 666 1163 732 fortis
1183 670 1277 746 esset,

133 776 263 853 putatus
291 776 341 837 est
362 772 527 839 Hercules.
557 774 621 839 Sed
643 775 780 850 Aenean,
805 774 954 856 quoniam
983 773 1105 855 quando
1133 776 1277 839 mortuus

133 889 179 942 est
211 898 275 943 non
307 880 483 962 conparuit,
508 879 604 944 deum
632 880 694 944 sibi
722 878 866 945 lecerunt
892 880 1006 944 Latini.
1041 879 1149 945 Sabini
1181 880 1277 944 etiam

131 1004 237 1069 regem
260 1005 356 1050 suum
379 987 517 1069 primum
541 985 679 1051 Sancum
698 986 778 1065 siue,
803 990 839 1050 ut
862 986 960 1069 aliqui
984 986 1153 1068 appellant,
1178 984 1259 1051 Sanc

103 1094 205 1171 stum,
228 1094 421 1157 rettulerunt
443 1094 474 1156 in
499 1091 586 1158 deos.
609 1094 670 1157 Per
692 1093 777 1157 idem
800 1096 927 1175 tempus
952 1092 1073 1158 Codrus
1097 1110 1150 1157 rer
1173 1092 1275 1157 Athe·

131 1197 288 1264 nieusium
312 1199 606 1282 Peloponnensibus
630 1199 773 1264 eiusdem
796 1199 943 1265 hostibus
969 1199 1110 1264 ciuitatis
1130 1218 1163 1263 se
1183 1198 1277 1262 inter-

131 1305 298 1370 ficiendum
329 1306 458 1391 ignotus
491 1307 621 1382 obiecit3
656 1310 687 1371 et
718 1306 839 1371 lactum
872 1308 929 1372 est.
966 1306 1036 1369 Hoc
1071 1304 1166 1369 modo
1203 1322 1276 1369 eum

129 1411 313 1494 praedicant
351 1412 485 1496 patriam
521 1412 684 1477 liberasse.
725 1412 926 1495 Responsum
967 1412 1051 1476 enim
1092 1415 1278 1495 acceperant

129 1519 383 1602 Peloponnenses
410 1524 480 1583 tum
508 1519 635 1584 demum
664 1538 698 1583 se
727 1522 943 1602 superaturos,
971 1519 999 1583 si
1027 1536 1136 1582 eorum
1167 1536 1276 1601 regem

91 1654 114 1691 ιι
130 1643 188 1689 non
214 1624 421 1691 occidissent.
449 1625 579 1690 Petellit
606 1644 679 1710 ergo
710 1644 764 1689 eos
786 1624 900 1690 habitu
928 1626 1075 1708 pauperis
1099 1624 1274 1707 apparendo

130 1734 160 1795 et
184 1732 217 1795 in
246 1750 340 1796 suam
371 1751 480 1797 necem
512 1753 568 1817 per
594 1732 736 1817 iurgium
764 1732 975 1814 prouocando.
1004 1730 1094 1798 Unde
1128 1732 1172 1795 ait
1199 1730 1275 1795 Ver-

132 1839 238 1922 gilius:

837 1986 875 2043 Et
897 1984 992 2059 iurgia
1015 1985 1111 2044 Codri.

128 2121 168 2185 Et
203 2123 292 2187 huuc
323 2121 532 2187 Athenienses
569 2125 734 2206 tamquam
771 2122 866 2187 deum
899 2121 1125 2187 sacrificiorum
1158 2122 1275 2189 honore

89 2243 112 2281 ¹⁵
129 2228 304 2293 coluerunt
328 2226 446 2306 Quarto
470 2228 655 2293 Latinorum
679 2248 753 2312 rege
776 2228 879 2294 Siluio
903 2230 1026 2295 Aeneae
1051 2228 1127 2305 filio,
1152 2248 1212 2295 non
1237 2229 1274 2294 de

128 2333 257 2413 Creusa,
282 2334 321 2398 de
345 2354 407 2416 qua
429 2334 491 2399 fuit
513 2333 679 2411 Ascanius,
705 2334 759 2416 qui
783 2334 897 2399 tertius
921 2335 966 2398 ibi
985 2336 1139 2418 regnauit,
1160 2336 1215 2400 sed
1236 2334 1273 2399 dc

126 2441 259 2506 Lauinia
282 2441 386 2506 Latini
409 2440 485 2518 filia,
510 2461 603 2523 quem
626 2447 812 2524 postumum
835 2443 957 2507 Aeneas
976 2442 1094 2507 dicitur
1111 2441 1273 2521 habuisse,

126 2549 332 2631 Assyriorum
372 2551 479 2613 autem
519 2547 693 2613 uicensimo
731 2551 763 2613 ot
800 2567 880 2613 nouo
920 2548 1005 2613 Oneo
1044 2552 1076 2613 et
1110 2548 1272 2617 Melantho

125 2654 370 2720 Atheniensium
398 2657 486 2719 serto
515 2654 650 2733 decimo,
678 2654 782 2719 indice
816 2658 922 2719 autem
949 2655 1167 2721 Hebraeorum
1198 2656 1273 2721 Heli

84 2774 108 2813 2⁰
125 2761 292 2826 sacerdote
310 2780 444 2844 regnum
459 2758 677 2844 Sicyoniorum
696 2764 899 2826 consumtum
919 2766 978 2839 est,
999 2760 1083 2843 quod
1100 2780 1157 2844 per
1175 2781 1273 2828 anuos

124 2870 303 2953 nongentos
332 2866 561 2951 quinquaginta
588 2871 621 2931 et
647 2886 761 2931 nouem
788 2866 925 2932 traditur
950 2868 1051 2933 fuisse
1082 2871 1271 2951 porrectum.

584 3058 721 3126 CAPUT
744 3060 813 3124 XX.

121 3206 174 3271 De
198 3204 470 3271 successione
495 3204 652 3269 ordinis
675 3204 781 3289 regii
811 3208 908 3287 aput
935 3205 1154 3271 israelitas
1178 3210 1272 3289 post

499 3310 681 3375 iudicum
704 3315 895 3393 tempora.

80 3466 104 3506 ²⁵
162 3456 240 3520 Mox
275 3454 395 3519 eisdem
427 3472 484 3535 per
514 3453 585 3518 loca
615 3456 791 3518 memorata
818 3453 1025 3537 regnantibus
1053 3453 1270 3519 israelitarum

118 3581 255 3645 regnum
280 3560 368 3625 linito
392 3564 534 3641 temporo
557 3559 699 3623 iudicum
719 3579 737 3623 a
756 3559 851 3625 Saule
870 3579 944 3643 rege
963 3560 1080 3625 sumsit
1098 3559 1268 3639 exordium,

120 3686 181 3749 quo
205 3673 353 3748 temporo
375 3665 439 3730 fuit
461 3666 617 3749 propheta
639 3664 779 3731 Samuel.
803 3666 851 3730 Ab
876 3665 931 3731 illo
954 3667 1054 3751 igitur
1076 3670 1217 3751 tempore
1236 3667 1270 3731 hi

118 3794 209 3858 reges
234 3772 422 3837 Latinorum
445 3791 516 3837 esse
540 3775 721 3855 coeperunt,
741 3792 821 3855 quos
846 3773 1109 3856 cognominabant
1133 3772 1267 3849 Siluios3

189 3946 246 4019 ‘12
265 3962 323 4017 ner.
341 3964 367 4029 5,
388 3964 419 4017 ιι

154 4091 320 4196 1εαωρεοῃ
336 4104 356 4159 9
422 4090 584 4143 Axauctum
600 4105 645 4159 pp
717 4090 764 4142 alii
783 4088 893 4159 quidam
908 4106 929 4159 p
1002 4089 1211 4159 Speloponens.
1230 4106 1269 4159 ep

119 4207 134 4258 7
149 4172 320 4275 'ignorare
365 4204 559 4275 Sacciperant
574 4222 606 4275 95
625 4208 819 4275 acceperunte
866 4206 898 4259 13
918 4208 947 4259 at
964 4205 1087 4274 iurgiav
1139 4206 1170 4258 15
1189 4171 1267 4271 polu-

119 4300 232 4348 emnte
299 4294 331 4348 17
349 4293 504 4356 lebuiniae
574 4293 749 4363 posthumum
765 4309 808 4361 po
871 4294 904 4346 21
925 4294 1091 4361 nongento
1152 4292 1186 4347 23
1205 4298 1268 4363 post

118 4384 223 4438 iudices
239 4400 288 4453 pq
341 4382 377 4436 27
395 4382 505 4437 Samuel
522 4382 616 4453 proph.
634 4399 651 4437 o
722 4381 761 4435 bii
777 4399 796 4451 9
