3192 4959
630 397 656 452 S.
684 395 843 450 Aurelii
869 397 1086 465 Augustini

752 591 890 658 CAPUT
913 591 968 656 VI.

287 732 432 814 Qualis
469 733 753 818 intellegenda
794 733 850 798 sit
887 751 976 798 esse
1012 731 1183 802 locutio.
1218 751 1294 814 qua
1327 733 1436 799 Dens

666 839 827 925 angelis
855 839 1055 922 loquitur.

329 983 459 1047 Poterat
483 985 515 1046 et
537 981 628 1058 illud,
654 979 777 1063 quando
802 981 906 1046 factus
931 985 981 1045 est
1002 980 1108 1060 homo,
1133 979 1172 1046 de
1200 980 1321 1066 angelis
1343 981 1437 1046 intel·

284 1089 349 1173 legi
369 1089 453 1172 quod
472 1088 592 1154 dictum
613 1091 676 1153 est:
700 1087 916 1152 Faciamus
941 1087 1150 1164 hominem,
1171 1085 1247 1170 qnia
1265 1087 1434 1152 condixit:
1468 1107 1480 1144 ε

285 1195 448 1272 ‘Faciam'3
483 1195 538 1260 sed
567 1194 642 1277 qnia
670 1194 816 1277 sequitur
843 1194 887 1258 ad
916 1195 1134 1279 imaginem
1163 1198 1353 1270 nostram,
1377 1213 1436 1259 nec

284 1301 332 1368 las
357 1306 407 1366 est
431 1302 556 1366 credere
580 1301 619 1366 ad
643 1301 813 1386 imaginem
839 1301 1024 1386 angelorum
1048 1299 1209 1366 hominem
1227 1301 1361 1371 factum.
1381 1305 1439 1366 ant

287 1397 416 1473 eandem
446 1427 516 1474 esse
543 1409 715 1492 imaginem
744 1407 927 1492 angelorum
953 1411 986 1472 et
1008 1408 1082 1473 Dei:
1115 1411 1200 1473 recte
1223 1407 1290 1472 illic
1312 1408 1437 1473 intelle·

287 1516 373 1599 gitur
396 1515 561 1599 pluralitas
585 1515 748 1579 trinitatis.
774 1512 862 1592 Quae
881 1517 986 1578 tumen
1006 1513 1132 1580 trinitas
1152 1515 1227 1596 quia
1245 1533 1329 1579 unns
1347 1515 1437 1579 Deus

286 1625 345 1700 eet,
380 1621 475 1686 etiem
509 1641 581 1685 cum
615 1620 762 1685 dixisset:
801 1619 1048 1686 ‘Faciamus'r
1086 1621 1144 1685 ‘Et
1175 1621 1288 1698 fecit,
1320 1621 1435 1703 inquit,
1455 1640 1481 1681 ro

286 1729 393 1793 Dens
423 1729 621 1792 hominem
652 1727 943 1812 ad,imaginem
972 1728 1065 1803 Dei,
1089 1747 1150 1792 non
1183 1727 1263 1792 dixit
1283 1729 1439 1792 ‘feceruut

287 1835 329 1899 di'
352 1837 408 1900 aut
430 1835 479 1899 ‘ad
502 1835 670 1918 imaginem
696 1833 848 1898 deornm‘.
873 1833 1005 1898 Poterat
1027 1837 1059 1898 et
1082 1833 1135 1898 hic
1159 1834 1269 1899 eadem
1292 1834 1438 1918 intellegi

286 1941 422 2017 trinitas
437 1945 600 2023 tamquam
613 1941 709 2005 Pater
728 1939 842 2004 dixerit
861 1940 900 2004 ad
913 1939 1032 2004 Filium
1052 1943 1085 2005 et
1098 1939 1254 2024 Spiritum
1273 1943 1437 2007 sanctum:

291 2047 444 2124 Venite,
468 2051 506 2113 et
529 2047 829 2112 descendentes
853 2046 1149 2114 confundamus
1173 2047 1230 2112 ibi
1253 2047 1437 2132 linguam

288 2173 434 2234 eorum,
464 2155 491 2221 si
520 2153 640 2238 aliquid
668 2156 763 2231 esset,
794 2152 879 2235 quod
907 2155 1036 2237 angelos
1065 2153 1248 2237 prohiberet
1277 2154 1435 2239 intellegi,
1456 2175 1484 2217 re

289 2261 404 2344 quibus
428 2262 536 2344 potius
561 2259 708 2326 conuenit
731 2260 842 2324 uenire
865 2259 905 2324 ad
927 2259 1032 2325 Deum
1055 2261 1196 2326 motibus
1223 2261 1353 2336 sanctis,
1376 2260 1440 2325 hoc

290 2371 340 2433 est
366 2367 616 2454 cogitationibus
644 2366 717 2450 piis,
742 2365 859 2448 quibus
888 2366 925 2431 ab
956 2366 1001 2431 eis
1030 2368 1207 2432 consulitur
1228 2368 1439 2433 incommuta·

287 2473 361 2540 bilis
381 2475 517 2553 Veritas,
536 2475 700 2557 tamquam
718 2475 767 2537 lex
787 2476 914 2537 aeterna
931 2473 964 2537 in
982 2473 1040 2539 illa
1058 2493 1166 2538 eorum
1186 2474 1273 2538 curia
1292 2491 1441 2555 superna·

288 2579 399 2664 Neque
428 2581 511 2646 onim
540 2580 600 2646 eibi
628 2580 692 2663 ipsi
720 2582 796 2644 sunt
823 2579 953 2655 ueritas,
983 2579 1040 2643 sed
1072 2579 1232 2644 creatricis
1264 2578 1440 2663 participes

287 2687 439 2752 Veritatis
468 2686 508 2750 ad
536 2687 623 2751 illam
652 2689 831 2760 mouentur,
855 2688 1020 2767 tamquam
1049 2685 1089 2750 ad
1115 2686 1237 2750 fontem
1266 2686 1365 2763 uitae,
1389 2689 1439 2762 nt,
1459 2710 1486 2751 ao

290 2794 375 2876 quod
398 2813 459 2858 non
483 2793 602 2857 habent
625 2811 661 2856 ex
685 2811 718 2856 se
741 2791 833 2874 ipsis,
858 2793 984 2875 capiant
1006 2811 1043 2857 ex
1064 2791 1144 2876 ipsa.
1177 2793 1219 2857 Et
1241 2811 1351 2858 eorum
1375 2797 1441 2857 sta·

289 2901 364 2966 bilis
389 2904 439 2966 est
460 2900 522 2964 iste
545 2901 663 2975 motus,
689 2917 751 2980 qno
775 2897 918 2976 ueniunt,
943 2898 1081 2981 quinon
1104 2899 1262 2964 recedunt
1298 2897 1366 2966 Nec
1391 2900 1441 2964 sic

288 3007 432 3090 loquitur
454 3005 576 3089 augelis
595 3004 694 3083 Dens,
715 3023 776 3086 quo
800 3004 894 3070 modo
918 3025 977 3071 nos
993 3005 1031 3070 in
1054 3006 1160 3070 uicem
1181 3005 1273 3070 nobis
1296 3007 1350 3070 nel
1369 3005 1440 3072 Deo

290 3114 344 3178 uel
372 3113 493 3198 angelis
521 3111 575 3175 uel
601 3111 664 3194 ipsi
693 3111 797 3196 angeli
825 3111 917 3177 nobis
945 3113 1015 3177 siue
1042 3131 1099 3195 per
1124 3112 1198 3176 illos
1222 3111 1309 3177 Deus
1332 3112 1441 3189 nobis,

290 3220 345 3284 scd
373 3219 525 3284 ineffabili
555 3237 612 3284 suo
641 3217 750 3294 modo;
783 3218 875 3282 nobis
908 3221 1013 3284 autern
1047 3219 1108 3283 hoc
1139 3218 1297 3284 indicatum
1326 3223 1441 3284 nostro
1459 3241 1489 3284 ss

289 3325 394 3392 modo.
418 3325 477 3390 Dei
503 3327 618 3408 quippe
643 3324 811 3389 sublimior
834 3329 906 3389 ante
931 3344 1025 3390 sunm
1048 3325 1169 3390 factum
1191 3325 1311 3390 locutio
1332 3325 1442 3409 ipsius

291 3433 341 3496 sui
369 3432 446 3498 facti
476 3435 526 3497 est
552 3429 749 3496 inmutabilis
778 3431 869 3507 ratio,
898 3450 979 3514 quae
1005 3449 1066 3495 non
1093 3431 1191 3496 habet
1217 3449 1330 3496 sonum
1359 3435 1443 3496 stre-

289 3542 417 3621 pentem
441 3538 543 3621 adque
566 3540 792 3612 transeuntem,
817 3537 874 3602 sed
895 3536 964 3602 uim
987 3537 1178 3620 sempiterne
1200 3540 1381 3602 manentem
1408 3543 1444 3602 et

290 3647 507 3728 temporaliter
535 3647 725 3728 operantem.
762 3643 832 3708 Hac
859 3643 1002 3727 loquitur
1032 3644 1154 3727 angelis
1187 3644 1317 3722 sanctis,
1345 3645 1441 3709 nobis

291 3756 398 3818 antem
428 3753 519 3817 aliter
546 3753 638 3837 longe
662 3750 787 3834 positis.
827 3748 958 3829 Quando
983 3753 1090 3815 autem
1114 3751 1210 3814 etiam
1234 3770 1291 3816 nos
1315 3749 1441 3832 aliquid
1462 3767 1489 3809 so

381 3965 397 4018 5
417 3961 484 4017 Gen.
505 3965 529 4024 l,
548 3961 582 4016 26
603 3979 642 4031 sq.

327 4086 558 4156 ligmagineme
630 4083 701 4140 8ad
717 4085 897 4155 imaginemc
987 4083 1048 4137 idco
1066 4088 1173 4138 rectae
1246 4083 1279 4136 12
1299 4087 1391 4149 autem
1417 4083 1447 4135 V

292 4175 404 4239 eandem
428 4175 453 4226 V
498 4176 531 4230 15
551 4190 642 4228 essee
688 4173 896 4228 lrincommut.
921 4171 1446 4242 VovDomo.,·i1nmutaeypra‚.=

292 4294 325 4346 18
344 4255 452 4345 tamqum
477 4289 503 4342 V
547 4291 580 4343 19
599 4289 734 4359 particeps
758 4288 784 4342 V
826 4288 1050 4342 21e1semeto
1122 4287 1258 4356 ipsip⁴f
1299 4287 1334 4340 29
1352 4285 1444 4359 hege
