3192 4959
301 449 365 510 412
652 443 677 496 S.
705 442 863 496 Aurelii
891 441 1106 511 Augustini

301 639 391 702 uelut
413 637 570 720 Apollinis
594 637 658 702 ista
681 639 770 701 sunt:
796 637 901 700 ‘Forte
925 637 1026 720 magis
1046 635 1165 718 poteris
1183 636 1216 700 in
1240 655 1320 719 aqna
1336 635 1451 718 inpres-

300 747 346 810 sis
374 744 491 808 litteris
521 744 657 808 scribere
686 748 741 807 aut
769 743 922 808 adinflans
950 745 1040 807 leues
1068 743 1181 824 pinnas
1210 762 1265 825 per
1288 763 1362 808 aera
1385 745 1450 806 auis

300 851 418 927 uolare,
448 868 543 932 quam
570 850 712 932 pollutae
738 868 871 914 reuoces
899 849 1004 931 inpiae
1031 849 1138 913 nroris
1168 867 1307 912 sensum.
1338 849 1453 932 Pergat

300 975 362 1039 quo
395 956 491 1020 modo
523 957 597 1020 uult
627 956 774 1019 inanibus
808 955 942 1020 fallaciis
977 951 1194 1041 [perseuerans
1222 959 1255 1019 et
1286 956 1452 1020 lamentari

299 1062 450 1146 fallaciis]
477 1067 636 1127 mortuum
662 1063 765 1126 Ileum
789 1066 931 1136 centana,
956 1081 1051 1144 quem
1078 1061 1238 1126 iudicibus
1266 1064 1355 1126 recta
1388 1081 1486 1125 sen-r

299 1170 455 1235 tieutibus
492 1168 651 1252 perditum
684 1169 824 1251 pessima
857 1169 887 1232 in
922 1169 1075 1250 speciosis
1113 1169 1195 1232 ferro
1227 1169 1338 1232 uincta
1370 1187 1452 1232 mors

299 1275 482 1375 interfecit?
510 1275 630 1338 Deinde
658 1279 731 1358 post
758 1274 817 1338 hos
846 1293 959 1338 uersus
987 1274 1156 1356 Apollinis,
1185 1275 1324 1355 quinon
1350 1279 1452 1338 stante

300 1386 401 1446 metro
429 1382 541 1446 Latine
569 1381 766 1463 interpretati
794 1384 880 1458 sunt,
910 1380 1074 1446 subiunxit
1101 1381 1203 1464 adque
1232 1381 1292 1444 ait:
1326 1381 1376 1444 ‘In
1406 1381 1451 1444 his

300 1489 429 1572 quidem
461 1488 698 1553 inremediabile
730 1489 906 1552 sententiae
939 1507 1047 1552 eorum
1083 1488 1301 1553 manifestauit
1334 1489 1451 1554 dicens.

299 1597 449 1677 quoniam
472 1595 583 1659 Iudaei
605 1594 787 1676 suscipiunt
809 1595 914 1660 Deum
937 1596 1041 1678 magis
1066 1614 1159 1676 qnam
1184 1595 1259 1660 isti.²
1281 1595 1374 1668 Ecce,
1399 1595 1451 1658 ubi
1467 1617 1486 1654 n

301 1703 485 1767 decolorans
515 1701 677 1766 Christum
699 1701 836 1766 Iudaeos
864 1701 1049 1782 praeposuit
1074 1701 1276 1778 Christianis,
1300 1701 1450 1764 confitens

300 1810 385 1890 quod
407 1809 517 1873 Iudaei
540 1807 717 1890 suscipiant
739 1808 853 1872 Deum.
878 1808 931 1872 Sic
955 1809 1037 1872 enim
1062 1809 1209 1891 exposuit
1225 1827 1340 1872 uersus
1359 1807 1450 1888 Apol-

298 1916 384 1992 linis,
412 1916 466 1978 ubi
495 1936 513 1980 a
540 1915 700 1978 iudicibus
728 1921 816 1979 recta
844 1915 1053 1980 sentientibus
1079 1914 1242 1980 Christum
1270 1914 1349 1978 dicit
1373 1915 1450 1977 oeci·-

301 2040 383 2098 sum,
407 2024 570 2103 tamquam
593 2021 658 2085 illis
682 2022 768 2085 iuste
790 2022 1007 2086 iudicantibus
1030 2022 1145 2086 merito
1169 2021 1213 2085 sit
1234 2020 1290 2084 ille
1308 2020 1449 2102 punitus.

301 2127 442 2191 Viderim
479 2129 557 2210 quid
593 2129 631 2191 de
674 2128 799 2192 Christo
844 2133 934 2192 uates
977 2128 1107 2192 mendax
1144 2127 1301 2210 Apollinis
1340 2126 1483 2192 dixeritis

299 2234 403 2315 adque
439 2234 501 2298 iste
539 2235 707 2299 crediderit
743 2240 799 2298 aut
830 2236 966 2298 fortasse
999 2239 1119 2311 uatem,
1152 2233 1236 2316 quod
1269 2252 1329 2296 non
1363 2233 1446 2308 dixit

300 2341 417 2404 dixisse
436 2341 497 2404 iste
516 2341 586 2422 ipse
606 2341 795 2406 confinxerit.
816 2339 917 2418 Quam
937 2341 999 2404 sibi
1022 2344 1148 2406 constet
1166 2341 1218 2404 uel
1237 2341 1307 2423 ipsa
1325 2339 1447 2404 oracula

299 2447 383 2512 inter
401 2467 434 2511 se
453 2447 551 2511 faciat
568 2449 745 2525 conuenire,
764 2451 877 2529 postea
894 2447 1090 2520 uidebimus;
1111 2447 1163 2512 hio
1181 2449 1286 2510 tamen
1306 2446 1444 2516 Iudaeos,

300 2557 464 2636 tamquam
496 2554 555 2618 Dei
588 2557 800 2635 susceptores,
834 2557 917 2618 recte
951 2554 1029 2618 dicit
1055 2553 1214 2618 iudicasse
1246 2553 1284 2617 de
1313 2552 1444 2620 christo,

302 2663 387 2742 quod
410 2681 483 2724 eum
506 2663 607 2724 morte
631 2661 772 2742 pessima
795 2660 1037 2725 excruciandum
1061 2679 1130 2723 esse
1156 2661 1344 2724 censuerint.
1364 2659 1445 2721 Deus
1461 2673 1482 2714 n

300 2767 408 2848 itaque
436 2765 635 2841 Iudaeorum,
663 2766 715 2830 cui
745 2766 893 2846 perhibet
919 2767 1148 2844 testimonium,
1182 2765 1358 2829 audiendus
1389 2763 1446 2826 luit

303 2873 428 2936 dicens:
464 2869 716 2935 Sacrificans
746 2872 807 2936 dis
842 2871 1135 2948 eradicabitur,
1168 2871 1251 2935 nisi
1285 2870 1443 2934 Domino

301 2983 470 3042 tantum.
504 2976 567 3041 Sed
590 2978 629 3040 ad
652 2975 870 3041 manifestiora
901 2977 1068 3040 ueniamus
1097 2982 1129 3041 et
1162 2977 1329 3042 audiamus
1357 2995 1442 3058 quam

301 3104 451 3167 magnum
476 3084 577 3147 Deum
603 3085 688 3148 dicat
708 3101 778 3147 esse
798 3081 997 3148 ludaeorum.
1022 3085 1102 3148 Item
1128 3083 1167 3148 ad
1187 3103 1233 3156 aa,
1259 3103 1339 3166 quae
1357 3085 1442 3147 inter-

339 3258 667 3314 lin..litterisom.b
704 3259 925 3312 2inflanruul.
980 3261 1205 3329 pennasleueru
1263 3259 1442 3330 pinnasbep:

301 3365 404 3416 pennas
424 3365 442 3400 a
447 3367 469 3416 p
555 3349 613 3401 auis
634 3349 809 3453 “b9²}‚¹9)‘’'
827 3351 859 3402 ut
879 3350 937 3402 auis
954 3347 1025 3416 p²o,·
1044 3354 1093 3403 aut
1111 3350 1170 3402 auis
1189 3367 1203 3403 e
1276 3351 1292 3403 3
1313 3349 1411 3418 polluta
1422 3361 1441 3412 p

300 3464 434 3533 pollutare
452 3481 565 3517 nocere
637 3465 752 3518 uxorisis
772 3465 915 3518 sensumb
989 3467 1136 3533 perarate
1191 3467 1399 3536 4persenerans
1415 3464 1439 3512 et

300 3553 443 3606 lamentari
467 3553 583 3608 fallaciis
607 3571 658 3608 one.
680 3572 705 3621 p.
730 3560 799 3607 recte
821 3559 852 3606 ut
870 3560 950 3622 puto,
975 3571 1033 3608 cum
1057 3555 1125 3608 hvuec
1149 3555 1238 3608 acrba
1261 3549 1438 3622 interpretatio

300 3659 357 3694 ease
373 3642 526 3695 uideantur
544 3642 757 3696 antecedentium
832 3660 935 3710 persen.
957 3647 985 3695 et
1002 3643 1065 3696 lam.
1087 3643 1205 3696 fallaciis
1222 3659 1240 3694 a
1251 3643 1266 3694 b
1277 3659 1291 3695 e
1301 3661 1314 3708 ρ
1326 3659 1355 3696 α.·
1370 3636 1438 3692 irlla·

302 3731 351 3783 ciis
371 3747 420 3784 om.
435 3749 472 3799 p,·
494 3749 597 3800 perseu.
623 3736 651 3783 et
673 3731 915 3784 lamentationibus
940 3731 1121 3784 fallacissimis
1140 3747 1155 3784 v
1267 3733 1404 3798 bcaptane
1415 3740 1437 3789 p

301 3823 448 3888 cautasque
467 3821 483 3872 b
555 3820 690 3873 iudicibus
710 3821 739 3872 al
751 3821 766 3872 b
774 3821 830 3889 pp¹
843 3839 856 3890 ρ
867 3839 884 3870 α
894 3820 922 3886 'a;
943 3837 958 3873 a
977 3820 1112 3874 iudicibus
1126 3817 1244 3888 a²ep²v
1297 3820 1312 3870 6
1328 3821 1353 3870 in
1368 3833 1409 3869 orn.
1424 3831 1437 3861 e

300 3911 316 3961 7
336 3913 443 3962 stante
513 3910 530 3961 9
550 3909 807 3978 tergiuersationem
828 3909 1069 3962 irremediabilisc
1147 3907 1350 3962 inremediabile
1368 3919 1436 3968 nep:

302 3997 499 4050 inremediabili
519 3997 534 4048 b
642 3997 875 4052 inremediabilem
897 3999 1059 4052 sententiam
1076 4015 1096 4064 p
1189 3999 1221 4051 12
1240 3997 1384 4066 srrsoipiunt
1398 4005 1435 4056 ep

303 4089 336 4138 13
356 4103 371 4138 a
390 4085 444 4138 iud.
465 4085 645 4154 tappulo:
664 4104 680 4138 a
698 4103 748 4140 orn.
770 4087 824 4156 ap¹
843 4088 943 4140 Domb.
1014 4089 1045 4139 14
1065 4087 1136 4140 iuste
1156 4103 1206 4140 om.
1227 4087 1242 4138 b
1315 4087 1380 4138 inste
1397 4079 1432 4130 di·

301 4175 461 4242 cantibusp
522 4177 553 4228 15
572 4175 687 4227 uiderim
708 4175 816 4244 abpp5
835 4175 1018 4242 uiderintpa
1038 4175 1150 4239 Dorrrb.‚·
1170 4174 1324 4228 uideriteu
1389 4183 1433 4220 ull·

300 4269 380 4332 terp
455 4265 485 4315 17
506 4263 592 4327 Quam
612 4280 709 4318 ueroc
782 4269 812 4317 ut
832 4263 908 4316 uele
982 4264 1129 4318 lanima
1201 4264 1235 4317 20
1257 4264 1435 4316 cerrsuemnte

301 4355 336 4405 24
356 4352 391 4404 ad
410 4363 478 4420 essp
