3192 4959
312 449 364 501 De
393 449 565 502 ciuitate
594 448 656 503 dei
682 449 748 505 lib.
775 450 863 504 XVII.
893 468 967 521 oap.
998 450 1039 505 10.
1070 452 1111 509 ll.
1218 456 1282 519 239

135 648 295 723 puerunt
335 662 415 707 eum
458 661 585 707 omnes
622 646 867 707 transeuntes
908 644 1016 719 uiam,
1059 647 1185 711 fantus
1224 654 1283 713 est

135 749 373 832 obprobrium
409 749 548 813 uicinis
587 751 681 823 suis;
720 749 898 815 exaltasti
938 751 1127 817 dexteram
1161 754 1282 817 inimi-

134 875 258 920 eorum
282 856 377 932 eius,
400 856 620 920 ineundasti
640 875 764 921 omnes
785 857 962 922 inimicos
983 858 1078 933 eius;
1099 860 1280 925 auertisti

132 962 363 1026 adiutorium
402 961 521 1045 gladii
560 964 641 1027 eius
680 966 717 1026 et
752 982 822 1026 non
856 982 894 1027 es
928 964 1144 1047 opitulatus
1177 966 1210 1029 ei
1243 967 1278 1031 in

101 1069 247 1140 stello:
282 1068 506 1133 dissoluisti
539 1088 619 1133 eum
655 1069 696 1133 ab
731 1070 1006 1147 emundatione,
1041 1072 1166 1136 sedem
1197 1072 1278 1137 eius

130 1176 163 1238 in
190 1180 329 1240 terram
359 1176 567 1248 conlisisti;
598 1176 773 1240 minuisti
803 1176 883 1241 dies
908 1178 1010 1241 sedis
1036 1179 1126 1261 eius,
1155 1180 1277 1261 perlu-

131 1282 221 1347 disti
246 1302 329 1347 eum
353 1283 585 1347 confusione.
609 1284 697 1347 Haeo
717 1284 824 1347 omnia
842 1288 998 1348 uenerunt
1017 1306 1112 1368 super
1131 1287 1278 1351 ancillam

130 1390 341 1465 Hierusalem,
375 1390 406 1452 in
440 1409 503 1471 qua
530 1397 743 1473 regnauerunt
769 1390 913 1454 nonnulli
943 1391 1040 1454 etiam
1069 1392 1124 1455 filii
1150 1392 1277 1468 liberae,

130 1514 259 1579 regnum
292 1495 373 1559 illud
405 1500 549 1561 tenentes
582 1497 614 1559 in
647 1497 882 1578 dispensatione
913 1498 1111 1579 temporaria,
1145 1518 1276 1581 regnum

93 1612 233 1667 roautem
267 1602 415 1667 caelestis
446 1602 659 1669 Hierusalem.
698 1604 790 1667 ouius
823 1608 911 1668 erant
943 1604 1010 1681 filii,
1043 1606 1074 1669 in
1108 1624 1184 1669 uera
1216 1606 1276 1669 fide

129 1711 280 1774 babentes
318 1714 350 1774 et
386 1710 416 1773 in
454 1730 529 1775 uero
562 1710 689 1776 Christo
727 1715 900 1793 sperantes.
939 1710 1009 1790 Quo
1042 1712 1135 1776 modo
1169 1716 1275 1775 autern

130 1818 190 1881 ista
214 1818 363 1880 uenerint
389 1836 485 1899 super
507 1818 589 1881 illud
611 1836 755 1901 regnum,
783 1817 876 1881 index
900 1822 949 1883 est
973 1838 1076 1883 rerum
1101 1824 1274 1901 gestarum,

129 1923 156 1986 si
176 1921 311 2007 legatur,
336 1924 478 1987 historio.
503 1960 508 1977 ›

588 2116 725 2181 CAPUT
748 2118 806 2181 XI.

89 2257 180 2321 noe
204 2256 445 2321 substantia
466 2257 608 2338 populi
633 2257 716 2333 Dei,
746 2276 846 2339 quae
871 2276 938 2338 per
962 2259 1270 2341 susceptionem

127 2363 259 2427 carnis
283 2364 321 2426 in
347 2362 513 2427 Christo
538 2367 610 2439 est,
634 2364 702 2445 qui
727 2365 840 2427 solus
866 2364 1032 2429 eruendi
1058 2364 1102 2428 ab
1122 2366 1270 2429 inferis

316 2468 483 2533 animam
508 2490 618 2534 suam
643 2470 787 2533 habuit
811 2474 1072 2552 potestatem.

163 2610 243 2675 Post
263 2611 343 2675 haee
366 2614 472 2675 autern
496 2612 685 2694 prophetata
707 2612 746 2675 ad
774 2612 965 2693 precandum
994 2614 1093 2677 Deum
1117 2612 1269 2695 propheta

122 2719 328 2792 conuertitur3
367 2718 423 2782 sed
462 2724 493 2782 et
528 2718 597 2801 ipsa
634 2720 774 2802 precatio
809 2719 1006 2803 prophetatio
1041 2722 1100 2785 est.
1134 2719 1269 2800 Usque

83 2842 206 2905 aquo,
242 2824 420 2902 Domine,
458 2826 615 2889 auertis
653 2825 691 2888 in
730 2825 875 2889 finem?
917 2826 1106 2890 subauditur
1144 2826 1267 2888 ‘faeiem

121 2932 229 3007 tuam',
262 2930 347 2994 sient
379 2930 455 2995 alibi
489 2930 620 2996 dieitur:
654 2930 736 3009 Quo
771 2949 900 3012 usque
934 2932 1090 2996 auertis
1121 2931 1267 2995 faeiem

120 3041 225 3101 tuam
262 3056 280 3100 a
316 3042 398 3101 me?
431 3036 513 3102 Nam
545 3038 616 3102 ideo
651 3039 779 3120 qnidam
813 3037 938 3103 oodioes
972 3038 1022 3101 hio
1056 3058 1117 3103 non
1151 3038 1267 3101 babent

121 3144 288 3220 auertis,
313 3144 367 3209 sed
391 3144 579 3219 ‘auerteris'3
605 3164 794 3228 quamquam
820 3146 922 3227 possit
945 3145 1103 3227 intellegi:
1128 3144 1265 3209 ‘Auertis

119 3248 365 3313 misericordiam
402 3254 501 3324 tuam,
539 3270 633 3331 quam
666 3252 841 3333 promisisti
874 3250 998 3315 Denid'.
1033 3250 1124 3329 Quod
1157 3255 1264 3314 auteur

80 3354 210 3417 redixit:
242 3356 283 3419 lu
316 3356 450 3435 finem,
485 3356 561 3438 quid
594 3360 644 3420 est
676 3357 738 3420 nisi
765 3377 868 3439 usque
895 3358 926 3421 in
957 3356 1078 3421 finem?
1108 3354 1168 3435 Qut
1192 3356 1263 3421 finis
1343 3370 1345 3373 ’

117 3459 348 3545 intellegendus
372 3466 421 3526 est
444 3463 592 3526 ultimum
618 3467 757 3545 tempus,
777 3464 902 3545 quando
922 3464 953 3527 in
975 3463 1135 3529 Christum
1156 3464 1262 3527 lesum

119 3568 212 3631 etiam
248 3588 325 3653 gens
359 3568 415 3633 illa
455 3571 505 3633 est
542 3568 708 3646 creditura,
746 3576 818 3634 ante
853 3590 946 3654 quem
980 3569 1074 3633 finem
1107 3569 1163 3633 illa
1196 3570 1263 3633 fieri

207 3829 239 3882 19
256 3828 293 3883 ib.
312 3846 339 3883 u.
358 3830 393 3882 47
448 3829 480 3881 21
502 3829 547 3883 Po.
568 3830 610 3897 12,
631 3830 643 3882 l

152 3985 335 4053 topitulstas
355 3986 380 4039 ei
399 3985 557 4056 abeppm
576 3987 601 4040 ei
620 3987 764 4041 auxiliatus
784 4007 797 4057 p
816 3988 915 4043 Domb.
963 3989 978 4042 6
998 3992 1070 4042 terra
1089 4006 1107 4043 o
1155 3993 1185 4044 11
1206 3992 1261 4044 ista

119 4078 238 4126 auterno
292 4076 326 4127 12
345 4074 400 4127 ista
418 4076 552 4145 uenerint]
572 4079 727 4131 statuerunt
740 4094 762 4144 p
835 4080 967 4131 uenemnt
987 4094 1005 4131 a
1054 4082 1085 4133 15
1104 4096 1151 4148 per
1170 4096 1260 4133 susee-

119 4161 233 4227 ptiouem
250 4164 328 4232 spo;
351 4179 398 4231 per
421 4165 618 4218 successionem
636 4182 698 4232 Μ·
721 4165 894 4235 susceptione
914 4166 1052 4228 fDomb.
1145 4168 1177 4221 18
1198 4185 1259 4236 pro·

118 4248 230 4316 pheteb
327 4251 472 4321 prophetia
491 4256 610 4306 conuert.
631 4254 646 4307 b
737 4255 769 4307 21
791 4271 844 4324 quo
865 4270 950 4325 usque
970 4254 1154 4325 abepppo;
1174 4273 1258 4326 usque

120 4353 203 4405 quon
254 4342 288 4395 23
309 4341 434 4394 auertinti
453 4342 469 4395 b
524 4342 558 4394 27
578 4342 626 4395 illa
645 4359 746 4411 genno
