3192 4959
293 449 358 518 374
648 447 675 499 S.
703 445 860 500 Aurelii
887 447 1103 516 Augustini

294 639 438 704 miserias
467 641 643 722 explicare?
673 639 775 719 Quam
805 643 998 706 lamentatus
1026 644 1077 706 est
1104 639 1213 706 Cicero
1240 642 1273 706 in
1303 641 1440 707 consola·
1554 627 1555 630 ¹

294 745 381 809 tione
414 745 452 809 de
485 750 586 811 morte
619 746 714 822 tiliae,
747 749 832 812 siout
863 747 983 830 potuit;
1015 749 1071 812 sed
1101 753 1254 831 quantum
1283 751 1333 812 est
1362 746 1442 830 quod

295 851 421 934 potuit?
444 851 490 916 Ila
512 853 639 937 qnippe,
664 874 743 937 quae
768 855 917 919 dicuntur
938 835 1038 938 prima
1063 857 1204 932 naturae,
1224 854 1360 937 quando,
1381 853 1442 926 ubi,

297 976 359 1038 quo
387 957 482 1022 modo
510 962 575 1024 tam
604 960 683 1025 bene
712 980 746 1025 se
773 961 889 1025 habere
916 961 949 1025 in
972 960 1031 1026 hae
1060 961 1129 1026 uita
1152 964 1296 1045 possunt,
1325 964 1443 1025 utnon
1555 987 1556 1010 ³

297 1064 357 1127 sub
389 1064 518 1129 incertis
552 1068 678 1132 casibus
711 1067 888 1132 fluctuent?
922 1065 1000 1146 Quis
1034 1067 1118 1132 enim
1151 1067 1240 1132 dolor
1272 1067 1445 1132 contrarius
1472 1089 1483 1128 s

298 1171 469 1252 uoluptati,
505 1192 584 1254 qnae
611 1174 797 1255 inquietudo
827 1175 981 1239 contraria
1009 1173 1110 1256 quieti
1137 1174 1170 1238 in
1199 1192 1314 1256 eorpus
1338 1172 1446 1238 cadere

299 1267 452 1359 sapientis
480 1297 541 1343 non
571 1283 699 1362 potest?
726 1281 944 1346 Membrorum
973 1289 1057 1345 certe
1086 1280 1261 1364 amputatio
1287 1281 1340 1344 uel
1364 1279 1446 1344 debi-

297 1383 373 1449 litas
406 1385 543 1450 hominis
572 1391 731 1471 expugnat
758 1387 1022 1464 incolumitatem,
1057 1388 1241 1452 deformitas
1274 1387 1447 1470 pulchritu·
1556 1389 1557 1408 ¹

301 1490 416 1566 dinem,
453 1491 644 1557 inbecillitas
683 1495 863 1572 sanitatem,
906 1495 990 1559 uires
1028 1493 1196 1570 lassitudo,
1238 1491 1447 1559 mobilitatem

298 1601 410 1679 torpor
431 1601 487 1662 aut
510 1600 657 1675 tarditas;
683 1601 815 1683 etquid
839 1601 952 1666 horum
976 1604 1035 1677 est,
1064 1600 1147 1683 quod
1172 1603 1309 1683 nequeat
1330 1599 1363 1663 in
1388 1617 1446 1662 car·
1465 1621 1486 1659 ro

301 1723 372 1768 nem
401 1703 554 1786 sapientis
578 1706 723 1771 inruere?
752 1706 862 1772 Status
888 1727 1014 1790 quoquc
1043 1705 1182 1789 corporis
1207 1705 1309 1788 adque
1333 1707 1448 1780 motus,
1557 1741 1558 1790 1

303 1829 376 1874 cum
401 1809 547 1876 decentes
572 1815 605 1876 et
628 1817 838 1896 congruentes
863 1815 947 1892 suunt,
971 1815 1054 1878 inter
1076 1817 1205 1878 naturae
1224 1812 1327 1894 prima
1344 1829 1450 1875 nurne-

302 1921 425 1992 rantum
459 1919 513 1982 sed
547 1919 624 2001 qnid
657 1919 684 1984 si
717 1921 823 2002 aliqua
852 1921 935 1983 mala
962 1919 1112 1985 ualetudo
1141 1918 1285 1982 membra
1317 1921 1450 1982 tremore

304 2023 485 2088 concutiat?
515 2025 591 2107 quid
620 2027 647 2091 si
670 2046 773 2108 usque
802 2025 840 2090 ad
869 2025 1028 2109 ponendas
1055 2027 1087 2089 in
1116 2028 1199 2090 terra
1226 2043 1341 2089 manus
1370 2023 1450 2089 dorsi
1558 2066 1559 2140 p

303 2129 395 2212 spina
414 2133 564 2195 ououetur
582 2136 614 2196 et
631 2131 791 2197 hominem
813 2131 949 2215 quodam
968 2131 1062 2196 modo
1083 2131 1318 2214 quadrupedem
1338 2127 1450 2195 iaciat?
1468 2151 1488 2191 n
1558 2149 1559 2184 r

301 2235 415 2300 Nonne
444 2255 568 2301 omnem
597 2239 758 2303 statuendi
782 2238 923 2322 corporis
949 2241 980 2302 et
1003 2236 1150 2302 mouendi
1180 2237 1320 2320 speciem
1345 2235 1452 2302 decus-

306 2361 366 2423 que
389 2347 570 2424 peruertet‘?
595 2345 679 2425 Quid
701 2345 804 2429 ipsius
829 2345 924 2409 animi
947 2343 1135 2428 primigenia
1159 2362 1239 2426 quae
1258 2343 1453 2426 appellantur

305 2447 397 2524 bone,
422 2449 477 2514 ubi
502 2451 564 2515 duo
589 2453 690 2535 prima
713 2455 836 2536 ponunt
853 2456 982 2536 proptor
1006 2449 1305 2535 conprehensionem
1332 2467 1453 2534 percep-

306 2556 486 2640 tionemque
512 2558 656 2624 ueritatis
681 2579 810 2624 sensum
834 2565 866 2624 et
893 2559 1116 2624 intellectum?
1145 2557 1208 2622 Sed
1233 2557 1338 2640 qualis
1362 2573 1453 2639 qnan—
1559 2633 1560 2652 Χ

307 2667 423 2744 tueque
451 2669 591 2730 remanet
620 2685 743 2743 sensus,
773 2667 812 2744 si,
839 2671 877 2730 ut
900 2665 961 2730 alia
984 2669 1118 2740 taceam,
1142 2663 1197 2729 fiat
1219 2665 1316 2729 homo
1342 2663 1452 2728 surdus
1468 2681 1490 2721 a
1559 2659 1560 2670 ’

307 2772 340 2832 et
363 2773 499 2834 caecus?
520 2771 613 2835 Ratio
638 2791 712 2838 uero
737 2775 769 2837 et
792 2771 1012 2856 intellegentia
1035 2789 1097 2854 quo
1121 2769 1257 2848 recedet,
1281 2769 1338 2834 ubi
1358 2769 1455 2852 sopie-

306 2877 369 2950 tur,
408 2876 436 2940 si
474 2876 578 2958 aliquo
616 2878 725 2943 morbo
764 2878 921 2944 efficiatur
956 2878 1108 2943 insanus?
1144 2875 1324 2942 Phrenetici
1357 2877 1454 2940 multa

308 2983 446 3046 absurda
474 3003 547 3048 cum
576 2984 686 3049 dicunt
709 2987 763 3050 uel
785 2985 917 3064 faciunt,
946 2987 1134 3068 plerumque
1159 3004 1177 3048 a
1199 2983 1281 3049 bono
1307 3002 1366 3048 suo
1390 2999 1454 3064 pro·

308 3089 414 3172 posito
439 3093 472 3152 et
494 3091 635 3156 moribus
660 3093 773 3173 aliena,
803 3093 900 3157 immo
925 3111 982 3156 suo
1006 3094 1088 3157 bono
1117 3091 1280 3173 proposito
1304 3089 1455 3155 moribus-

310 3213 372 3277 que
406 3197 570 3275 contraria,
603 3199 672 3263 siue
700 3199 756 3263 illa
784 3200 962 3284 cogitemus
992 3199 1061 3263 siue
1092 3196 1271 3274 uideamus,
1306 3197 1334 3260 si
1368 3195 1493 3278 dignen

311 3299 557 3381 consideremus,
590 3304 736 3368 lacrimas
769 3309 876 3369 tenere
914 3305 966 3368 uir
998 3321 1171 3387 possumus
1204 3304 1260 3366 aut
1292 3301 1372 3365 torte
1405 3316 1456 3362 nec

309 3427 494 3492 possumus.
534 3407 617 3488 Quid
657 3411 759 3476 dicam
799 3412 837 3475 de
875 3412 934 3485 bis,
974 3409 1028 3492 qui
1066 3409 1255 3475 daemonum
1297 3409 1458 3490 patiuntur

311 3516 478 3580 incursus?
502 3515 565 3581 Ubi
587 3519 705 3582 habent
727 3519 946 3584 absconditam
965 3518 1018 3581 uel
1042 3518 1187 3582 obrutam
1210 3513 1456 3598 intellegentiam

313 3641 413 3701 snam,
447 3625 570 3705 qnando
603 3627 778 3690 secundum
812 3643 901 3690 suam
935 3626 1134 3689 uoluntatem
1163 3627 1193 3687 et
1222 3621 1326 3686 anima
1355 3637 1457 3684 eorum

313 3733 345 3793 et
378 3749 506 3812 corpore
538 3733 697 3817 malignus
731 3733 832 3797 utitur
864 3732 1016 3814 spiritus?
1049 3729 1090 3796 llt
1127 3729 1197 3811 quis
1237 3727 1367 3793 conlidit
1403 3725 1494 3790 hocs·

314 3837 433 3900 malum
462 3839 494 3902 in
521 3837 580 3903 bac
609 3841 677 3904 uita
704 3840 830 3904 euenire
858 3859 920 3904 non
944 3857 1039 3922 posse
1068 3836 1224 3921 sapienti?
1252 3833 1375 3900 Deinde
1388 3820 1459 3915 'per-

315 3944 417 4026 ceptio
445 3945 591 4010 ueritatis
619 3947 651 4012 in
679 3947 739 4013 bac
767 3966 859 4011 earne
888 3946 991 4030 qualis
1021 3948 1076 4008 aut
1106 3945 1223 4026 quanta
1247 3946 1305 4020 est,
1330 3929 1458 4023 qnando.

352 4173 524 4228 8def0rmas
541 4193 559 4244 p
631 4172 820 4227 tlatitudob
891 4171 1053 4254 lOtepore
1125 4173 1219 4237 torpor
1237 4167 1296 4236 aut]
1318 4161 1459 4234 corporet

318 4264 449 4334 ecquido
491 4265 748 4333 laet1stquepv
790 4263 823 4315 13
843 4258 1003 4329 ualitudog
1040 4259 1073 4312 14
1092 4254 1347 4324 terraobpppl;
1364 4259 1457 4307 terram

317 4370 383 4410 coo
430 4355 462 4408 17
482 4352 646 4424 peruertitc
695 4353 731 4404 21
750 4354 855 4418 etsup.
876 4349 926 4403 lin.
943 4366 961 4418 p
1011 4347 1046 4400 28
1066 4345 1209 4415 obruptam
1229 4361 1258 4414 p;
1277 4347 1308 4398 ut
1327 4351 1459 4412 raptante
